2481 3678
283 204 373 250 29⁰
745 200 782 230 s.

280 289 559 340 fragmentorum
572 287 710 325 numeri
729 301 870 338 quoque
882 286 1155 336 accurationem,
1166 284 1263 335 quod

281 363 393 399 neque
411 349 493 400 plus
509 361 620 398 neque
630 348 748 385 minus
769 347 970 386 redundare
988 346 1179 396 curaverit,
1201 345 1263 383 sed

281 419 456 460 quantum
482 409 610 458 voluit,
639 408 734 459 quod
760 408 939 461 praesciret
965 418 1137 459 quantum
1166 407 1264 445 insu-

281 470 451 508 mendum
481 470 586 519 foret,
606 469 702 519 quod
742 469 934 507 ineffabilis
963 479 1036 507 crat
1069 467 1260 522 potestatis.

282 532 545 569 Consu-marum
579 531 700 580 itaque
723 531 919 581 fragmenta
938 539 1128 581 utrumque
1150 529 1260 568 mira-

280 592 414 641 culum,
437 600 470 629 et
487 591 683 643 probarunt
705 605 780 629 rem
804 605 873 629 non
901 605 974 630 esse
998 591 1259 644 imaginariam,

279 661 311 689 et
335 667 379 690 ex
411 652 455 689 iis
485 666 563 702 quae
595 652 818 690 comederant
846 653 1074 705 superfuisse.
1104 652 1262 690 Piscium

281 726 364 751 vero
410 712 622 751 miraculum
647 723 730 751 tunc
760 727 804 751 ex
826 713 994 765 subjectis
1023 713 1183 766 piscibus
1211 713 1262 749 fa-

278 781 375 810 ctum
399 783 471 811 est:
484 783 562 826 post
582 773 873 812 resurrectionem
898 788 999 824 vero,
1021 788 1089 812 non
1114 788 1159 811 ex
1176 773 1262 812 sub-

272 834 364 885 jecta
380 836 536 874 materia.
558 836 700 882 Quare?
721 837 769 874 Ut
788 835 903 873 discas
916 836 1034 887 ipsum
1045 835 1151 873 etiam
1168 849 1262 873 nunc

276 896 423 933 materia
443 911 547 935 usum
558 897 665 935 fuisse
676 913 686 947 3
701 912 770 935 non
791 895 889 946 quod
906 896 967 934 illa
981 905 1020 933 ut
1031 896 1261 933 fundamento

276 966 417 1008 egeret,
456 958 518 995 sed
561 967 600 995 ut
640 958 888 995 haereticorum
933 971 994 994 ora
1044 956 1256 994 obstrueret.

278 1019 340 1055 1-4.
370 1019 504 1056 Turba?
530 1028 655 1056 aulem
679 1020 871 1064 dicebant,
895 1019 995 1068 Quia
1010 1019 1072 1054 hic
1089 1026 1143 1054 est
1171 1031 1263 1053 vere

272 1081 472 1130 propheta.
487 1079 518 1116 Ο
537 1080 628 1130 gulas
640 1076 867 1116 aviditatem!
887 1079 1077 1114 Innumera
1103 1076 1264 1114 ediderat

274 1138 330 1175 his
340 1138 575 1188 mirabiliora,
593 1149 625 1176 et
637 1153 810 1188 nusquam
826 1137 892 1174 hoc
911 1136 1059 1174 confessi
1074 1145 1155 1173 sunt
1170 1166 1179 1184 ,
1195 1138 1262 1175 nisi

274 1212 355 1235 cum
375 1207 486 1235 essent
505 1199 712 1235 exsaturati.
729 1198 816 1235 Inde
836 1210 919 1247 ergo
935 1196 1047 1246 liquet
1067 1196 1161 1248 ipsos
1182 1212 1263 1249 pro-

274 1258 417 1310 phetam
425 1258 615 1308 quemdam
631 1258 805 1296 eximium
818 1256 1088 1309 exspectavisse.
1101 1257 1195 1294 Nam
1208 1257 1264 1296 illi

274 1319 453 1368 dicebaut,
474 1320 529 1357 Tu
542 1333 580 1356 es
597 1321 809 1371 propheta?
823 1317 863 1354 hi
885 1318 1070 1366 vero,Hic
1093 1325 1150 1356 est
1174 1332 1262 1370 pro-

271 1382 402 1432 pheta.
424 1381 486 1418 15.
507 1381 620 1418 Jesus
640 1388 782 1426 autem,
806 1392 893 1417 cum
911 1379 1147 1430 cognovisset
1168 1381 1262 1431 quia

273 1445 430 1481 venturi
444 1451 555 1480 erant
569 1451 610 1480 ut
626 1450 804 1493 raperent
820 1454 920 1487 eum,
936 1448 980 1492 et·
983 1440 1160 1491 facerent
1174 1454 1260 1478 eum

274 1518 413 1555 regem,
428 1505 580 1541 secessit
598 1505 737 1540 iterum,
749 1504 790 1538 in
803 1508 983 1538 montem.
999 1500 1117 1551 Papae,
1129 1510 1259 1550 quanta

274 1566 366 1616 gulae
379 1565 541 1617 tyrannis
555 1564 562 1603 ἶ
578 1573 710 1614 quanta
722 1562 931 1601 volubilitas
947 1560 1057 1601 animi
1072 1561 1080 1601 1
1104 1563 1182 1600 Non
1202 1563 1258 1600 ul-

274 1635 326 1663 tra
342 1627 456 1677 legem
477 1625 675 1674 vindicant,
692 1638 761 1661 non
777 1624 871 1661 ultra
883 1622 1057 1661 violatum
1070 1623 1259 1662 sabbatum

274 1697 411 1733 curant⁷
435 1700 503 1724 non
523 1687 617 1723 ultra
631 1685 699 1722 Dei
719 1685 791 1722 zelo
816 1693 1019 1734 moventur,
1043 1684 1104 1722 sed
1125 1685 1258 1737 repleto

274 1756 397 1785 ventre
415 1746 532 1784 omnia
548 1746 761 1797 abjecerunt.
774 1746 870 1782 Tum
882 1744 1055 1796 propheta
1070 1744 1168 1796 apud
1178 1745 1259 1783 illos

275 1818 363 1858 erat,
389 1817 422 1845 ct
446 1821 564 1858 regem
582 1815 681 1844 erant
703 1804 905 1843 coronaturi
927 1820 933 1840 :
954 1804 1117 1842 Christus
1140 1815 1260 1844 autem

99 1875 261 1911 Dignums
276 1869 379 1920 sugit.
402 1868 545 1917 Quare?
564 1870 614 1906 Ut
646 1881 709 1905 nos
728 1867 851 1904 doceat
870 1865 1085 1918 spernendas
1111 1880 1184 1905 esse
1201 1866 1258 1904 di-

74 1926 439 1984 flsslss’dajsffg]gnitates‚
471 1938 503 1967 et
522 1929 683 1967 ostendat
710 1943 745 1965 se
770 1927 868 1965 nulla
904 1941 948 1964 ex
978 1927 1125 1965 terrenis
1154 1929 1260 1966 rebus

75 2004 117 2024 «1-1
172 1998 259 2025 Clu-i-
276 2006 364 2043 opus
382 1991 525 2028 habere.
549 1991 641 2027 Nam
661 1989 724 2041 qui
742 1988 861 2027 omnia
879 1988 967 2026 vilia
992 1988 1110 2039 elegit,
1125 1998 1158 2026 et
1177 2003 1256 2028 ma-

73 2045 143 2066 ⁸¹²'⁵'
276 2062 379 2102 trem,
398 2061 430 2089 et
446 2051 607 2099 domum,
629 2051 769 2098 urbem,
792 2049 1049 2100 educationem,
1068 2050 1258 2089 vestimen-

276 2123 324 2163 ta,
344 2128 413 2150 non
430 2127 475 2150 ex
493 2112 640 2150 terrenis
661 2111 872 2163 conspicuus
892 2111 1035 2147 futurus
1058 2120 1143 2149 erat.
1167 2113 1260 2151 Nam

275 2174 424 2211 caelestia
445 2174 539 2211 clara
563 2186 760 2223 magnaque
775 2181 888 2221 erant,
908 2170 1040 2222 angeli,
1063 2173 1178 2221 stella,
1194 2174 1259 2211 Pa-

277 2245 326 2273 ter
356 2236 526 2285 clamans,
551 2234 707 2286 Spiritus
736 2233 941 2281 testificans,
969 2233 1150 2284 prophetae
1182 2235 1259 2286 jam

274 2296 360 2333 olim
392 2295 650 2347 praedicantes:
676 2293 713 2331 in
748 2303 839 2331 terra
873 2301 992 2331 autem
1019 2292 1108 2331 vilia
1140 2295 1258 2333 omnia

273 2365 385 2405 erant,
407 2365 445 2393 ut
467 2355 517 2393 sie
545 2356 620 2407 ejus
648 2363 802 2407 potestas
829 2353 942 2404 magis
971 2363 1166 2405 appareret.
1191 2356 1259 2395 Ve-

272 2416 325 2453 nit
353 2425 444 2453 certe
459 2430 522 2454 nos
541 2415 784 2464 instituturus,
806 2423 845 2451 ut
866 2423 1130 2452 contemnamus
1162 2430 1258 2467 prae-

272 2476 398 2523 sentia,
415 2491 527 2527 neque
544 2476 761 2514 admiremur
781 2489 821 2512 ea
834 2489 910 2524 quae
926 2475 959 2511 in
976 2474 1043 2512 hac
1057 2475 1132 2512 vita
1143 2475 1260 2527 splen-

274 2535 358 2572 dida
378 2535 563 2585 videntur3
582 2536 643 2573 sed
663 2550 702 2574 ea
721 2535 840 2573 omnia
869 2533 1096 2585 irrideamus,
1122 2535 1258 2574 futura-

276 2610 342 2646 que
374 2598 653 2634 a1n0n1us.Nan1
688 2595 750 2646 qui
776 2596 963 2647 praesentia
997 2595 1159 2645 miratur,
1189 2610 1258 2634 non

276 2655 465 2693 mirabitur
484 2671 522 2693 ea
545 2671 622 2706 quac
645 2657 681 2693 in
700 2655 796 2694 caelis
814 2665 906 2694 sunt.
932 2655 1015 2694 Ideo
1037 2655 1179 2695 dicebat
1197 2659 1258 2698 Pi—

214 2722 259 2751 18.
275 2717 345 2754 lato
367 2732 373 2752 :
396 2718 568 2767 Regnum
595 2731 719 2754 meum
737 2730 813 2753 non
843 2725 899 2754 est
918 2717 965 2754 de
989 2718 1061 2754 hoc
1091 2721 1256 2767 mundo,-

276 2791 319 2815 ne
344 2777 527 2815 videretur
560 2778 714 2815 humano
746 2786 839 2814 metu
866 2786 899 2814 et
929 2778 1086 2829 potentia
1112 2780 1159 2818 ad
1177 2794 1257 2832 per-

74 2845 166 2873 th.
181 2858 211 2884 μ.
229 2838 499 2884 1,,3113116111111111
518 2837 579 2874 uti.
601 2840 673 2875 Cur
702 2852 784 2889 ergo
803 2837 892 2875 dicit
924 2839 1099 2891 propheta
1122 2856 1129 2876 :
1156 2843 1259 2880 Ecce

273 2914 340 2936 rex
367 2908 452 2937 tuus
482 2901 589 2936 venit
619 2900 688 2935 tibi
719 2908 953 2947 mansuetus,
985 2901 1119 2940 sedens
1146 2915 1259 2953 super

272 2961 539 3013 subjugalem?
556 2959 623 2996 Hic
641 2959 686 2996 de
704 2973 812 3010 regno
840 2961 999 3010 loquitur
1019 2962 1165 3011 caelesti,
1187 2978 1256 3002 non

270 3022 315 3059 de
348 3031 495 3059 terreno.
528 3020 611 3058 Ideo
627 3035 770 3058 rursum
801 3021 966 3058 dicebat:

271 3086 425 3121 homine
439 3097 515 3120 non
532 3085 691 3133 accipio.

74 2724 167 2749 Jnrm.

77 2763 125 2791 ’ἀό-

300 3280 312 3293 ²¹
339 3269 398 3300 ΑῙὶὶ
417 3274 467 3302 τοῦ
485 3272 734 3312 neptunum-arog.

310 3322 324 3343 ἲ·
349 3319 463 3354 Morel.
482 3326 506 3354 oi
524 3321 571 3353 οὖν
588 3325 735 3364 ἅνθρωποι
753 3322 858 3355 ἰδόντες
875 3325 907 3352 τὸ
925 3327 1054 3360 σημεῖον,
1072 3324 1181 3361 ἔλεγον.

314 3385 323 3397 ⁸·
346 3375 394 3404 ltu
422 3372 536 3414 Savil.3
555 3371 667 3404 MoreI.
689 3375 730 3406 διὸ
756 3376 804 3404 καὶ
832 3375 927 3409 ἄλλως
954 3376 1068 3413 ελεγι-κ·
1090 3380 1162 3412 μήτι
1189 3373 1270 3409 οὗτος

821 200 1006 231 JOANNis
1041 198 1284 230 CHRYSOST.

1288 1018 1310 1047 B

998 3024 1176 3061 Gloriam
1205 3027 1255 3061 ab
1282 3036 1303 3064 15

1324 197 1525 227 ARCHIEP.
1565 197 1840 228 CONSTANTIN
1849 198 1921 229 ΟΡ.

1333 288 1417 324 ὃτοῦ
1443 283 1738 336 περισσεύματος,
1765 283 1819 323 ὅτι
1847 285 1923 322 οὔτε
1953 286 2069 323 πλεῖον
2105 282 2182 320 οὗτε
2211 281 2352 320 ἔλαττον

1335 344 1475 391 ἐποίησε
1496 348 1783 397 περισσευθῆναι,
1800 344 1889 383 ἀλλὰ
1903 347 2064 383 τοσοῦτον
2083 343 2160 382 ὅσον
2177 342 2354 389 ἔδούλετο,

1334 404 1501 469 προειόως
1522 405 1615 444 πόσα
1640 405 1895 444 ἀναλώσουσιν·
1915 405 2000 458 ὅπερ
2021 404 2152 457 ἀφάτου
2179 403 2356 454 δυνάμεως

1336 471 1388 513 ἠν.
1412 467 1619 505 Ἐπιστοῦτο
1640 465 1681 517 μὲ
1684 482 1701 503 ν
1717 470 1772 504 οὐν
1791 466 1835 504 τὰ
1852 466 2039 518 κλάσματα
2057 466 2097 504 τὸ
2111 465 2260 517 γεγονὸς,
2280 466 2353 514 ἀμ·-

1335 529 1470 580 φότερα
1476 527 1699 580 ἐμφαίνοντα,
1719 542 1779 565 και
1798 526 1897 565 ότιού
1913 526 2085 579 φαντασία
2103 542 2154 569 τις
2167 529 2208 571 ἠν
2228 523 2272 563 τὰ
2293 539 2354 575 γε-

1335 605 1528 640 γενηαενα,
1557 606 1616 627 και
1636 589 1687 627 ὅτι
1713 589 1746 633 ἐξ
1769 588 1906 627 ἐκείνων
1938 592 1980 634 ἠν
2003 592 2049 626 ὡν
2071 588 2281 641 ἐτράφησαν.
2305 585 2359 623 'lo

1334 652 1370 689 δὲ
1389 655 1458 689 τῶν
1482 650 1622 703 ἰχθύων,
1648 651 1726 689 τότε
1744 650 1805 701 μὲν
1829 649 2063 701 ὑποκειμένων
2085 648 2237 701 ἐγένετο·
2258 646 2356 686 ύστε-
2396 685 2401 690 ,

1336 728 1391 764 ρον
1410 712 1445 750 δὲ
1469 712 1557 763 μετὰ
1576 711 1638 757 τὴν
1661 711 1864 759 ἀνάστασιν,
1881 713 1941 749 οὐκ
1972 710 2023 748 ἔτι
2051 710 2084 754 ἐξ
2113 709 2197 756 ὕλης
2218 711 2357 747 ὑποκει-

1335 773 1451 823 μένης.
1468 773 1569 816 Τίνος
1589 772 1718 819 ἕνεκεν,
1738 770 1817 810 Ἵνα
1840 772 1952 823 μάθῃς
1967 771 2019 809 ὅτι
2046 771 2106 809 καὶ
2137 774 2194 808 νῦν
2216 773 2259 819 τῇ
2289 768 2353 820 ὕλη

1336 833 1521 885 ἐκέχρητο,
1545 836 1583 872 οὐ
1617 835 1659 871 δι’
1692 833 1837 878 ἔνδειαν,
1857 832 1933 871 οὐδὲ
1957 832 2115 883 δεόμενος
2138 830 2358 883 ὑποὸάθρας,

1335 896 1411 932 ἀλλ’
1434 894 1522 933 ὥστε
1542 895 1587 933 τὰ
1605 898 1673 932 τῶν
1697 897 1878 947 αἱρετικῶν
1898 893 2070 947 ἐμφράξαι
2093 890 2294 943 στόματα.“’
2308 893 2356 929 Οἱ

1335 955 1370 993 δὲ
1389 956 1487 1007 ὄχλοι
1509 955 1637 1008 ἔλεγον,
1662 955 1715 994 ὅτι
1735 950 1831 999 οῧτός
1847 958 1938 994 ἐστιν
1965 958 2100 1002 ἀληθῶς
2122 959 2139 993 ὃ
2160 953 2357 1006 προφήτης.

1334 1015 1382 1054 Ὢ
1398 1017 1676 1069 γαστριμαργίας
1690 1016 1884 1069 ὓπερὸολή·
1903 1016 2010 1068 μυρία
2029 1016 2156 1054 τούτων
2175 1015 2360 1067 εἰργάσατο

1335 1078 1622 1130 θαυμαστότερα,
1643 1077 1703 1115 καὶ
1722 1079 1873 1128 οὐδαμοῦ
1893 1083 1993 1116 τοῦτο
2019 1077 2262 1128 ὡμολόγησαν,
2283 1076 2358 1113 ἀλλ’

1336 1137 1391 1175 ὅτε
1409 1137 1684 1183 ἐνεπλήσΟησαν.
1707 1136 1793 1190 Ἄρα
1813 1141 1851 1176 ἐκ
1872 1138 1991 1177 τούτου
2015 1139 2129 1185 δῆλον,
2150 1137 2203 1176 ὅτι
2225 1136 2358 1189 προφή-

1336 1215 1398 1245 την
1418 1198 1496 1236 τινὰ
1514 1198 1734 1251 προσεδόκων
1753 1197 1936 1251 ἐξαίρετον.
1955 1204 1968 1219 ⁰
1981 1199 2049 1237 Καὶ
2063 1198 2130 1250 γὰρ
2147 1202 2270 1236 ἐκεῖνοι
2285 1197 2359 1235 ἔλε-

1337 1275 1416 1311 γον·
1440 1258 1490 1297 Σὺ
1522 1253 1553 1297 εἷ
1575 1262 1592 1297 ὃ
1623 1258 1820 1312 προφήτης,
1849 1259 1908 1297 καὶ
1943 1254 2055 1298 οῦτοι·
2078 1254 2190 1303 Οῧτός
2215 1261 2306 1297 ἐστιν
2342 1263 2360 1296 ὁ

1336 1320 1527 1373 προφήτης.
1549 1319 1593 1359 ‘O
1611 1325 1690 1372 γοῦν
1716 1319 1869 1368 Ἰησοῦς,
1891 1320 1989 1372 γνοὺς
2016 1319 2068 1358 ὅτι
2089 1319 2270 1371 μέλλουσιν
2297 1319 2357 1373 ἕρ-

1334 1386 1458 1434 χεσΟαι
1469 1381 1528 1420 καὶ
1543 1382 1708 1435 ἁρπάζειν
1729 1381 1843 1429 αὐτὸν,
1860 1380 1916 1419 ἵνα
1928 1381 2122 1428 ποιήσωσιν
2140 1381 2241 1419 αὐτὸν
2262 1383 2359 1431 βασι-

1334 1443 1414 1491 λέα,
1435 1442 1654 1496 ἀνεχώρησεν
1676 1445 1724 1486 εἷς
1737 1442 1777 1480 τὸ
1792 1442 1879 1495 ὅρος.
1900 1443 2016 1480 Bagou
2032 1442 2123 1488 πόση
2140 1445 2201 1488 τῆς
2220 1457 2360 1495 γαστρι-

1335 1504 1485 1557 μαργίας
1501 1507 1524 1550 ἧ
1543 1503 1718 1557 τυραννίς·
1738 1503 1829 1549 πόση
1846 1506 1908 1548 τῆς
1922 1502 2063 1554 γνώμης
2080 1507 2101 1549 ἡ
2121 1502 2259 1540 εὐκολία
2272 1518 2279 1525 ·
2299 1504 2360 1540 οὐκ

1333 1563 1383 1602 ἔτι
1403 1566 1516 1607 αὐτοις
1531 1580 1592 1610 της
1607 1569 1665 1602 τοῦ
1682 1562 1894 1602 σαὸὅάτουά
1905 1563 2140 1616 παραδάσεως
2162 1562 2278 1613 μέλει·
2298 1564 2361 1601 οὐκ

1333 1626 1383 1664 ἔτι
1409 1628 1566 1673 ζηλοῦσιν
1601 1642 1688 1678 υπερ
1706 1627 1817 1670 Θεοῦ,
1842 1624 1932 1663 ἀλλὰ
1964 1625 2084 1663 πάντα
2116 1623 2277 1677 ἔρριπτο,
2298 1627 2361 1669 τ’ῆς

1333 1702 1480 1739 γαστρος
1502 1689 1615 1729 αὐτοῖς
1641 1685 1911 1737 ἐμπλησθείσης.
1929 1686 1999 1723 Και
2020 1684 2201 1737 προφήτης
2221 1688 2262 1731 ἠν
2278 1701 2350 1737 παρ

1333 1750 1464 1795 αὐτοῖς,
1484 1763 1543 1785 και
1567 1746 1714 1798 βασιλέα
1739 1761 1945 1798 χειροτονειν
1969 1745 2125 1795 ἔμελλον
2154 1747 2171 1781 ὁ
2202 1744 2237 1783 δὲ
2266 1746 2358 1798 Χρι-

1333 1808 1409 1850 στὸς
1428 1807 1554 1860 φεύγει.
1573 1807 1619 1845 Τί
1643 1806 1790 1853 δήποτε,
1814 1806 1995 1844 Παιδεύων
2024 1811 2118 1856 ἡμᾶς
2136 1809 2205 1844 τῶν
2236 1821 2361 1857 κοσμι-

1332 1872 1401 1907 κῶν
1422 1875 1650 1922 καταφρονεῖν
1675 1867 1898 1919 ἀξιωμάτων,
1919 1868 1979 1906 καὶ
2005 1867 2137 1911 δεικνὺς
2158 1868 2211 1907 ὅτι
2229 1868 2361 1912 οὐδενὸς

1333 1932 1440 1968 δεῖται
1461 1933 1529 1968 τῶν
1548 1931 1604 1968 ἐπὶ
1621 1934 1696 1981 γῆς.
1711 1929 1755 1967 tO
1775 1929 1843 1983 γὰρ
1861 1929 1977 1968 πάντα
1994 1931 2112 1976 εὐτελῆ
2133 1932 2146 1948 ⁶
2162 1929 2362 1980 ἐπιλεξάμε-

1331 2008 1385 2035 νος
1400 2023 1410 2040 ,
1424 1992 1484 2030 καὶ
1499 1992 1632 2044 μητέρα
1645 2022 1654 2039 ,
1666 1992 1726 2029 καὶ
1744 1991 1868 2039 οἰκίαν,
1882 1991 1941 2029 καὶ
1955 1991 2136 2038 πόλιν,καὶ
2151 1990 2359 2044 ἀνατροφὴν,

1333 2053 1392 2092 καὶ
1412 2053 1560 2105 ἱματίων
1582 2052 1720 2100 στολὴν,
1736 2054 1799 2091 οὐκ
1827 2054 1969 2104 ἔμελλεν
1990 2051 2130 2105 ὕστερον
2152 2052 2220 2090 ἀπὸ
2239 2055 2307 2090 τῶν
2325 2055 2358 2090 ἐν

1332 2119 1375 2167 τῇ
1392 2119 1435 2167 γῇ
1454 2115 1646 2167 φαίνεσθαι.
1667 2114 1725 2153 Τὰ
1747 2115 1808 2165 μὲν
1829 2115 1896 2168 γὰρ
1914 2115 1982 2153 ἀπὸ
2000 2117 2067 2151 τῶν
2089 2116 2255 2166 οὐρανῶν,
2269 2115 2359 2164 λαμ-

1333 2177 1405 2228 πρά
1423 2193 1460 2214 τε
1488 2171 1529 2222 ἦν
1560 2175 1619 2213 καὶ
1643 2175 1779 2226 μεγάλα
1794 2205 1803 2223 ,
1838 2174 1977 2227 ἄγγελοί
2007 2191 2044 2212 τε
2066 2173 2125 2212 καὶ
2145 2173 2269 2227 ἀστὴρ,
2300 2173 2359 2211 καὶ

1334 2236 1458 2288 Πατὴρ
1481 2238 1582 2287 βοῶν,
1603 2236 1661 2273 καὶ
1678 2237 1824 2286 Πνεῦμα
1857 2240 2064 2288 μαρτυροῦν,
2094 2235 2154 2272 καὶ
2180 2237 2358 2286 προφῆται

1332 2297 1508 2350 πόῤῥωΟεν
1528 2295 1822 2348 ἀνακηρύττοντες
1837 2313 1844 2320 ·
1870 2295 1964 2334 τὰδὲ
1981 2298 2013 2333 ἐν
2036 2298 2078 2346 τῇ
2097 2298 2141 2346 γῇ
2165 2295 2278 2333 πάντα
2299 2298 2357 2333 εὐ-

1333 2360 1437 2406 τελῆ,
1465 2356 1521 2395 ἵνα
1541 2357 1600 2394 καὶ
1631 2356 1721 2395 οὕτω
1752 2357 1916 2408 μειζόνως
1949 2360 1970 2403 ἡ
2007 2355 2149 2406 δύναμις
2177 2355 2356 2407 φαίνηται.

1332 2412 1444 2457 ὟΗλΟε
1461 2418 1496 2458 δὲ
1519 2419 1578 2456 καὶ
1604 2417 1776 2456 παιδεύων
1809 2421 1904 2468 ἡμᾶς
1934 2422 2162 2469 καταφρονεῖν
2195 2419 2263 2454 τῶν
2298 2419 2355 2454 ἐν·

1332 2484 1461 2526 ταῦΟα,
1490 2480 1549 2517 καὶ
1579 2480 1740 2530 μηδαμοῦ
1768 2478 1954 2526 τεθηπέναι
1987 2476 2075 2528 μηδὲ
2103 2477 2357 2524 ἐκπλήττεσθαι

1332 2539 1376 2578 τὰ
1394 2544 1452 2578 τοῦ
1471 2540 1546 2591 βίου
1565 2539 1713 2592 λαμπρὰ
1728 2571 1737 2585 ,
1763 2538 1851 2577 ἀλλὰ
1874 2540 2070 2590 καταγελᾷν
2095 2538 2256 2576 ἁπάντων
2282 2538 2357 2576 τού-

1331 2616 1412 2648 των,
1432 2600 1578 2638 καὶτῶν
1615 2599 1811 2650 μελλόντων
1838 2602 1930 2652 ἐρᾷν.
1964 2598 2008 2637 ‘O
2041 2597 2109 2652 γὰρ
2139 2596 2183 2635 τὰ
2210 2600 2355 2636 ἐνταῦθα

1331 2662 1530 2713 θαυμάζων,
1552 2663 1589 2699 οὐ
1611 2661 1828 2711 θαυμάσεται
1861 2660 1905 2698 τὰ
1934 2661 1967 2697 ἐν
1994 2664 2066 2703 τοῖς
2097 2662 2261 2711 οὐρανοῖς.
2286 2656 2359 2697 Διὰ’

1330 2727 1429 2760 τοῦτο
1448 2721 1508 2760 καὶ
1529 2723 1579 2774 τῷ
1610 2721 1757 2773 Πιλάτῳ
1789 2720 1923 2772 ἔλεγεν·
1946 2719 1991 2758 ‘H
2013 2719 2080 2770 ἐμὴ
2105 2719 2265 2770 βασιλεία
2294 2721 2354 2757 οὐκ

1331 2783 1422 2820 ἔστιν
1443 2783 1607 2820 ἐντεῦθεν·
1625 2779 1681 2818 ἵνα
1706 2780 1754 2831 μὴ
1780 2780 1857 2832 δόξῃ
1879 2781 1999 2819 λοιπὸν
2021 2779 2225 2832 ἀνθρωπίνῳ
2256 2779 2353 2832 φόὸῳ

1331 2843 1390 2883 καὶ
1421 2841 1603 2894 δυναστεία
1622 2841 1706 2893 πρὸς
1734 2841 1773 2878 τὸ
1800 2841 1928 2878 πείθειν
1962 2843 2235 2892 ἀποκεχρῆσθαι.
2270 2841 2353 2882 Πῶς

1330 2899 1386 2942 οὐν
1403 2897 1496 2941 εἶπεν
1522 2906 1540 2940 ὁ
1559 2901 1756 2955 προφήτης·
1774 2900 1863 2939 Ἰδοὺ
1896 2905 1913 2939 ὁ
1941 2900 2100 2951 βασιλεύς
2129 2916 2188 2938 σου
2213 2900 2354 2953 ἔρχεταί

1330 2981 1383 3003 σοι
1404 2962 1532 3017 πραῢς,
1554 2963 1614 3000 καὶ
1633 2961 1852 3008 ἐπιὸεὸηκὼς
1880 2961 1936 2999 ἐπὶ
1957 2961 2158 3012 ὑποζύγιον;
2177 2960 2264 2999 (Ότι
2289 2963 2352 3011 βα-

1327 3025 1460 3064 σιλείαν
1477 3023 1608 3070 ἐκείνην
1631 3022 1724 3074 λέγει
1740 3053 1750 3070 ,
1769 3022 1830 3069 τὴν
1850 3025 1883 3060 ἐν
1899 3029 1970 3066 τοῖς
1987 3025 2159 3074 οὐρανοῖς,
2177 3023 2252 3059 ἀλλ’
2271 3022 2351 3072 οὐχὶ

1328 3087 1470 3131 ταύτην.
1496 3084 1564 3123 Διὰ
1582 3084 1623 3131 δὴ
1641 3089 1740 3122 τοῦτο
1759 3084 1864 3122 πάλιν
1884 3084 2002 3135 ἔλεγε·
2025 3083 2135 3127 Δόξαν
2163 3082 2259 3134 παρὰ
2288 3085 2349 3119 ἀν-

1330 3147 1468 3200 θρώπου
1486 3149 1523 3185 οὐ
1536 3145 1720 3196 λαμέάνω.

1340 3277 1414 3305 ἐστιν
1428 3275 1442 3304 ὁ
1459 3286 1511 3315 πρ.

1382 3321 1393 3339 ¹¹
1419 3319 1519 3353 Savil.
1540 3322 1744 3364 παραλύσεως.

1382 3379 1391 3391 ‘
1417 3371 1561 3414 Quidam
1580 3374 1803 3413 ἐπιδειξάμενος.
