2481 3678
78 503 188 531 1.Pet.
209 501 240 530 3.

78 553 123 573 1).

76 686 139 715 Col.
157 687 187 716 3.
211 688 246 717 16

76 859 254 895 Prov.10.9.

78 1298 218 1327 Valtha

77 1340 120 1368 16.

280 232 293 257 1
314 214 365 258 ιδ
711 228 749 258 s.
786 227 972 257 somnis
1008 224 1251 257 cunrsosr.

1291 223 1499 253 Annium).

1538 224 1624 254 CON
1632 224 1740 255 STAN
1748 225 1818 254 TIN
1827 226 1882 254 ΟΡ
1891 245 1900 255 .

271 323 358 347 rem.
376 309 468 347 Nam
491 308 520 346 si
539 308 605 359 illi,
627 318 666 346 ut
686 322 749 346 nos
765 308 1031 360 impugnarent,
1050 307 1099 345 ita
1124 305 1261 356 advigi-
1283 319 1309 349 D
1331 304 1390 342 καὶ
1416 306 1478 350 τῆς
1508 306 1639 352 πολλῆς
1664 305 1805 349 νωθείας
1839 306 2034 358 ἀπήγαγον.
2073 308 2116 344 Εἰ
2137 306 2204 358 γὰρ
2231 310 2353 345 ἐκεῖνοι

270 369 404 419 larunt,
418 383 488 420 qua
506 369 638 407 erimus
648 369 748 420 digni
763 370 864 408 venia
872 399 882 418 ,
901 369 929 407 si
947 369 1045 406 illata
1065 377 1187 406 eontra
1201 378 1263 403 nos

271 430 339 468 tela
358 431 563 483 propulsare
578 430 800 468 nesciamus?
817 431 896 476 Qua
915 429 959 467 de
974 444 1078 467 causa
1099 425 1262 481 producti

272 492 419 529 sumus?
441 493 518 529 Non
544 491 647 529 audis
671 490 874 543 apostolum
901 489 1077 528 dicentem
1097 505 1104 525 :
1124 489 1262 526 Parati

272 561 391 590 estote
415 554 470 590 ad
478 553 739 606 defensionem
752 553 855 590 omni
870 553 980 589 vobis
994 553 1183 589 rationem
1197 562 1260 586 ex-

271 615 439 664 poscenti
457 615 539 664 ejus
553 627 638 664 qnoe
654 615 695 649 in
708 614 820 650 vobis
835 620 891 649 est
905 613 995 663 spei.
1020 611 1153 649 Paulus
1173 625 1261 661 quo—

273 688 341 724 que
360 674 481 712 eadem
508 675 620 711 utitur
641 672 906 711 admonitione:
923 674 1090 711 Verbum
1119 673 1263 711 Christi

271 738 460 775 inhabitet
476 740 518 774 in
531 737 643 774 vobis
663 736 918 773 abundanter
933 734 1004 773 Sed
1020 733 1106 785 quid
1125 733 1171 771 1d
1188 734 1263 772 haec

270 795 394 834 dicunt
429 796 590 834 homines
627 795 718 834 fucis
753 794 1039 847 insipientiores?
1074 793 1262 832 benedicta

270 858 384 896 omnis
398 857 518 895 anima
532 857 702 909 simplex·
715 866 762 906 et,
785 858 859 906 Qui
879 857 1054 894 ccrnbnlat
1074 858 1120 894 si.
1123 857 1261 906 npliei-

1332 365 1407 416 μὲν,
1422 364 1512 403 ὥστε
1532 366 1609 403 καθ’
1620 369 1721 417 ἡμῶν
1737 369 1857 415 εἰπεῖν,
1879 370 2031 406 τοσαῦτα
2050 366 2288 419 ἠγρύπνησαν,
2302 367 2354 405 τί-

1330 442 1385 469 νος
1405 426 1443 464 ἃν
1477 425 1597 477 εἴημεν
1631 426 1838 478 συγγνώμης
1869 431 1970 478 ἡμεῖς
2005 427 2111 476 ἄξιοι,
2135 430 2164 466 εἰ
2187 427 2274 478 μηδὲ
2294 427 2355 471 τὰς

1329 486 1527 538 προσὸολὰς
1560 486 1622 531 τὰς
1651 489 1727 525 καθ’
1759 490 1860 538 ἡμῶν
1891 488 2053 539 εἰσόμεθα
2083 488 2355 541 ἀποκρούεσθαι,

1330 547 1433 592 Τίνος
1462 547 1496 585 δὲ
1529 548 1643 586 ἕνεκεν
1666 548 1724 586 καὶ
1745 548 1996 601 παρήχθημεν;
2027 551 2104 587 Οὐκ
2138 549 2271 592 ἀκούεις
2297 552 2357 587 τοῦ

1331 608 1523 648 ἀποστόλου
1538 609 1711 661 λέγοντος·
1731 609 1895 661 ἽΞτοιμοι
1911 609 2043 662 γίνεσθε
2059 611 2144 664 πρὸς
2167 609 2355 662 ἀπολογίαν

1328 670 1434 708 παντὶ
1450 672 1498 722 τῷ
1522 672 1672 709 αἰτοῦντι
1693 675 1781 722 ὑμᾶς
1797 670 1898 723 λόγον
1913 670 1994 724 περὶ
2009 673 2069 717 τῆς
2086 673 2119 709 ἐν
2137 674 2219 722 ὑμῖν
2236 669 2357 709 ᾱέλπί-

1330 732 1396 775 δος.
1420 731 1490 770 Καὶ
1520 735 1536 770 ὁ
1565 733 1707 776 Παῦλος
1729 732 1764 772 δὲ
1784 731 1827 769 τὰ
1862 732 1948 770 αὐτὰ
1983 738 2146 783 παραινεῖ
2164 731 2274 783 λέγων
2289 747 2296 755 ·
2313 731 2357 770 Ὁ

1329 792 1429 845 λόγος
1449 796 1509 831 τοῦ
1532 795 1689 846 Χριστοῦ
1711 793 1886 832 ἐνοικείτω
1906 795 1940 831 ἓν
1956 797 2036 844 ὑμῖν
2058 793 2242 837 πλουσίως.
2254 792 2358 831 Ἀλλὰ

1332 853 1365 891 τί
1381 869 1464 905 φασι
1486 853 1571 905 πρὸς
1599 858 1708 892 ταῦτα
1728 856 1759 892 οἱ
1780 854 1965 906 θκηφήνων
1990 852 2216 906 ἀλογώτεροι,
2246 851 2357 904 ΨὊχὴ

270 926 338 967 ter,
350 919 525 956 ambalat
536 918 785 969 confidenter.
802 917 880 955 Hoc
893 917 1024 969 quippe
1036 926 1087 955 est
1102 917 1264 955 omnium
1284 926 1309 957 E
1333 915 1547 966 εὐλογημένη
1579 922 1677 954 πᾶσα
1694 916 1787 961 ἁπλῆ
1799 930 1806 937 ·
1823 915 1903 963 καὶ,
1923 914 1967 954 Ὁ
1988 914 2214 968 πορευόμενος
2229 914 2359 960 ἁπλῶς,

271 994 373 1018 causa
405 981 595 1028 malorum,
627 979 724 1030 quod
751 980 1018 1031 Scripturarum
1050 978 1264 1017 testimoniis

271 1051 468 1093 opportune
501 1042 553 1079 uti
587 1041 693 1079 multi
721 1041 888 1078 nesciant.
921 1042 1044 1091 Neque
1077 1040 1172 1078 enim
1205 1040 1264 1078 hie

269 1102 496 1154 insipientem
523 1102 704 1152 intelligit,
734 1115 848 1151 neque
877 1101 1044 1151 ignarum
1076 1101 1140 1151 qui
1171 1100 1264 1138 nihil

271 1163 372 1213 sciat,
408 1163 470 1201 sed
495 1177 577 1200 eum
605 1162 665 1213 qui
694 1176 757 1199 nec
784 1161 983 1212 imp1·‚0bus
1016 1175 1079 1198 nec
1102 1170 1264 1198 versutus

271 1224 330 1271 sit,
353 1223 415 1261 sed
432 1238 476 1275 pl
480 1223 599 1260 ndens
627 1223 718 1260 Nam
737 1222 767 1258 si
783 1235 838 1258 res
857 1221 906 1257 ita
925 1229 1027 1268 esset,
1049 1221 1182 1258 f1··usua
1199 1221 1261 1258 di-

226 1293 406 1326 oeeietur

271 1345 461 1396 simplices
487 1346 586 1382 sient
617 1343 815 1381 columine.
851 1340 921 1380 Sed
948 1341 1036 1393 quid
1067 1342 1141 1381 haec
1170 1343 1263 1381 ultra

270 1420 534 1457 persequamur,
554 1404 601 1442 ad
621 1404 713 1442 nihil
732 1404 947 1456 profutura?
967 1405 1097 1441 Praeter
1114 1418 1152 1441 ea
1169 1404 1264 1441 enim

270 1481 348 1516 qua}
363 1467 440 1518 jam
460 1465 555 1504 dieta
574 1475 671 1513 sunt,
692 1465 761 1502 alia
779 1479 918 1515 quoque
932 1464 978 1502 ad
995 1479 1110 1502 mores
1129 1473 1162 1502 et
1179 1464 1263 1503 vitae

271 1528 474 1565 institutum
505 1526 699 1579 spectantia
718 1526 809 1564 male
825 1535 995 1577 geruntur
1016 1540 1035 1563 a
1055 1526 1169 1563 nobis.
1191 1527 1262 1565 Ve-

272 1605 353 1627 rum
375 1589 532 1640 undique
550 1588 690 1637 miseri,
709 1587 866 1637 undique
887 1587 1033 1625 ridiculi
1058 1601 1204 1635 sumus;
1224 1601 1264 1624 ac

273 1665 409 1703 semper
423 1649 537 1702 parati
556 1648 602 1686 ad
622 1649 710 1687 alios
729 1648 984 1699 coarguendos,
1003 1661 1124 1697 segnes
1141 1662 1266 1685 sumus

273 1713 318 1750 ad
357 1728 396 1750 ea
428 1711 635 1762 corrigenda
667 1724 744 1761 quae
780 1710 815 1747 in
853 1709 956 1747 nobis
989 1709 1263 1760 redarguuntur.

274 1774 528 1823 Quamobrem,
545 1773 703 1821 obsecro,
714 1771 815 1809 nobis
831 1770 970 1808 tandem
981 1771 1208 1821 attendentes,
1223 1785 1267 1809 ne

275 1835 311 1872 in
342 1835 612 1887 reprehensione
639 1832 789 1884 gradum
816 1831 993 1869 sistamus.
1020 1832 1142 1882 Neque
1173 1832 1268 1870 enim

276 1897 343 1933 hoc
374 1905 425 1933 est
461 1895 506 1933 ad
538 1898 655 1933 Deum
684 1892 901 1946 placandum
929 1891 1015 1930 satis
1025 1907 1035 1940 ;
1070 1891 1131 1929 sed
1162 1892 1269 1930 etiam

275 1957 449 2009 optimam
479 1957 515 1994 in
542 1956 709 1994 omnibus
734 1952 968 1991 mutationem
996 1953 1165 1990 exhibere
1190 1962 1267 1991 stu<
1290 1969 1313 1998 ’Β

275 2017 440 2066 deamus,
462 2026 501 2054 ut
520 2016 566 2054 ad
587 2015 736 2067 gloriam
757 2014 822 2052 Dei
843 2014 956 2053 vitam
974 2022 1129 2064 agentes,
1150 2023 1184 2051 et
1201 2014 1269 2066 ipsi

277 2079 395 2115 sutura
425 2077 538 2128 gloria
563 2077 742 2124 fruamur3
762 2089 871 2125 quam
897 2088 959 2112 nos
988 2088 1108 2112 omnes
1133 2075 1271 2125 assequi

279 2137 474 2187 contingat,
511 2137 624 2187 gratia
656 2145 689 2174 et
723 2135 941 2186 benignitate
977 2134 1123 2172 Domini
1160 2135 1271 2172 nostri

279 2200 363 2236 ‚lesu
393 2197 545 2246 Christi,
575 2196 632 2235 cui
662 2195 775 2247 gloria
802 2204 836 2233 et
868 2194 1059 2246 imperium
1086 2195 1123 2232 in
1144 2195 1271 2233 saecula

283 2258 508 2296 saeculorum.
539 2259 662 2294 Amen.

284 2399 349 2434 γοῦν
372 2395 449 2436 ὑμᾶς
466 2395 649 2434 ὃιανέστησα,
668 2397 717 2426 καὶ
735 2399 787 2430 τῆς
809 2395 921 2430 πολλῆς
937 2397 1055 2430 νωθείας
1068 2398 1232 2435 ἀπήγαγον.
1249 2394 1289 2424 In

283 2443 351 2475 hoec
382 2443 480 2476 xerba
503 2441 608 2486 probe
637 2450 732 2475 notat
759 2442 917 2485 savinus,
943 2449 989 2478 ἵνα
1015 2443 1065 2476 bis
1092 2444 1144 2476 hic
1174 2452 1292 2476 contra

284 2496 507 2537 grammaticae
531 2496 692 2527 rationein
716 2506 792 2526 cum
815 2493 997 2528 indicativo
1020 2496 1185 2539 conjungi.
1201 2495 1294 2528 Infra

285 2545 353 2577 lnce
373 2546 485 2585 verba,
502 2552 576 2584 τίνος
603 2550 632 2580 δὲ
658 2551 752 2580 ἕνεκεν
774 2552 985 2592 παρήχθημεν,
1002 2559 1067 2579 uon
1092 2546 1177 2579 lecta
1201 2547 1298 2580 fuisse

286 2597 438 2629 sidentur
458 2598 500 2629 ab
518 2600 715 2641 Interprete.

330 2650 347 2673 <¹
364 2649 477 2683 Morel.
495 2654 620 2688 ἐλπίδος.
637 2655 773 2694 ἀλλαχοῦ
790 2653 819 2684 δὲ
836 2654 943 2694 ὁμοίως
956 2658 994 2686 τὰ
1008 2656 1096 2693 αὐτά,
1109 2653 1205 2686 male.
1221 2654 1297 2696 [Su-

287 2713 345 2743 pra
363 2701 464 2734 Savil.
483 2710 516 2733 et
532 2702 617 2736 Cod.
637 2705 700 2735 705
722 2709 834 2747 ἕτοιμοι
853 2705 978 2746 ἐ’σεσθε.]

331 2761 342 2774 ⁰
361 2763 492 2800 κηφήνων
509 2759 700 2801 ἀλογώτεροι,
719 2757 765 2789 sic
783 2767 897 2789 omnes
910 2768 994 2799 pene
1011 2758 1087 2790 MSS.
1108 2765 1141 2790 et
1158 2759 1204 2791 ita
1218 2756 1299 2801 legit

432 1285 596 1321 :Estote
623 1283 831 1332 prudentes
864 1290 962 1319 slent
990 1290 1196 1332 serpentes,
1225 1291 1261 1319 et
1272 1255 1320 1321 123
1331 1285 1431 1318 τοῦτο
1451 1284 1506 1328 ἠν,
1526 1280 1685 1332 περιττὸν
1705 1283 1746 1326 ἠν
1773 1279 1930 1327 ἀκούειν,
1962 1281 1991 1318 l
1997 1279 2104 1318 ίνεσθε
2126 1280 2286 1332 φρόνιμοι
2317 1283 2364 1323 ὡς

1333 976 1518 1028 πορεύεται
1552 976 1737 1021 πεποιθώς.
1758 978 1871 1016 Τοῦτο
1902 976 1970 1029 γὰρ
1989 975 2127 1014 πάντων
2157 974 2264 1013 αἴτιον
2291 977 2359 1012 τῶν

1331 1041 1465 1085 κακῶν,
1487 1038 1539 1076 ὅτι
1561 1038 1636 1077 οὐδὲ
1665 1037 1727 1083 τὰς
1751 1037 1942 1092 μαρτυρίας
1960 1041 2028 1076 τῶν
2053 1039 2200 1090 Γραφῶν
2221 1035 2305 1089 πρὸς
2323 1035 2362 1073 τὸ

1332 1098 1405 1137 δέον
1426 1098 1631 1137 ἐπίστανται
1647 1099 1818 1151 παράγειν
1837 1102 1867 1138 οἱ
1880 1097 2013 1137 πολλοί.
2030 1100 2083 1136 Οὐ
2098 1096 2165 1151 γὰρ
2180 1097 2236 1135 τὸν
2259 1095 2361 1143 ἀνόη-

1331 1174 1388 1196 τον
1418 1161 1564 1197 ἐνταῦθα
1594 1158 1708 1210 λέγει,
1730 1159 1804 1198 οὐδε
1827 1176 1884 1198 τον
1905 1158 1999 1198 οὐδὲν
2021 1158 2156 1206 εἰδότα,
2188 1157 2277 1196 ἀλλὰ
2303 1158 2360 1195 τὸν

1335 1218 1522 1270 ἀπόνηρον,
1549 1219 1605 1256 τὸν
1628 1219 1676 1269 μὴ
1700 1225 1903 1272 κακοῦργον,
1923 1220 1979 1257 τὸν
2008 1219 2158 1257 συνετόν.
2180 1217 2327 1257 Emis
2334 1219 2363 1255 εἰ

1331 1344 1362 1380 οἱ
1391 1341 1500 1394 ὄφεις,
1530 1341 1590 1379 καὶ
1625 1340 1782 1394 ἀκέραιοι
1817 1343 1863 1385 ὡς
1897 1343 1932 1379 αἱ
1964 1340 2177 1393 περιστεραί.
2198 1339 2303 1379 Ἀλλὰ
2330 1339 2364 1379 τί

1329 1408 1439 1441 ταῦτα
1459 1402 1528 1456 χρὴ
1555 1402 1681 1455 λέγειν,
1702 1405 1749 1446 εἰς
1770 1402 1864 1441 οὐδὲν
1897 1402 1970 1440 δέον
1994 1405 2215 1446 ἀπαντῶντος
2245 1401 2364 1440 τούτου

1330 1469 1389 1503 τοῦ
1407 1465 1530 1516 λόγου;
1553 1465 1647 1517 Πρὸς
1679 1463 1747 1516 γὰρ
1783 1469 1853 1507 τοῖς
1887 1463 2100 1516 εἰρημένοις,
2117 1462 2192 1501 οὐδὲ
2210 1462 2254 1500 τὰ
2275 1462 2365 1501 ἄλλα

1331 1528 1416 1575 ἡμῖν
1437 1523 1678 1578 κατώρθωται,
1701 1523 1745 1562 τὰ
1766 1528 1825 1563 τοῦ
1859 1523 1933 1575 βίου
1955 1524 2014 1561 καὶ
2041 1527 2104 1570 τῆς
2136 1525 2226 1570 ζωῆς
2252 1523 2364 1575 λέγω,

1333 1584 1424 1623 ἀλλὰ
1443 1585 1608 1623 παντοθεν
1632 1585 1744 1623 ἄθλιοι
1780 1584 1839 1623 καὶ
1872 1583 2126 1636 καταγέλαστοί
2159 1587 2284 1635 ἐσμεν,
2305 1584 2365 1622 καὶ

1335 1647 1510 1683 αἰτιᾶσθαι
1532 1645 1593 1696 μὲν
1618 1646 1821 1693 ἀλλήλους
1803 1645 1855 1683 αεὶ
1870 1645 2071 1698 πρόχειροι,
2098 1646 2348 1696 διορθοῦσθαι
2330 1643 2364 1682 οὲ

1333 1708 1384 1758 ἐίρ
1407 1709 1456 1749 οἷς
1475 1706 1667 1757 αἰτιωμεθα
1686 1707 1745 1744 καὶ
1774 1706 1967 1758 εγκαλούυ.
1954 1710 2014 1743 εθα
2036 1705 2188 1758 ὀκνηροί.
2209 1706 2273 1743 Διο
2289 1722 2362 1743 πα-

1337 1767 1519 1819 ρακαλω*
1532 1770 1580 1817 ὑμ
1583 1784 1639 1815 ας,
1671 1772 1727 1805 νῦν
1764 1772 1842 1818 γοῦν
1878 1769 1979 1817 ἡμῶν
2007 1768 2118 1804 αὐτων
2138 1765 2339 1817 γενομένους
2354 1795 2363 1813 ,

1336 1828 1384 1880 μὴ
1407 1828 1512 1882 μέχρι
1531 1832 1593 1875 τῆς
1614 1827 1826 1881 κατηγορίας
1841 1827 2004 1866 ἵστασθαι
2025 1827 2125 1878 μόνον
2139 1843 2146 1850 ·
2163 1829 2199 1864 οὐ
2216 1826 2283 1879 γὰρ
2304 1830 2363 1880 ἀρ-

1335 1897 1389 1928 κεῖ
1413 1894 1513 1928 τοῦτο
1533 1888 1780 1933 ἐξιλεώσασθαι
1811 1889 1868 1927 τὸν
1889 1888 1978 1927 Θεόν
1993 1904 2000 1911 ·
2025 1887 2114 1926 ἀλλὰ
2141 1887 2200 1925 καὶ
2220 1887 2362 1941 ἀρίστην

1336 1954 1383 1995 εἰς
1399 1951 1515 1989 πάντα
1542 1950 1792 2000 σπουδάσωμεν
1815 1948 2050 1993 ἐπιδείξασθαι
2071 1948 2288 1999 μεταὸολὴν,
2307 1948 2364 1987 ἵνα

1337 2015 1383 2055 εἰς
1399 2011 1497 2056 δόξαν
1517 2016 1576 2050 τοῦ
1598 2013 1688 2050 Θεοῦ
1711 2010 1921 2061 βιώσαντες,
1939 2010 1999 2048 καὶ
2017 2010 2111 2048 αὐτοὶ
2133 2013 2195 2056 τῆς
2215 2009 2364 2060 μελλούἡ

1338 2088 1400 2118 σης
1421 2072 1674 2122 ἀπολαύσωμεν
1692 2071 1806 2118 δόξης·
1821 2066 1862 2117 ἧς
1881 2070 2014 2123 γένοιτο
2032 2070 2165 2114 πάντας
2181 2074 2275 2121 ἡμᾶς
2290 2073 2368 2109 ἐπι-

1338 2139 1468 2185 τυχεῖν,
1484 2132 1605 2186 χάριτι
1627 2132 1686 2171 καὶ
1701 2131 1943 2185 φιλανθρωπίᾳ
1960 2136 2018 2169 τοῦ
2034 2130 2161 2184 Κυρίου
2180 2134 2280 2182 ἡμῶν
2297 2131 2367 2178 Ἰη-

1340 2199 1398 2232 σοῦ
1419 2194 1571 2245 Χριστοῦ
1586 2223 1595 2241 ,
1619 2187 1647 2244 ᾧ
1666 2197 1687 2239 ἡ
1704 2192 1784 2236 δόξα
1800 2192 1858 2231 καὶ
1874 2192 1913 2230 τὸ
1929 2190 2053 2245 κράτος
2075 2193 2122 2235 εἷς
2143 2190 2220 2236 τοὺς
2242 2194 2368 2235 αἰῶνας

1339 2257 1407 2292 τῶν
1439 2252 1587 2291 αἰώνων.
1609 2253 1729 2303 Ἀμήν.

1356 2391 1597 2433 Interpres,qui
1611 2390 1807 2433 t‘ertitfiteis
1814 2390 1989 2422 stultiores.
2000 2388 2101 2422 Savil.
2113 2396 2144 2420 et
2154 2387 2267 2420 Morel.
2279 2389 2369 2430 [euin

1358 2442 1467 2476 Codd.
1483 2444 1546 2476 705
1568 2450 1601 2475 et.
1624 2443 1702 2485 706]
1722 2451 1856 2489 κηφήνων
1872 2449 2042 2488 ἀργότεροι.

1407 2498 1421 2521 s
1437 2494 1551 2529 Morel.
1568 2501 1593 2529 εἰ
1616 2501 1660 2538 μὴ
1685 2500 1772 2529 τοῦτο
1793 2499 1837 2536 ἦν,
1862 2500 2000 2539 περιττὸν
2014 2497 2048 2532 ἦν
2072 2496 2195 2527 ἀκούειν-
2213 2492 2313 2525 Savil.
2338 2500 2371 2524 ct.

1362 2548 1441 2583 MSS.
1456 2554 1480 2582 εἰ
1505 2554 1593 2582 τοῦτο
1610 2552 1655 2587 ἢν,
1672 2553 1811 2591 περιττὸν
1833 2551 1866 2586 ἦν
1892 2551 1994 2590 λέγειν,
2021 2554 2053 2578 et
2079 2547 2124 2577 ita
2148 2544 2226 2588 legit
2246 2546 2366 2576 Franc.

1363 2598 1527 2633 Aretinus.

1408 2653 1424 2670 '⁶
1442 2652 1544 2695 [ὑμᾶς
1564 2650 1657 2683 abest
1681 2662 1698 2682 a
1714 2649 1815 2684 Saril.
1834 2657 1866 2681 et
1884 2648 1993 2681 Codd.
2010 2650 2067 2682 cit.
2084 2650 2160 2682 Mox
2181 2648 2279 2682 iidem
2303 2652 2372 2683 ἀλλ’

1364 2711 1488 2752 ἀρίστην
1513 2709 1656 2739 πάντοθεν
1680 2706 1859 2743 ἐπιδείξασθε
1884 2709 1937 2742 τὴν
1959 2704 2012 2745 μ]
