2481 3678
784 198 826 226 ιΝ
864 197 1070 227 JOANNEM
1107 194 1260 224 quiL.
1307 195 1366 222 ι,ι.
1404 179 1466 222 al.
1508 194 1517 221 ι

141 283 217 328 στός
243 284 327 322 ἐστι.
357 280 488 333 Διόπερ
514 281 627 322 αὐτοῖς
647 279 739 318 οὐδὲν
758 278 1015 317 ἀπεκάλυπτεν.
1035 280 1082 315 Οἱ
1098 276 1163 327 γὰρ

137 345 197 382 καὶ
223 347 357 387 ἑαυτοῖς
387 340 526 380 ἐναντία
546 339 724 392 λέγοντες,
754 340 815 377 καὶ
837 339 923 377 ποτὲ
948 337 1024 389 μὲν,
1039 336 1164 379 Οὐδεὶς

135 405 297 457 γινώσκει
319 403 420 442 πόοεν
447 402 606 455 ἔρχεται,
635 399 718 439 ποτὲ
741 400 796 448 δὲ,
814 400 896 438 Ἀπὸ
916 397 1092 448 Βηθλεὲμ,
1111 396 1164 434 εὔ-

137 469 236 514 δηλον
255 466 308 505 ὅτι
336 465 395 503 καὶ
426 463 590 516 μαθόντες
611 461 913 509 ”·ἠναντιό)οησαν.
933 460 1054 498 ’Ἔστω
1075 458 1164 534 γὰρ,

136 530 193 567 τὸν
223 528 327 567 τόπον
346 525 510 578 ἠγνόουν,
538 542 591 564 οτι
614 525 684 563 ἀπὸ
706 522 884 573 Βηθλεεμ,
907 521 963 559 διὰ
988 520 1050 566 τὴν
1073 522 1164 557 ἀνα-

2131 182 2216 241 547

1233 275 1446 325 quebantur,
1470 282 1502 311 ct
1517 272 1638 323 modo,
1659 275 1782 311 Nemo
1795 278 1865 312 scit
1881 276 1982 312 unde
2002 278 2124 322 venit,
2143 291 2218 314 mo-

1232 334 1292 384 do,
1308 336 1372 372 Ex
1394 335 1622 372 Bethlehem
1638 337 1760 381 venit,
1782 334 1968 384 dicebant5
1996 335 2133 374 etiamsi
2159 337 2216 374 di—

1231 395 1412 445 dicissent,
1438 395 1693 434 contradicturi
1718 395 1816 433 haud
1849 396 1957 434 dubie
1989 406 2099 434 erant.
2133 398 2218 436 Esto

1232 458 1338 506 enim,
1354 457 1473 495 locum
1488 457 1704 509 ignorarent,
1720 457 1818 509 quod
1831 472 1876 496 ex
1888 458 2095 496 Bethlehem
2116 470 2201 497 esset
2210 491 2218 503 ,

1231 518 1316 569 quia
1335 518 1370 556 in
1386 519 1563 557 Nazareth
1579 529 1740 558 xeisatus
1756 520 1833 557 fuel
1835 529 1870 557 at
1885 519 2069 570 (quamvis
2085 520 2152 557 hot
2165 535 2186 559 x
2190 536 2221 558 e-

136 588 286 642 στροφὴν
306 588 368 635 τὴν
391 590 424 626 ἐν
448 587 610 640 Ναζαρέτ
628 584 763 634 (καίτοι
785 583 860 622 οὐδὲ
879 597 978 620 τουτο
1004 579 1290 632 cuwv62-30211ia
1309 579 1460 631 dignum
1474 594 1542 617 non
1563 589 1669 618 esset·
1660 594 1797 631 ,neque
1812 580 1906 618 enim
1932 580 1981 618 ibi
1997 590 2100 618 natus
2111 589 2220 629 eiat;

138 668 206 702 μην
233 654 343 703 εἰγεν-
366 651 403 688 οὐ
422 649 489 701 γὰρ
522 650 593 687 ἐχ;ῖ
634 647 804 698 ἐτέχθη)
828 648 896 697 ἀρα
922 643 982 681 καὶ
1005 643 1044 680 τὸ
1070 642 1165 693 γένος
1188 644 1213 671 Λ
1234 655 1320 679 num
1334 656 1443 693 genus
1453 656 1593 692 quoque
1608 641 1831 693 ign0r,abant
1842 641 1940 693 quod
1954 651 2100 680 essetex
2117 612 2224 680 donio

135 712 293 763 ἠγνόουν,
314 712 367 751 ὅτι
393 711 425 755 ἐξ
456 711 550 750 οἴκου
581 727 640 749 και
670 713 820 761 πατριᾶς
851 705 981 753 Δαυίο,
1004 706 1087 748 Πως
1108 707 1165 743 οὖν

136 773 264 824 ἔλεγον,
281 775 356 811 Οὐκ
374 773 442 812 ἀπὸ
464 777 523 810 τοῦ
538 772 737 846 σπέρματος
757 768 869 807 Δαυὶδ
887 767 1028 821 ἔρχεται
1046 769 1064 804 ὃ
1079 768 1166 820 Χρι-

136 834 231 881 στός;
261 833 365 872 Ἀλλὰ
385 849 444 871 και
474 848 573 871 τουτο
601 831 720 870 ἐκείνω
743 829 931 868 συσκιάσαι
965 827 1166 876 ἐίούλοντο,

136 895 336 948 κακούργως
355 894 494 932 ἅπαντα
523 892 759 945 φθεγγόμενοι.
780 891 883 934 Τίνος
907 889 942 928 δε
959 889 1071 927 ἕνεκεν
1089 889 1167 940 ουχὶ

135 955 381 1010 προσελθόντες
396 959 512 993 εἶπον·
535 953 653 1001 ἐπειδὴ
674 953 718 992 τὰ
752 969 813 1004 μεν
838 952 928 990 ἄλλα
947 951 1063 990 πάντα
1087 954 1167 989 θαυ-

137 1017 302 1068 ιιάζομεν,
326 1016 515 1060 κελεύεις
498 1016 534 1054 οέ
546 1030 606 1054 σοι
626 1015 805 1054 πείθεσθαι
819 1013 911 1052 κατὰ
929 1012 990 1056 τὰς
1007 1015 1034 1052 Ι
1039 1012 1166 1065 ραφὰς,

135 1078 230 1127 εἰπὲ,
247 1081 321 1122 πῶς
341 1081 377 1117 αἱ
404 1077 465 1129 μὲν
485 1078 624 1132 Γραφαὶ
648 1077 819 1129 λέγουσιν,
839 1075 892 1115 ὅτι
916 1075 985 1113 ἀπὸ
1006 1074 1168 1126 Βηθλεὲμ

136 1142 185 1178 δεῖ
204 1141 260 1178 τὸν
279 1140 428 1193 Χριστὸν
449 1141 571 1187 ἐλθεῖν,
591 1138 631 1178 σὺ
649 1138 684 1177 δὲ
704 1137 773 1176 ἀπὸ
788 1141 849 1184 τῆς
870 1135 1062 1180 Γαλιλαίας
1082 1139 1167 1188 ἀφῖ-

136 1200 210 1248 ξαι;
232 1201 323 1238 Ἀλλ’
341 1200 435 1239 οὐδὲν
465 1200 594 1239 τούτων
620 1193 727 1246 εἷπον,
748 1198 839 1237 ἀλλὰ
869 1197 987 1236 πάντα
1009 1200 1168 1249 πονηρῶς

136 1262 353 1314 φθέγγονται,
371 1260 458 1300 ϋΟτι
484 1261 552 1315 γὰρ
572 1262 609 1300 οὐ
633 1263 833 1308 ζητοῦντες,
852 1258 929 1298 οὐδὲ
951 1263 1070 1310 μαθεῖν
1090 1262 1169 1310 βου-

136 1324 275 1374 λόμενοι
288 1354 297 1372 ,
325 1323 448 1367 εὐθέως
468 1323 641 1375 ἐπήγαγεν
665 1325 683 1360 ὁ
703 1320 970 1373 εὖαγγελιστὴς,
989 1320 1043 1359 ὅτι
1065 1320 1169 1365 Τινὲς

139 1384 259 1430 ἤθελον
281 1385 407 1423 πιάσαι
439 1384 554 1431 αὐτὸν,
574 1383 634 1422 καὶ
661 1383 769 1426 οὐδεὶς
802 1381 969 1420 ἐπέὸαλεν
991 1382 1043 1419 ἐπ’
1066 1381 1166 1419 αὐτὸν

136 1445 198 1492 τὴν
220 1451 323 1497 χεῖρα
341 1448 460 1483 αὐτοῦ·
482 1446 512 1483 εἰ
527 1444 668 1497 γὰρκαὶ
689 1442 796 1494 μηδὲν
812 1442 940 1494 ἕτερον,
959 1446 1058 1480 τοῦτο
1086 1447 1165 1493 γοῦν

136 1506 253 1544 ἱκανὸν
269 1501 310 1552 ἦν
331 1507 378 1548 εἷς
405 1505 590 1548 κατάνυξιν
613 1503 736 1547 αὐτοὺς
757 1506 917 1555 ἀγαγεῖν·
938 1504 1013 1541 ἀλλ’
1034 1505 1071 1541 οὐ
1103 1519 1168 1541 κα-

134 1566 337 1618 τενύγησαν,
358 1565 473 1609 καθώς
495 1581 597 1618 φησιν
631 1568 648 1602 ὁ
675 1564 855 1617 προφήτης
869 1580 876 1587 ·
894 1563 1166 1616 Διεσχίσθησαν,

135 1628 194 1666 καὶ
220 1630 256 1665 οὐ
275 1626 528 1678 κατενύγησαν.

190 1696 354 1734 Τοιοῦτον
373 1694 441 1747 γὰρ
465 1698 486 1741 ἡ
516 1692 684 1746 πονηρία·
705 1692 816 1732 οὐδενὶ
857 1693 1016 1744 βούλεται
1045 1692 1163 1739 εἴκειν,

135 1756 219 1809 πρὸς
244 1756 277 1794 ἓν
296 1756 415 1808 βλέπει
433 1755 547 1807 μόνον,
565 1755 655 1795 ὥστε
680 1755 737 1793 τὸν
759 1754 1064 1806 ἐπιδουλευόμενον
1084 1757 1164 1793 ἀνε-

136 1820 220 1856 λεῖν.
245 1817 349 1856 Ἀλλὰ
369 1817 403 1855 τί
428 1833 532 1869 φησιν
557 1821 579 1864 ἡ
613 1816 820 1870 Γραφή;“Ο
851 1816 1006 1869 ὀρύσσων
1043 1816 1163 1869 βόθρον

136 1882 185 1932 τῷ
200 1879 359 1927 πλησίον,
378 1881 424 1923 εἷς
448 1879 548 1917 αὐτὸν
575 1881 778 1929 ἐμπεσεῖται
794 1893 802 1900 ·
823 1877 909 1931 ὅπερ
928 1877 988 1916 καὶ
1010 1877 1088 1916 τότε
1105 1877 1165 1930 γέ-

137 1957 246 1993 γονεν.
264 1941 370 1979 Αὐτοὶ
393 1941 455 1992 μὲν
475 1939 543 1991 γὰρ
562 1939 741 1978 ἐδούλοντο
761 1939 862 1978 αὐτὸν
889 1941 1033 1987 ἀνελεῖν,
1055 1942 1102 1982 ὡς
1123 1938 1163 1987 δὴ

137 2002 333 2046 σὸεννύντες
347 2002 387 2040 τὸ
404 2002 584 2055 κήρυγμα·
601 2000 718 2053 γέγονε
735 2000 769 2039 δὲ
797 2000 1005 2039 τούναντίον.
1028 2001 1082 2039 Τὸ
1102 2000 1163 2051 μὲν

135 2062 202 2113 γὰρ
235 2063 400 2117 κήρυγμα
431 2066 524 2101 ἀνθεῖ
553 2066 596 2114 τῇ
628 2067 688 2100 τοῦ
710 2063 863 2115 Χριστοῦ
890 2062 1036 2115 χάριτι·
1057 2062 1101 2101 τὰ
1130 2061 1165 2100 δὲ

135 2123 275 2163 ἐκείνων
302 2124 418 2162 πάντα
440 2123 588 2171 ἐσέέσθη
617 2123 676 2162 καὶ
705 2122 888 2171 ἀπόλωλε,
914 2124 974 2162 καὶ
1000 2123 1166 2177 πατρίδος

135 2202 195 2224 και
221 2185 434 2238 ἐλευθερίας,
460 2201 520 2223 και
550 2184 688 2233 ἀδείας,
709 2201 768 2222 και
795 2184 958 2236 λατρείας
990 2184 1164 2233 ἐξέπεσον,

135 2248 194 2285 καὶ
221 2247 338 2293 πάσης
360 2246 647 2300 ἀπεστερήθησαν
679 2262 764 2296 ευημ
763 2245 887 2299 .ερίας,
917 2246 977 2284 καὶ
1004 2246 1166 2297 γεγόνασι

134 2311 247 2348 δουλοι
273 2324 332 2346 και
360 2307 594 2360 αἰχμάλωτοι
611 2309 721 2346 Γαυτ’
741 2311 797 2345 οὖν
822 2306 969 2354 εἷοότες,
991 2323 1059 2357 ιιηο
1046 2306 1165 2345 έποτε

135 2369 444 2419 ἐπιδουλεύωμεν<
432 2368 579 2421 ετέροις,
598 2368 791 2419 μαθόντεςε
778 2368 864 2407 ότιγ
847 2370 923 2406 κάθ
937 2372 1066 2407 ἑαυτων
1082 2371 1166 2407 ἀκο-

133 2447 247 2482 νωυεν
269 2431 308 2469 τὸ
334 2430 447 2482 ξίφος,
463 2445 523 2467 και
548 2428 739 2482 βαθυτεραν
768 2431 900 2472 εαυτοῖς
921 2429 1085 2480 διδόαμεν
1100 2429 1164 2477 τὴν

134 2491 283 2543 πληγην.
303 2491 393 2529 Αλλ
414 2489 564 2537 ἐλύπησέ
579 2506 652 2538 τις,
675 2491 734 2528 καὶ
764 2490 878 2541 βούλει
899 2490 1000 2528 αὐτον
1030 2490 1165 2540 ἀμύνα-

136 2557 236 2600 σθαι,
257 2551 317 2598 Μὴ
341 2550 471 2602 ἀμύνῃ·
493 2549 582 2588 οὕτω
602 2550 669 2604 γὰρ
693 2551 890 2601 ἀμύνασθαι
916 2551 1055 2602 δυνήσῃ.
1078 2550 1163 2589 Ἐὰν

136 2613 171 2650 δὲ
188 2613 325 2664 ἀμύνῃ,
343 2614 405 2649 οὐκ
424 2611 558 2663 ἠμύνω.
578 2612 649 2650 Καὶ
671 2611 718 2662 μὴ
738 2612 883 2663 νομίσῃς
913 2611 1056 2663 αἴνιγμα
1077 2606 1164 2650 εἶναι

135 2674 174 2712 τὸ
193 2673 386 2726 εἰρημένον,
404 2674 479 2711 ἀλλ’
497 2675 608 2719 ἀληθῆ
629 2673 741 2725 λόγον.
765 2675 849 2717 Πῶς
864 2673 923 2711 καὶ
935 2672 1002 2710 τίνι
1024 2673 1142 2726 τρόπῳ
1153 2690 1163 2722 3

134 2735 220 2773 ζΌτι
247 2734 287 2773 σὺ
320 2734 368 2786 μὴ
399 2734 634 2785 ἀμυνόμενος,
666 2735 725 2772 τὸν
750 2735 839 2773 Θεὸν
875 2736 968 2786 αὐτῷ
997 2738 1163 2786 καθιστᾷς

141 2797 151 2810 3
232 2795 240 2809 Ι
309 2798 319 2809 7
404 2794 412 2808 l
536 2794 564 2810 ‘XX
634 2797 643 2810 3
682 2796 692 2809 Ι
759 2795 767 2808 3
787 2797 798 2805 ¹
851 2795 858 2809 Χ
910 2794 918 2809 Χ
971 2798 980 2810 5
1012 2795 1040 2807 'xl

137 2799 258 2848 εχθρον
272 2811 279 2818 ·
301 2811 514 2846 αμυνομενος
533 2809 568 2833 οε
583 2826 592 2843 ,
611 2812 738 2834 ουκετι.
771 2797 863 2846 Ικμοι
882 2811 950 2848 γαρ
966 2810 1160 2843 εκοικησις,
1184 2803 1208 2832 D

135 2855 203 2906 ἐγὼ
223 2854 480 2903 ἀνταποδώσω),
499 2856 592 2908 λέγει
610 2856 746 2910 Κύριος.
770 2858 814 2895 Εἰ
839 2856 906 2910 γὰρ
927 2856 1062 2900 οἰκέτας
1078 2857 1160 2909 ἔχο-

137 2931 212 2966 μεν,
230 2915 294 2953 κᾶν
315 2917 400 2969 πρὸς
420 2917 590 2964 ἀλλήλους
609 2918 860 2970 Ἆδιενεχθέντες
874 2949 883 2967 ,
905 2918 953 2969 μὴ
974 2921 1035 2964 τῆς
1064 2918 1162 2964 δίκης

135 2978 194 3016 καὶ
222 2981 284 3025 τῆς
317 2978 490 3022 κολάσεως
511 2982 595 3030 ἡμῖν
624 2980 947 3033 παραχωρήσωσιν,
971 2982 1046 3019 ἀλλ’
1075 2982 1160 3018 ἑαυ-

134 3046 204 3083 τοῖς
218 3039 460 3091 ἐπιτρέψωσιν,
476 3040 539 3078 κᾶν
558 3041 719 3093 μυριάκις
734 3042 985 3094 προσέλθωσιν,
999 3044 1036 3080 οὐ
1055 3058 1080 3092 υ
1082 3041 1156 3080 όνον

950 3101 1001 3123 b&

134 3103 195 3139 Οὐκ
219 3101 438 3152 ἀμυνόμεθα,
458 3101 548 3139 ἀλλὰ
569 3102 628 3140 καὶ
649 3105 924 3154 ἀγανακτοῦμεν,
983 3102 1156 3155 οραπέτα,

135 3167 301 3219 λέγοντες,
319 3167 390 3216 καὶ,
403 3168 571 3220 μαστιγία
582 3199 592 3217 ,
604 3169 644 3208 τὸ
659 3176 727 3207 πᾶν
742 3173 825 3220 ἡμῖν
842 3169 959 3221 ἕπιτρε
945 3185 1024 3221 γαι
1039 3172 1158 3222 ἐχρῆν·

181 3288 198 3310 b
221 3293 455 3325 humum-4022:
474 3287 558 3321 bene
574 3288 719 3321 advertit
734 3287 875 3321 Savilius
889 3288 1064 3331 legendum
1081 3301 1149 3323 esse

140 3345 356 3378 ἠναντιώθησαν
385 3347 432 3375 olv-
462 3340 529 3374 Sed
561 3347 598 3375 ἄν
625 3342 801 3383 repetitum
830 3341 863 3375 in
888 3341 964 3374 Mss.
994 3343 1148 3376 omnibus

140 3392 297 3424 omissum
318 3400 377 3425 est.
396 3393 472 3425 Mox
489 3392 625 3436 quidam
640 3399 820 3438 ἀνατρορ-ἡν.

1233 712 1267 741 ct
1283 703 1420 741 familia
1438 702 1583 741 David„
1603 703 1793 750 Quomodo
1810 717 1894 754 eigo
1918 703 2096 750 dicebant,
2131 703 2221 740 An—

1235 778 1314 801 non
1328 779 1375 802 ex
1391 767 1538 802 semine
1553 765 1689 802 David
1710 767 1821 803 venit
1843 766 2049 803 Christus?
2069 764 2139 802 Sed
2158 765 2224 801 hoc

1232 826 1295 864 illo
1310 825 1416 864 modo
1426 826 1590 877 obtegere
1603 827 1782 876 volebant,
1796 841 1837 865 ac
1851 826 2094 864 fraudulenter
2106 827 2223 864 omnia

1233 887 1481 938 loquebantur.
1504 890 1576 925 Cur
1596 897 1715 926 autem
1735 902 1804 926 non
1824 897 2044 926 accesserunt
2062 887 2196 925 dicturi
2213 904 2219 924 z
2251 903 2420 929 ,inan-,imm

1234 950 1326 987 Cum
1345 958 1466 987 caetera
1487 950 1605 988 omnia
1634 950 1869 1001 admiremur,
1900 950 2097 1002 jubeasque
2129 947 2376 988 credi'¹⁴'¹l¹¹³¹³·¹-

1233 1011 1298 1049 tibi
1311 1011 1507 1050 secundum
1527 1012 1745 1065 Scripturas,
1766 1012 1826 1050 dic
1857 1027 1919 1050 cur
1950 1012 2144 1064 Scripturae
2164 1012 2221 1050 di—

1234 1082 1314 1111 cant
1332 1088 1377 1111 ex
1395 1073 1604 1112 Bethlehem
1620 1074 1804 1112 Christum
1831 1088 1905 1112 esse
1932 1082 2150 1121 venturum;
2186 1082 2224 1111 tu

1233 1144 1351 1172 autem
1369 1149 1414 1173 ex
1446 1135 1600 1174 Galilaea
1618 1135 1772 1174 venisti?
1790 1137 1835 1173 At
1854 1135 1947 1173 nihil
1968 1135 2097 1173 horum
2116 1135 2222 1173 dixe-

1233 1207 1329 1248 runt,
1350 1212 1475 1237 verum
1500 1198 1616 1236 omnia
1638 1198 1797 1251 maligno
1815 1199 1934 1237 animo
1967 1198 2224 1237 causificaban-

1234 1269 1301 1297 tur.
1324 1260 1432 1308 Quod
1450 1261 1544 1298 enim
1554 1260 1690 1299 discere
1702 1275 1771 1299 non
1785 1270 1980 1312 quaererent
1996 1270 2058 1298 aut
2073 1261 2219 1310 vellent,

1233 1321 1353 1359 statim
1369 1322 1547 1373 significat
1566 1322 1782 1374 evangelista
1806 1338 1812 1359 :
1836 1323 1899 1360 44.
1922 1324 2091 1374 Quidam
2115 1323 2223 1360 ‘vole-

1236 1385 1329 1420 bant
1343 1385 1628 1435 apprehendere
1647 1397 1747 1430 eum,
1767 1385 1836 1422 sed
1852 1399 1960 1422 nemo
1982 1387 2085 1422 misit
2111 1399 2224 1436 super

1233 1444 1347 1480 illum
1376 1458 1535 1482 manum
1556 1458 1682 1482 suam.
1708 1446 1800 1482 Nam
1822 1445 1885 1482 etsi
1906 1445 1999 1482 nihil
2021 1445 2135 1494 aliud,
2158 1446 2226 1484 hoc

1234 1504 1357 1542 saltem
1375 1505 1456 1543 illos
1485 1519 1722 1557 compungere
1746 1505 1926 1544 debuisset
1945 1523 1952 1544 ε
1975 1506 2036 1544 sed
2055 1521 2122 1544 non
2144 1517 2225 1545 sunt

1234 1566 1450 1617 compuncti,
1470 1575 1509 1604 ut
1537 1566 1587 1604 ait
1605 1567 1779 1618 propheta
1803 1582 1811 1603 ε
1833 1568 2023 1619 Dissipati
2035 1577 2138 1616 sunt,
2157 1583 2224 1606 nec
2243 1574 2325 1604 Psal.
2354 1574 2406 1614 31.

1235 1631 1467 1679 compuncti.
2245 1627 2251 1645 ¹
2261 1619 2289 1646 ’ς’

1286 1690 1322 1726 5.
1353 1689 1570 1742 Hujusmodi
1599 1689 1696 1728 enim
1721 1699 1772 1728 est
1800 1690 1937 1729 malitia
1955 1691 2115 1729 :nemini
2147 1692 2226 1730 vult

1231 1750 1368 1801 cedere,
1390 1765 1503 1789 unum
1520 1751 1637 1789 solum
1662 1752 1820 1804 respicit,
1844 1761 1883 1790 ut
1903 1767 1985 1790 eum
2010 1752 2151 1805 perdat,
2167 1753 2224 1790 cui

1232 1811 1435 1850 insidiatur.
1452 1811 1524 1850 Sed
1548 1811 1638 1864 quid
1659 1812 1748 1850 dicit
1776 1813 1988 1866 Scriptura?
2016 1816 2093 1865 Qui
2113 1816 2223 1867 fodit
2243 1821 2332 1847 P10.·.
2355 1818 2403 1847 245.

1228 1876 1388 1927 foveam
1415 1877 1606 1926 proximo,
1631 1877 1673 1911 in
1706 1890 1792 1913 eam
1818 1877 1975 1914 incidet.
2003 1876 2114 1924 Quod
2142 1886 2225 1914 tunc
2242 1872 2289 1902 ²7*

1231 1936 1340 1974 etiam
1357 1935 1516 1987 contigit.
1536 1935 1597 1973 Illi
1620 1949 1772 1987 namque
1800 1936 1920 1989 ipsum
1942 1937 2141 1976 interficere
2158 1952 2223 1976 vo-

1231 1999 1364 2047 lebant,
1387 2008 1426 2036 ut
1451 1998 1741 2051 praedicationem
1764 1999 1944 2037 abolerent
1966 2016 1973 2035 :
1997 1999 2059 2037 scd
2084 2010 2224 2038 contra-

1198 2061 1209 2070 *
1232 2060 1330 2098 rium
1357 2060 1486 2099 evenit.
1505 2059 1719 2098 praedicatio
1739 2074 1893 2111 namque
1908 2075 1970 2113 per
1991 2061 2123 2099 Christi
2143 2076 2224 2113 gra-

1234 2121 1322 2159 tiam
1345 2121 1460 2170 ssoret,
1475 2120 1621 2158 illorum
1637 2135 1721 2159 vero
1738 2121 1856 2159 onmia
1882 2122 2055 2160 exstincta
2085 2132 2168 2161 suut
2194 2132 2227 2161 ct

1231 2183 1426 2235 perierunt,
1441 2192 1547 2233 atque
1574 2182 1629 2219 illi
1649 2182 1778 2234 patria,
1801 2182 1965 2221 libertate
1985 2193 2018 2221 et
2044 2185 2142 2222 cultu
2161 2199 2226 2222 suo

1231 2243 1454 2291 exciderunt,
1478 2253 1585 2295 atque
1608 2244 1706 2282 omni
1727 2244 1897 2282 felicitate
1915 2245 2062 2297 privati,
2080 2246 2173 2284 servi
2193 2255 2225 2283 et

1230 2307 1367 2359 captivi
1392 2307 1476 2345 sacti
1500 2317 1595 2345 sunt.
1622 2308 1706 2345 Haec
1734 2322 1816 2345 cum
1846 2308 2011 2358 sciamus,
2029 2323 2224 2359 numquam

1229 2368 1310 2406 aliis
1326 2368 1548 2417 insidiemur,
1563 2368 1663 2421 gnari
1680 2383 1742 2406 nos
1761 2377 1882 2406 contra
1901 2370 2133 2422 nosmetipsos
2151 2370 2225 2422 gla-

1230 2431 1333 2468 dium
1353 2445 1491 2480 acuere,
1512 2440 1545 2468 et
1566 2430 1835 2483 profundiorem
1856 2431 1957 2469 nobis
1972 2431 2133 2483 infligere
2147 2433 2224 2485 pla-

1230 2507 1323 2544 gam.
1342 2492 1413 2531 Sed
1438 2502 1471 2530 te
1502 2493 1633 2543 aliquis
1666 2492 1767 2541 laesit,
1789 2502 1822 2530 et
1848 2493 1905 2531 vis
1934 2493 2038 2531 illum
2069 2494 2224 2533 ulcisci?

1229 2555 1283 2592 Ne
1301 2553 1496 2602 ulciscaris,
1516 2563 1549 2591 et
1574 2553 1625 2591 sic
1648 2552 1772 2591 ulcisci
1799 2554 1944 2605 poteris.
1968 2555 2007 2593 Si
2028 2555 2223 2605 ulciscaris,

1229 2629 1298 2653 non
1315 2614 1510 2653 ulcisceris.
1530 2615 1601 2652 Nec
1618 2623 1721 2667 putes
1734 2614 1801 2652 hoc
1816 2614 1967 2666 aenigma
1985 2630 2070 2683 esse,
2085 2616 2147 2654 scd
2162 2632 2222 2655 ve-
2237 2650 2273 2676 d
2325 2650 2394 2675 ulex
2387 2659 2425 2674 U

1228 2689 1310 2712 ium
1321 2685 1383 2713 est
1400 2675 1589 2722 Quomodo
1607 2684 1641 2713 et
1660 2690 1728 2726 qua
1741 2675 1901 2714 ratione?
1920 2676 2016 2724 Quia
2036 2677 2066 2714 si
2082 2691 2151 2715 non
2166 2678 2222 2715 ul-
2237 2701 2272 2727 ⁰¹.
2276 2696 2337 2716 osu
2341 2697 2379 2715 ιι

1230 2736 1387 2785 cisearis,
1409 2736 1555 2775 Deum
1546 2736 1615 2788 ipsi
1634 2736 1821 2774 inimicum
1841 2738 2046 2788 constituis,
2073 2738 2102 2776 si
2128 2739 2220 2776 ulci-

1229 2798 1350 2847 scaris,
1366 2812 1436 2836 non
1466 2798 1561 2836 item.
1583 2799 1686 2848 Nam,
1711 2800 1814 2836 Mihi
1846 2801 2041 2847 vindicta,
2066 2815 2133 2853 ego
2166 2816 2220 2839 re·
2236 2812 2324 2839 Rom.
2354 2818 2400 2837 12.

1230 2865 1410 2909 tribuam,
1431 2863 1525 2900 dicit
1539 2863 1759 2900 Dominus?
1781 2863 1874 2900 Nam
1891 2862 1919 2901 si
1945 2878 2065 2903 servos
2085 2864 2217 2902 habea-
2235 2862 2324 2922 ΕΗ,
2337 2892 2387 2921 32-

1228 2939 1307 2962 mus
1322 2924 1383 2975 qui
1399 2934 1524 2963 mutuo
1542 2924 1717 2974 rixentur,
1730 2939 1794 2963 nec
1809 2925 1912 2963 nobis
1930 2926 2123 2964 ulciscendi
2139 2941 2216 2978 par-
2233 2937 2283 2966 313.

1229 2996 1279 3024 tes
1310 2986 1516 3037 concedant,
1536 2986 1597 3025 scd
1625 2986 1695 3025 sibi
1717 3001 1724 3023 :
1747 2986 1812 3025 etsi
1836 2987 1964 3040 saepius
1988 3002 2050 3026 nos
2081 2997 2215 3039 rogent,

1231 3062 1301 3086 non
1322 3048 1429 3086 modo
1445 3062 1515 3086 non
1534 3048 1754 3097 ulciscimur,
1770 3047 1830 3086 sed
1849 3049 1955 3087 etiam
1974 3048 2216 3100 indignamur,

1230 3118 1264 3148 et
1299 3110 1471 3161 fugitivos
1502 3110 1756 3162 mastigiasquc
1787 3124 1957 3149 vocamus
1980 3126 1987 3146 ε
2024 3109 2219 3162 Oportebat

1230 3171 1335 3222 enim,
1345 3171 1512 3222 dicimus,
1528 3181 1568 3210 ut
1579 3180 1694 3210 totum
1720 3171 1823 3209 nobis
1847 3171 2016 3218 deferres;
2039 3171 2114 3220 sed,
2134 3171 2217 3220 quia

2319 2565 2422 2591 hirni-

2238 2618 2258 2632 Γι
2257 2617 2282 2632 Ἲς
2303 2618 2426 2643 (Ιῑίυῐηυ-

1260 3303 1274 3317 1¹
1294 3292 1355 3325 Alii
1370 3296 1583 3337 διαλεχθέντες.

1258 3345 1274 3370 b
1299 3345 1469 3390 [δραπέτας
1485 3353 1518 3378 Εἰ
1532 3350 1692 3389 μαστιγίας
1706 3343 1822 3385 Savil.]
