2481 3678
773 191 818 220 IN
854 191 1065 222 JOANNEM
1102 193 1256 222 nomn..
1297 194 1371 224 XL.
1409 179 1471 224 al.
1509 195 1664 226 xxxlx.

150 274 215 319 ρεῖς
238 270 296 307 καὶ
330 269 558 321 Φαρισαίους.
576 270 593 288 *
611 269 717 308 Οὕτω
737 270 794 309 τὸν
824 272 932 323 ἄνδρα
963 272 1167 323 ἐθαύμαζον,

146 329 205 366 καὶ
232 335 303 374 τοῖς
321 330 520 382 λεγομένοις
539 332 712 368 ἀντειπεῖν
735 334 796 370 οὐκ
813 327 910 384 ἐἶχον
929 333 1020 371 τότε.
1039 334 1091 371 Τὸ
1110 332 1168 377 δὲ,

146 390 240 440 Πρὸς
255 389 361 442 ὥραν,
381 390 444 437 τὴν
466 390 622 429 εὐκολίαν
638 394 751 430 αὐτῶν
771 392 964 436 δεικνύντος
992 393 1084 438 ἐστὶ,
1111 392 1170 430 καὶ

144 449 196 487 ὅτι
213 452 347 502 ταχέως
364 452 467 490 αὐτοῦ
487 452 732 500 ἀπεπήδησαν.
751 452 847 505 Ἐγὼ
862 452 898 490 δὲ
912 453 983 504 ἔχω
1001 452 1064 498 τὴν
1085 467 1169 503 μαρ-

143 510 263 561 τυρίαν
283 511 422 561 μείζονα
450 516 510 550 τοῦ
536 513 709 552 Ἰωάννου.
735 515 780 552 Εἰ
801 514 863 564 μὲν
887 513 954 564 γὰρ
985 511 1169 550 ἐὸοὖλεσθε

144 571 234 608 κατὰ
258 571 321 618 τὴν
338 574 544 612 ἀκολουθίαν
565 577 634 612 τῶν
667 574 883 628 πραγμάτων
907 571 1168 624 παραδέχεσθαι

143 631 207 678 τὴν
227 632 358 681 πίστιν,
381 635 450 673 ἀπὸ
469 638 538 673 τῶν
569 635 678 687 ἔργων
700 637 830 685 μᾶλλον
850 637 940 683 ὑμᾶς
972 633 1010 670 ἂν
1032 634 1169 684 ἐπηγα-

141 693 268 744 γόμην.
283 695 431 742 Ἐπειδὴ
448 695 483 733 δὲ
496 698 533 735 οὐ
553 695 733 747 βούλεσθε,
752 694 809 732 ἐπὶ
825 694 883 732 τὸν
895 693 1061 740 Ἰωάννην
1079 697 1169 745 ὑμᾶς

142 754 235 805 ἄγω,
253 757 318 807 οὐχ
339 757 385 800 ὡς
415 760 478 803 τῆς
509 755 641 794 ἐκείνου
662 755 820 806 δεόμενος
857 754 1071 808 μαρτυρίας,
1094 757 1169 794 ἀλλ’

143 815 262 863 ἐπειδὴ
284 816 340 854 διὰ
359 822 461 855 τοῦτο
485 816 601 855 πάντα
625 818 733 864 ποιῶ,
754 815 845 853 ὥστε
880 817 970 865 ὑμᾶς
1004 818 1169 862 σωθῆναι.

141 875 245 928 ’Elui
266 877 328 926 μὲν
347 877 416 930 γὰρ
438 877 632 930 μαρτυρίαν
656 876 819 915 Ἰωάννου
840 876 979 927 μείζονα
993 906 1002 923 ,
1018 876 1081 924 τὴν
1103 878 1172 916 ἀπὸ

142 938 211 973 τῶν
233 937 354 989 ἔργων.
388 938 479 976 Ἀλλ’
500 939 538 975 οὗ
557 941 660 975 τοῦτο
685 939 805 975 σκοπῶ
840 936 954 987 μόνον,
985 936 1078 980 ὅπως
1104 938 1173 976 ἀπὸ

141 1000 211 1035 τῶν
236 997 446 1042 ἀξιοπίστων
482 998 736 1052 εὖπαράδεκτος
771 1001 850 1048 ὑμῖν
883 998 1048 1050 γενοίμην
1062 1014 1069 1021 ·
1095 1000 1172 1037 ἀλλ’

141 1057 235 1102 ὅπως
268 1059 327 1097 καὶ
347 1059 416 1098 ἀπὸ
434 1061 503 1098 τῶν
525 1064 538 1080 ³
554 1062 635 1110 ὑμῖν
658 1058 855 1111 γνωρίμων,
885 1059 943 1097 καὶ
973 1061 1056 1111 παρ’
1075 1062 1171 1110 ὑμῶν

143 1119 428 1171 θαυμαζομένων,
448 1120 553 1159 Οὕτω
585 1120 830 1172 καθαψάμενος
850 1120 962 1158 αὐτῶν
981 1123 1030 1172 τῷ
1049 1122 1170 1167 εἰπεῖν,

144 1180 197 1217 ὃτι
217 1180 312 1232 Πρὸς
333 1180 426 1234 ὥραν
451 1181 647 1228 ’ἠθελήσατε
665 1182 942 1232 ἀγαλλιασθῆναι
961 1182 994 1219 ἐν
1015 1184 1064 1233 τῷ
1083 1182 1174 1233 φωτὶ

144 1243 247 1278 αὐτοῦ
260 1272 268 1288 ,
295 1241 346 1279 ἔτι
368 1257 406 1279 τε
424 1242 637 1294 πρόσκαιρον
659 1241 792 1289 ἐκείνην
809 1241 918 1286 δείξας
935 1241 998 1288 τὴν
1019 1242 1171 1289 σπουδὴν

146 1301 204 1339 καὶ
225 1301 402 1350 ἀὸέὸαιον,
426 1305 476 1355 τῷ
492 1302 616 1355 λύχνον
637 1302 736 1340 αὐτὸν
756 1302 926 1349 καλέσαι,
942 1301 1102 1355 ἐνέφηνεν
1120 1302 1173 1340 ὅτι

143 1365 204 1400 οὐκ
224 1363 354 1401 οἴκοθεν
375 1357 449 1416 εἶχε
467 1365 507 1402 τὸ
524 1367 613 1416 φῶς,
634 1365 710 1402 ἀλλ’
729 1363 799 1402 ἀπὸ
814 1365 877 1408 τῆς
888 1366 948 1400 τοῦ
966 1363 1173 1414 Πνεύματος

144 1423 301 1476 χάριτος.
321 1424 374 1462 Τὸ
394 1424 430 1462 δὲ
448 1423 535 1476 πρὸς
562 1423 825 1470 ἀντιδιαστολὴν
846 1425 970 1471 αὐτοῦ,
986 1427 1085 1462 τοῦτο
1112 1426 1173 1462 οὐκ

143 1485 194 1522 ἔτι
213 1483 376 1532 τέθεικεν,
397 1484 450 1522 ὅτι
476 1485 575 1528 αὐτός
594 1487 685 1523 ἐστιν
701 1487 719 1522 ὃ
737 1483 835 1531 ἥλιος
853 1486 914 1530 τῆς
936 1484 1169 1533 δικαιοσύνης,

143 1544 233 1583 ἀλλὰ
252 1544 339 1588 τέως
359 1544 575 1597 αἰνιξάμενος
595 1546 712 1597 μόνον,
728 1543 744 1565 ¹³
757 1545 941 1597 καθήψατο
961 1545 1094 1599 σφόδρα
1115 1548 1172 1584 αὖ·

142 1609 223 1652 τῶν,
241 1606 301 1644 καὶ
319 1605 501 1656 δείκνυσιν,
520 1607 572 1645 ὅτι
591 1607 661 1645 ἀπὸ
676 1610 739 1653 τῆς
757 1608 863 1652 αὖτ’ἦς
877 1605 1037 1657 γνώμης,
1055 1609 1112 1659 ἀφ’
1131 1601 1172 1653 ἧς

143 1666 272 1705 ἐκείνου
288 1667 651 1720 κατεφρόνησαν,οὔδὲ
666 1671 715 1720 τῷ
731 1669 874 1721 Χριστῷ
892 1671 1077 1706 πιστεῦσαι
1088 1669 1170 1715 ἠδυ-

141 1728 307 1774 νήθησαν.
325 1728 395 1766 Καὶ
412 1729 480 1781 γὰρ
495 1730 552 1768 τὸν
573 1728 833 1780 θαυμαζόμενον
853 1731 936 1779 παρ’
956 1731 1070 1773 αὐτοῖς
1087 1729 1172 1781 πρὸς

142 1788 234 1841 ὥραν
251 1789 450 1840 ἐθαύμασαν
473 1789 575 1839 μόνον
586 1807 593 1814 ·
609 1792 656 1834 ὡς
671 1792 701 1828 εἷ
718 1789 766 1840 μὴ
778 1793 879 1827 τοῦτο
904 1788 1084 1838 ἐποίησαν,
1104 1806 1170 1827 τα-

141 1849 232 1901 χέως
251 1850 291 1888 ἂν
317 1851 436 1896 αὐτοὺς
460 1852 545 1904 πρὸς
563 1851 621 1890 τὸν
640 1851 777 1898 Ἰησοῦν
797 1849 1067 1903 ἐχειραγώγησε.
1089 1850 1171 1888 Δεί-

143 1909 201 1953 ξας
216 1911 327 1949 τοίνυν
345 1912 466 1957 αὐτοὺς
482 1912 649 1951 πάντοθεν
667 1911 824 1956 ἀναξίους
839 1911 938 1954 ὄντας
952 1911 1171 1962 συγγνώμης,

143 1971 296 2023 ἐπήγαγε
320 1973 448 2024 λέγων·
471 1973 567 2025 Ἐγὼ
587 1973 622 2011 δὲ
645 1973 716 2025 ἔχω
734 1971 798 2019 τὴν
819 1971 1010 2026 μαρτυρίαν
1033 1973 1173 2023 μείζονα

141 2037 200 2070 τοῦ
220 2033 383 2072 Ιωάννου.
404 2034 516 2073 Ποίαν
538 2034 578 2082 δὴ
603 2034 755 2081 ταύτην,
775 2035 808 2071 Τ
810 2033 851 2080 ὴν
877 2033 946 2072 ἀπὸ
962 2036 1030 2071 τῶν
1048 2033 1171 2085 ἔργων.

143 2093 200 2131 Τὰ
231 2094 297 2147 γὰρ
318 2095 422 2149 ἔργα,
445 2096 561 2149 φησιν,
578 2096 600 2133 ἃ
627 2094 736 2134 ἔδωκε’
755 2110 814 2146 μοι
833 2098 850 2135 ὁ
872 2094 1019 2148 Πατὴρ,
1038 2094 1094 2133 ἵνα
1112 2112 1171 2133 τε,

141 2154 277 2194 λειώσω
291 2157 391 2205 αὐτὰ,
413 2157 501 2196 αὐτὰ
516 2157 560 2196 τὰ
579 2157 664 2209 ἔργα
683 2155 764 2207 περὶ
783 2157 867 2207 ἐμοῦ
885 2163 1066 2209 μαρτυρεῖ,
1088 2156 1140 2194 ὅτι
1155 2160 1173 2195 ὃ

142 2216 270 2269 Πατήρ
284 2233 329 2268 με
344 2219 562 2257 ἀπέστειλεν.
580 2218 756 2257 Ἐνταῦθα
770 2220 829 2255 τοῦ
841 2217 1098 2268 παραλυθέντος
1114 2218 1172 2256 καὶ

142 2278 349 2329 ὀρθωθέντος
386 2279 578 2330 ἀνέμνησε,
597 2278 656 2317 καὶ
677 2277 801 2331 ἑτέρων
818 2277 1028 2316 οπλειόνων·
1048 2277 1093 2317 τὰ
1111 2278 1172 2329 μὲν

143 2339 303 2392 ῥήματα,
335 2334 428 2378 εἶπεν
447 2339 531 2384 ἴσως
550 2340 590 2378 ἄν
610 2356 660 2385 τις
692 2342 817 2387 αὐτῶν,
836 2338 972 2390 κόμπον
1005 2333 1092 2377 εἶναι
1114 2339 1172 2377 καὶ

142 2400 258 2452 φιλίας
284 2404 346 2447 τῆς
362 2401 524 2439 Ἰωάννου
555 2401 678 2454 χάριν·
712 2399 826 2439 καίτοι
857 2399 933 2438 οὐδὲ
966 2404 1065 2438 τοῦτο
1093 2402 1170 2446 ἐνῆν

143 2464 257 2504 αὐτοῖς
287 2464 393 2499 εἰπεῖν
422 2462 502 2514 περὶ
522 2461 706 2508 Ἰωάννου,
732 2461 851 2513 ἀνδρὸς
881 2459 972 2511 μετὰ
992 2460 1172 2512 ἀκριὸείας

144 2525 339 2574 φιλοσοφεῖν
361 2522 508 2570 εἰδότος,
536 2521 596 2559 καὶ
613 2521 703 2559 οὕτω
721 2522 804 2571 παρ’
821 2523 935 2564 αὐτοῖς
955 2520 1171 2570 θαυμασθέν-

143 2599 218 2626 τος·
237 2582 282 2620 τὰ
302 2582 337 2621 δὲ
356 2583 551 2635 πράγματα
576 2584 637 2620 οὐκ
663 2581 714 2619 ἔτι
735 2580 812 2619 οὐδὲ
832 2580 929 2633 παρὰ
947 2587 1018 2624 τοῖς
1046 2596 1171 2631 μαινο-

145 2643 259 2695 μένοις
279 2643 410 2695 σφόδρα
421 2643 547 2689 ταύτην
560 2643 708 2688 ἠδύνατο
724 2641 785 2689 τὴν
807 2641 968 2680 ὑπόνοιαν
984 2641 1089 2692 ἔχειν,
1104 2640 1172 2679 Διὰ

143 2710 243 2743 τοῦτο
264 2704 425 2757 δευτέραν
445 2703 576 2750 ταύτην
596 2702 752 2753 ἐπήγαγε
768 2700 1172 2753 μαρτυρίαν,εἷπών·Τὰ

143 2767 228 2819 ἔργα
245 2766 266 2803 ἃ
285 2764 393 2804 ἔδωκε’
407 2781 465 2816 μοι
483 2767 500 2802 ὁ
519 2763 712 2817 Πατὴρῗνα
728 2761 902 2801 τελειώσω)
919 2763 1020 2809 αὐτὰ,
1030 2761 1118 2799 αὐτὰ
1129 2761 1173 2799 τὰ

144 2829 241 2880 ἔργα,
254 2826 352 2878 ἃέγὼ
367 2828 470 2874 ποιῶ,
482 2831 650 2878 μαρτυρεῖ
660 2823 740 2877 περὶ
751 2827 849 2874 ἐμοῦ,
863 2825 915 2860 ὅτι
932 2821 1116 2860 ἀπέστειλέ
1131 2837 1173 2872 με

145 2893 162 2927 ὃ
183 2888 322 2939 Πατήρ.
348 2888 522 2926 Ἐνταῦθα
541 2886 600 2924 καὶ
619 2886 705 2939 πρὸς
721 2885 782 2932 τὴν
807 2883 1019 2936 κατηγορίαν
1036 2886 1098 2930 της
1114 2887 1173 2920 τοῦ

146 2948 321 2987 σαὲἷάτου
336 2948 467 2991 λύσεως
482 2947 633 2987 ἵσταται.
651 2945 797 2993 Ἐπειδὴ
809 2945 877 2999 γὰρ
893 2945 1008 2995 ἔλεγον
1029 2947 1172 2989 ἐκεῖνοι,

145 3013 218 3053 πῶς
242 3009 382 3047 δύναται
401 3003 488 3046 εἶναι
504 3010 573 3047 ἀπὸ
597 3012 656 3047 τοῦ
674 3010 781 3056 Θεοῦ,
801 3007 909 3046 ὅτιτὸ
928 3006 1104 3045 σάόἔατον
1131 3006 1170 3042 οὐ

191 3141 200 3150 '
226 3140 236 3180 [
253 3143 301 3172 καὶ
319 3142 463 3176 ἠθέλησαν
479 3142 713 3180 ἀγαλλιασθῆναι
727 3135 859 3169 addunt
874 3134 977 3169 Savil.
996 3142 1028 3167 et
1043 3133 1152 3168 Codd.

146 3189 280 3234 nostri.}
1148 3234 1154 3240 ⁴

190 3252 203 3265 ὓ
229 3240 288 3273 Alli
312 3244 380 3283 ὑμῖν
407 3246 580 3285 ἑγγυτέρων.
601 3241 703 3281 [ΜοΧ
727 3238 829 3272 Savil.
857 3246 890 3270 et
913 3236 1022 3270 Codcl.
1051 3244 1155 3268 nostrl

147 3297 210 3326 εἶτα
237 3298 461 3335 καθαπτόμενος
487 3297 595 3330 αὐτῶν,
622 3298 670 3325 καὶ
698 3297 795 3329 εἰπὼν,
813 3295 858 3324 ὅτι
881 3305 914 3324 π.
943 3294 976 3322 ὦ,
996 3293 1154 3327 ἠθέλησαν.

146 3346 231 3377 Tum
252 3350 323 3389 genti
343 3348 443 3386 αὖτοῡ,
459 3350 511 3382 τὴν
524 3359 627 3388 upon.
650 3347 745 3377 αὐτῶν
763 3345 850 3381 ἔδειξε
863 3357 911 3376 675-
933 3357 959 3375 κ.
984 3345 1032 3375 αδ.
1050 3344 1157 3384 Aiofus-a

2138 203 2162 230 2
2170 205 2191 247 7
2203 186 2226 231 5

1240 272 1373 311 scilicet
1389 274 1458 312 cito
1473 274 1519 312 ab
1536 275 1597 312 illo
1612 275 1812 313 resilierint.
1828 278 1891 314 50.
1908 278 1991 328 Ego
2008 288 2136 316 autem
2157 282 2226 319 Ιια-

1241 334 1309 370 beo
1322 337 1447 385 majus
1470 338 1728 373 testimonium
1743 337 1775 374 J
1773 351 1911 375 oanne.
1923 338 1962 376 Si
1977 338 2113 377 velletis
2132 342 2224 380 enim

1239 393 1435 430 secundum
1452 408 1573 432 veram
1584 409 1702 433 rerum
1721 396 1846 434 scriem
1864 397 1972 436 fidem
1991 401 2158 452 accipere,
2181 403 2225 439 ab

1240 452 1407 503 operibus
1425 468 1488 492 vos
1500 456 1613 506 magis
1626 455 1857 495 induxissem.
1868 458 1962 505 Quia
1973 474 2056 499 vero
2069 475 2138 498 non
2153 463 2227 500 vul-

1239 512 1300 562 tis,
1322 513 1367 550 ad
1386 515 1556 554 Joannem
1580 530 1642 555 vos
1662 518 1778 568 duc03
1800 533 1869 556 non
1889 519 1988 570 quod
2012 521 2088 573 ejus
2106 535 2227 573 egeam

1239 575 1459 626 testimoni03
1482 576 1544 615 sed
1568 577 1652 627 quia
1685 577 1765 616 ideo
1799 580 1916 617 omnia
1945 580 2036 619 facio
2059 591 2098 620 ut
2125 583 2226 620 vobis

1240 636 1391 675 salutem
1410 638 1559 690 pariam.
1581 639 1844 679 Testimonium
1865 641 1960 680 enim
1979 643 2094 696 majus
2116 643 2228 682 babeo

1240 714 1347 750 quam
1364 701 1510 740 Joannis
1520 718 1532 752 3
1546 702 1593 740 ab
1612 703 1789 755 operibus.
1805 706 1944 744 Verum
1961 719 2030 744 non
2045 706 2090 744 ad
2103 707 2226 760 idspe-

1242 770 1297 801 cto
1323 765 1452 813 solum,
1471 774 1509 803 ut
1530 780 1550 803 a
1570 766 1641 804 fide
1665 767 1784 818 dignis
1808 768 1895 807 viris
1919 770 2016 822 apud
2038 784 2101 809 vos
2129 785 2226 809 com-

1242 825 1406 874 mensim-5
1422 826 1484 864 sed
1498 835 1536 864 ut
1557 841 1577 864 a
1598 827 1700 866 vohis
1719 829 1825 879 notis,
1847 829 1907 880 qui
1927 830 2024 882 apud
2039 845 2102 869 vos
2121 832 2230 870 mira-

1241 887 1332 924 biles
1352 887 1562 926 habeantur.
1587 889 1646 927 Sic
1666 900 1852 941 postquam
1872 891 1952 930 illos
1971 892 2160 931 incesserat
2172 894 2230 932 his

1244 947 1373 997 verbis,
1395 949 1578 988 Voluistis
1605 951 1801 989 exsultare
1831 953 1884 990 ad
1909 954 2045 991 horam
2074 957 2115 991 in
2147 955 2230 993 luce

1243 1011 1324 1060 ejus
1337 1039 1349 1055 ‚
1385 1008 1759 1062 demonstraveratque
1791 1012 1883 1050 illud
1912 1028 2034 1052 eorum
2070 1015 2230 1054 studium

1241 1078 1508 1122 temporaneum
1524 1085 1565 1110 ac
1583 1072 1731 1111 minime
1749 1073 1894 1112 firmum
1918 1076 2026 1114 fuisse
2036 1092 2048 1127 3
2071 1091 2151 1115 cum
2170 1078 2226 1115 lu-

1243 1145 1383 1170 cernam
1400 1132 1517 1184 ipsum
1537 1133 1691 1182 vocavit,
1704 1135 1857 1173 ostendit
1876 1136 1992 1188 ipsum
2010 1151 2029 1174 a
2044 1139 2229 1190 semetipso

1243 1192 1358 1230 lucem
1377 1207 1445 1231 non
1469 1193 1614 1244 habere,
1629 1193 1690 1232 sed
1710 1208 1730 1232 a
1751 1196 1865 1246 gratia
1884 1197 2052 1248 Spiritus.
2070 1198 2231 1237 Necdum

1243 1262 1359 1292 tamen
1376 1254 1471 1292 dixit
1490 1255 1526 1292 in
1548 1268 1618 1306 quo
1639 1255 1799 1293 differret
1820 1256 1866 1294 ab
1881 1257 1970 1309 ipso,
1985 1258 2080 1309 quod
2096 1260 2231 1298 scilicet

1243 1314 1318 1366 ipse
1337 1315 1388 1352 sol
1405 1315 1552 1367 justitiae
1572 1325 1660 1354 esset
1668 1331 1680 1366 3
1699 1316 1760 1354 sed
1789 1331 1871 1354 cum
1895 1317 1987 1356 illud
2003 1319 2228 1359 subindicas-

1196 886 1218 915 B

1243 1392 1293 1421 set
1313 1392 1463 1433 tantum,
1481 1384 1516 1421 in
1548 1384 1627 1422 illos
1656 1384 1879 1422 vehementer
1901 1385 2094 1435 invehitur,
2114 1398 2230 1428 osten-

1242 1450 1364 1500 ditque
1379 1451 1460 1489 illos
1479 1450 1601 1488 eodem
1614 1451 1723 1488 animi
1740 1452 1931 1503 proposito,
1941 1468 2012 1504 quo
2029 1455 2133 1493 illum
2149 1471 2228 1495 con-

1242 1525 1445 1565 temsemnt,
1470 1517 1613 1555 Christo
1642 1517 1782 1556 credere
1808 1518 1974 1557 noluisse.
2001 1522 2093 1558 Nam
2117 1524 2226 1562 Joan-

1243 1598 1321 1622 nem
1343 1584 1413 1622 Ad
1432 1586 1568 1622 horam
1590 1584 1706 1623 solum
1726 1584 1892 1623 admirati
1916 1596 1997 1625 sunt
2017 1603 2025 1624 t
2045 1588 2142 1638 quod
2162 1591 2230 1628 nisi

1242 1652 1414 1702 fecissent,
1432 1651 1500 1690 cito
1520 1652 1601 1690 illos
1620 1651 1665 1689 ad
1684 1654 1807 1692 Jesum
1827 1652 2000 1691 ducturus
2021 1664 2105 1692 erat.
2130 1656 2229 1695 Post-

1243 1733 1350 1770 quam
1374 1719 1484 1770 igitur
1512 1718 1594 1756 illos
1620 1718 1717 1757 omni
1741 1733 1786 1757 ex
1811 1729 1909 1771 parte
1935 1720 2103 1773 indignos
2127 1724 2229 1761 venia

1243 1787 1455 1835 ostenderat,
1475 1786 1618 1825 addidit
1637 1803 1644 1823 :
1664 1788 1748 1839 Ego
1770 1797 1897 1826 autem
1918 1790 2041 1827 habeo
2062 1795 2229 1830 testimo-

1244 1859 1350 1894 nium
1382 1858 1507 1908 majus
1538 1856 1707 1893 Joanne,
1737 1855 1880 1902 Quale?
1907 1857 2079 1909 Operum.
2104 1860 2229 1910 Opera

1241 1927 1358 1970 enim,
1378 1923 1505 1974 inquit,
1526 1937 1611 1975 qicce
1636 1923 1740 1960 dedic
1766 1923 1862 1959 mihi
1886 1924 2020 1971 Pater,
2051 1932 2091 1961 nt
2113 1926 2228 1977 perfi-

1241 1994 1342 2029 ciam
1363 2005 1422 2038 ea,
1445 1993 1529 2043 ipsa
1546 2004 1662 2042 opera
1682 1992 1942 2029 testimonium
1959 1993 2163 2043 perhibent
2182 1993 2229 2029 de

1242 2073 1314 2106 me,
1338 2060 1432 2110 quia
1457 2059 1579 2096 Pater·
1598 2071 1657 2095 me
1680 2059 1796 2094 misit.
1817 2056 1884 2094 Hic
1901 2058 2142 2110 paralyticum
2173 2074 2227 2098 sa—

1240 2135 1364 2164 natum
1391 2133 1424 2162 et
1450 2124 1540 2162 alios
1560 2123 1693 2161 multos
1715 2133 1976 2161 commemorat.
2004 2125 2125 2164 Verba
2143 2127 2225 2177 qui-

1240 2193 1335 2241 dem,
1365 2190 1514 2229 dixisset
1534 2190 1622 2227 forte
1641 2188 1821 2240 quispiam
1852 2202 1990 2240 eorum>
2011 2189 2072 2227 illa
2091 2192 2227 2242 magui-

1241 2259 1309 2297 fica
1329 2260 1480 2298 Joannes
1505 2255 1553 2294 ad
1573 2255 1723 2307 gratiam
1750 2254 1883 2292 dixerit
1893 2270 1905 2305 3
1928 2255 2011 2293 licet
2027 2264 2143 2294 tamen
2160 2257 2226 2295 hoc

1241 2328 1358 2366 dicere
1376 2340 1444 2364 non
1462 2334 1603 2378 possent
1616 2323 1661 2361 de
1679 2325 1812 2362 Joanne
1833 2322 1881 2360 ita
1901 2322 2136 2375 philosophiae
2152 2333 2226 2362 stu-

1196 2411 1221 2441 ῃ
1242 2395 1355 2443 dioso,
1394 2407 1499 2444 quem
1535 2390 1827 2429 admirabantur:
1859 2402 1964 2440 opera
1998 2398 2131 2441 autem,
2168 2392 2226 2429 vel

1242 2461 1339 2514 apud
1353 2461 1507 2507 insanos,
1527 2457 1618 2496 nulli
1634 2465 1732 2494 erant
1750 2455 1941 2508 suspicioni
1957 2456 2123 2495 obnoxia.
2141 2458 2226 2498 Ideo

1240 2529 1391 2566 alterum
1407 2524 1562 2564 adduxit
1577 2523 1818 2562 testimonium
1834 2522 1956 2561 dicens
1971 2539 1979 2560 ε
2000 2526 2126 2576 Opera
2141 2539 2226 2577 quae

1242 2598 1348 2634 dedit
1367 2597 1462 2631 mihi
1479 2596 1612 2638 Pater,
1638 2600 1680 2627 ut
1697 2592 1899 2641 perficiam
1918 2606 1978 2639 ea,
2002 2595 2087 2645 ipsa
2103 2594 2228 2646 :opera

1243 2676 1327 2715 quoe
1349 2674 1416 2713 ego
1424 2660 1540 2713 facio
1557 2664 1748 2694 testantur
1768 2656 1816 2693 de
1836 2670 1909 2703 me,
1929 2663 2113 2709 quoniam
2125 2665 2228 2700 misit

1244 2743 1303 2768 me
1328 2729 1462 2766 Pater.
1485 2723 1554 2761 Hic
1579 2721 1837 2760 accusationem
1857 2722 1901 2760 de
1927 2723 2060 2763 violato
2080 2726 2228 2766 sabbato

1242 2794 1399 2847 depellit.
1423 2790 1520 2840 Quia
1543 2789 1638 2827 enim
1663 2788 1830 2826 dicebant
1860 2789 1928 2840 illi,
1950 2790 2140 2837 Quomodo
2159 2809 2225 2846 po-

1243 2873 1308 2903 test
1327 2878 1347 2900 a
1368 2863 1444 2902 Deo
1472 2872 1556 2907 esse,
1573 2857 1635 2908 qui
1655 2857 1844 2897 sabbatum
1864 2872 1932 2897 non
1955 2860 2133 2899 custodit?
2150 2863 2227 2901 ideo

1243 2931 1351 2979 dixit,
1379 2930 1472 2980 Quce
1492 2927 1597 2965 dedit
1629 2926 1725 2963 milii
1744 2927 1875 2964 Pater.
1904 2927 2055 2966 Etiamsi
2084 2929 2144 2968 ille
2164 2945 2228 2968 au-

1245 3000 1405 3040 ctoritate
1433 3011 1495 3036 sua
1524 3004 1662 3048 ageret3
1684 2995 1746 3033 sed
1774 3003 1811 3033 ut
1830 2995 1987 3034 validius
2006 3000 2169 3049 probaret
2193 3015 2226 3038 se

1223 3136 1253 3167 δὲ
1277 3136 1364 3166 oti-rba·
1382 3133 1512 3169 ἐκάλεσε,
1529 3130 1731 3165 [mab-abtim.
1751 3125 1949 3171 &ussai-soni
1963 3131 2067 3166 23:05,
2089 3134 2135 3161 aui
2152 3145 2177 3162 τ.
2194 3146 2224 3164 π.

1223 3188 1316 3224 δείξας
1334 3199 1382 3218 σν..
1403 3198 1430 3215 ν..
1449 3184 1497 3214 αδ
1517 3182 1620 3222 >bx-207
1637 3181 1724 3212 αὐτὸν
1741 3181 1860 3211 ἐκάλεσε
1873 3177 1970 3210 Codd
2002 3179 2139 3221 nostri.]

1267 3237 1284 3261 b
1307 3233 1424 3267 Morel.
1444 3237 1634 3265 καθικνεῖται.

1268 3298 1279 3311 ⁰
1304 3284 1416 3319 Morcl.
1437 3288 1586 3318 πλειὸιων.
1603 3282 1700 3318 ἐπειδὴ
1718 3286 1775 3324 γὰρ
1793 3286 1831 3314 τὰ
1846 3284 1981 3325 ῥήματα.
