2522 3683
100 2396 281 2436 Lur.23.5st.

98 2509 196 2534 ,Uare
218 2507 262 2535 15,

95 2550 146 2584 47-

98 2607 279 2636 ],1(ι·.ὶ3.5(ἷ.

99 3243 275 3273 anh,2&

90 3288 147 3311 1-th
162 3287 276 3313 (lurco,

329 212 424 257 816

1297 233 1468 262 SPURIA.

327 460 375 495 In
389 458 568 497 mulieres
585 473 670 511 quoe
682 471 878 513 unguenta
893 463 1108 502 attulerunt
1127 479 1138 501 .·
1152 473 1189 503 et
1205 466 1310 517 quod
1321 465 1367 530 Ὗ
1382 468 1441 510 Εἷς
1459 467 1522 509 τὰς
1551 465 1763 518 μυροφόρους
1785 473 1950 518 γυναῖκας
1969 484 1976 492 ·
2003 468 2062 506 καὶ
2081 467 2133 506 ὅτι
2157 467 2302 519 οὐδεμία
2321 468 2399 506 δια-

380 520 491 557 nulla
517 521 720 559 diversitas
739 523 806 560 vel
826 536 959 574 pugna
978 527 1192 576 reperiatur
1209 529 1310 564 inter

377 582 653 632 Evangelistas
678 585 782 620 circa
812 587 1129 623 resurrectionem
1147 587 1309 624 Domini

377 646 498 680 nostri
510 644 541 681 J
539 656 604 681 estc
617 644 775 681 Christi.

377 767 410 801 1.
438 767 511 813 Age
534 765 579 803 de
601 766 898 817 evangelistarum
924 768 1071 808 historia
1102 770 1194 808 circa
1225 785 1303 809 san-

321 826 413 854 ctam
447 818 580 856 Christi
612 819 901 858 resurrectionem
934 836 1046 873 pauca
1067 832 1189 861 vestrae
1210 824 1305 861 cari-

320 870 383 907 tati
416 869 644 920 disseramus,
684 872 978 924 ostendamusque
1015 875 1153 913 nullam
1186 890 1225 913 ea
1262 876 1306 913 ue

319 936 356 958 re
391 922 487 974 apud
533 924 766 974 evangelistas
801 925 1018 965 discordiam
1051 928 1108 967 vel
1146 942 1303 980 pugnam

319 976 479 1026 reperiri.
494 976 586 1022 Quia
600 977 695 1014 enim
714 976 779 1015 hac
797 978 841 1016 de
863 993 900 1016 re
916 980 1016 1018 vario
1042 979 1147 1018 modo
1166 981 1305 1030 loquuti

318 1037 399 1064 sunt
427 1037 579 1078 quatuor
612 1029 681 1079 illi,
720 1030 837 1068 visum
876 1040 927 1069 est
963 1032 1180 1082 quibusdam
1215 1033 1303 1070 insi-

317 1079 512 1130 pientibus,
536 1081 571 1119 in
597 1082 663 1119 hac
689 1083 889 1121 recensione
919 1098 1092 1135 pugnam,
1118 1085 1189 1122 imo
1208 1100 1305 1123 men-

316 1132 458 1170 dacium
472 1133 700 1185 deprehendi.
718 1135 838 1172 Sancti
851 1150 932 1174 vero
948 1137 1068 1174 Patres
1084 1137 1193 1175 nostri
1208 1152 1297 1189 pau-

316 1184 365 1221 cis
381 1185 526 1222 illorum
544 1186 731 1223 stultitiam
749 1188 973 1226 confutarunt
992 1189 1160 1237 dicentes,
1184 1190 1303 1240 singu-

317 1237 368 1274 los
395 1238 628 1287 evangelistas
665 1238 822 1289 singulas
848 1241 1083 1292 profectiones
1109 1242 1303 1280 mulierum

314 1298 347 1326 et
366 1291 606 1341 apostolorum
625 1290 671 1328 ad
690 1290 856 1330 divinum
871 1293 1073 1345 sepulcrum
1086 1294 1300 1344 narravisse,

313 1356 392 1391 qua}
410 1342 563 1380 diversis
578 1344 675 1381 fuere
688 1345 931 1396 temporibus;
951 1347 1161 1398 nullumque
1180 1361 1301 1385 eorum

314 1395 514 1433 meminisse
533 1410 610 1446 quae
627 1396 663 1433 in
682 1397 827 1435 alterius
852 1399 1051 1437 narratione
1074 1400 1278 1438 ferebantur
1291 1431 1299 1447 ,

314 1447 534 1485 sanctissimo
558 1448 711 1500 Spiritu,
729 1450 791 1500 qui
811 1465 872 1502 per
888 1451 981 1503 ipsos
1008 1453 1230 1503 loquebatur,
1253 1453 1300 1491 ita

312 1499 553 1551 dispensante,
573 1510 612 1537 ut
628 1501 719 1539 nihil
741 1511 827 1540 tunc
854 1513 1035 1554 gestorum
1054 1505 1300 1557 praetermitte-

312 1561 422 1601 retur,
445 1562 478 1590 et
499 1567 578 1590 cum
606 1568 726 1591 omnes
757 1555 889 1593 diversi
918 1559 1088 1609 temporis
1114 1557 1300 1596 historiam

311 1615 620 1655 persequerentur,
640 1607 755 1644 omnis
774 1608 986 1660 suspicionis
1006 1610 1190 1648 materiam
1208 1611 1300 1648 effu-

310 1653 442 1706 gerent.
477 1659 609 1697 Verum
635 1659 718 1709 quia
731 1689 742 1709 ,
767 1660 830 1697 etsi
863 1661 1004 1700 diversa
1038 1663 1300 1714 distinguamus

310 1718 468 1761 tempora
488 1719 522 1748 et
537 1710 695 1749 diversas
714 1712 908 1750 mulierum
927 1714 971 1752 ad
991 1716 1195 1767 sepulcrum
1216 1731 1299 1768 pro-

309 1762 488 1809 fectiones,
509 1777 597 1813 quas
614 1764 734 1801 Patres
756 1765 977 1815 invenerunt,
996 1768 1145 1818 quidam
1164 1778 1294 1818 tamen,

308 1813 502 1866 inspirante
511 1815 684 1865 daemone,
698 1831 766 1854 non
777 1831 928 1856 consona
943 1834 1006 1857 nec
1020 1821 1245 1871 congruentia
1259 1822 1297 1860 in

307 1866 491 1919 Scriptura
510 1883 528 1905 a
546 1868 756 1907 mulieribus
779 1869 1043 1920 dicijactitant3
1058 1887 1136 1924 age,
1152 1875 1295 1912 afflante

306 1929 425 1957 sancto
453 1920 605 1972 Spiritu,
625 1921 686 1958 illa
706 1936 770 1973 pro
790 1923 929 1961 viribus
947 1925 1177 1977 explicemus.
1198 1927 1290 1966 Novi

305 1972 399 2008 enim
424 1987 500 2021 nos,
539 1975 613 2010 Deo
641 1974 804 2024 juvante,
839 1977 936 2026 quod
960 1977 1101 2016 diversa
1130 1988 1288 2031 tempora

306 2038 386 2061 eum
418 2025 598 2072 (diverso)
629 2039 858 2077 personarum
890 2029 1044 2068 adventu
1078 2042 1287 2082 congruant,

304 2077 395 2114 ‹firca
419 2079 611 2130 Scripturae
630 2079 739 2117 verba
761 2094 830 2118 non
847 2082 1076 2135 prolapsuros
1098 2098 1184 2122 esse.
1208 2087 1288 2124 Jam

307 2143 385 2167 vero
398 2130 442 2167 de
458 2130 644 2168 Dominica
662 2132 823 2183 passione
852 2137 975 2186 paucis
1002 2150 1163 2187 agamus.
1183 2137 1288 2176 Dice-

302 2182 428 2219 bamus
441 2183 614 2221 traditum
633 2185 741 2222 fuisse
759 2188 953 2225 Dominum
975 2189 1089 2227 Pilato
1112 2205 1120 2226 :
1141 2189 1287 2229 deinde-

300 2249 368 2285 que
397 2235 611 2274 crucifixum
637 2246 669 2275 et
694 2247 879 2277 mortuum
902 2240 1010 2279 fuisse
1032 2251 1070 2279 ut
1092 2243 1285 2282 hominem.

301 2288 469 2339 Sepultus
496 2303 636 2340 quoque
662 2290 748 2338 fuit,
768 2300 802 2329 et
829 2292 919 2344 lapis
945 2307 1095 2345 magnus
1124 2296 1286 2347 sepulcro

299 2339 487 2391 impositus
502 2351 551 2380 est
562 2372 572 2389 ,
588 2343 649 2392 qui
665 2342 871 2394 obsignatus
887 2346 956 2384 fuit
972 2361 991 2384 a
1011 2348 1162 2397 Judaeis,
1185 2358 1218 2386 et
1234 2364 1294 2387 cu-

298 2392 449 2432 stoditus
476 2409 494 2431 a
520 2394 709 2433 militibus.
742 2396 826 2434 Haec
852 2399 1102 2449 quandonam?
1124 2403 1282 2453 Vespera

300 2446 508 2485 parasceves
531 2463 539 2483 :
564 2462 646 2485 nam
673 2449 862 2487 sabbatum
894 2451 1130 2492 illucescebat.
1157 2455 1281 2493 Multae

300 2512 449 2549 namque
463 2500 582 2551 probae
597 2501 809 2553 optimaeque
824 2503 988 2543 mulieres
999 2536 1008 2554 ,
1029 2521 1106 2557 quae
1122 2521 1203 2545 cum
1218 2508 1280 2546 illo

299 2551 525 2590 ascenderant
551 2567 594 2591 ex
623 2554 788 2603 Galilaea,
818 2555 986 2595 viderunt
1014 2573 1053 2596 ea
1081 2574 1159 2610 quae
1188 2561 1279 2599 facta

298 2612 378 2639 suut
393 2633 401 2647 ‚
418 2613 449 2641 et
466 2606 682 2656 sepulcrum,
697 2616 729 2644 et
750 2609 905 2660 corporis
927 2610 1046 2649 situm.
1068 2612 1114 2650 Et
1132 2613 1279 2652 sabbato

298 2655 455 2705 quidem,
473 2667 510 2694 ut
523 2658 694 2710 scriptum
708 2669 774 2709 cst,
789 2662 999 2712 quieverunt
1012 2674 1050 2703 ut
1060 2675 1278 2718 prccceptum

297 2718 365 2745 erat
376 2738 384 2752 ‚
405 2720 632 2760 emeruntque
646 2723 802 2752 aromata
817 2723 849 2751 et
867 2726 1063 2767 unguenta,
1080 2728 1120 2756 ut
1134 2720 1278 2758 Venien-

296 2768 345 2796 tes
373 2772 542 2811 ungerent
566 2766 699 2802 Jesum.
725 2766 817 2804 Hine
842 2768 1102 2816 animadverte,
1127 2771 1275 2822 dilecte,

295 2812 342 2848 rei
364 2823 581 2851 concentum.
602 2818 788 2867 Unguenta
804 2820 950 2859 sabbato
968 2837 1138 2873 paravere
1158 2825 1274 2863 Maria

295 2865 505 2915 Magdalcna
518 2896 527 2913 ,
547 2869 681 2906 Joanna
694 2899 704 2917 ,
727 2871 867 2909 Salome
882 2882 915 2910 et
928 2875 1074 2926 reliquae
1095 2877 1274 2925 mulieres,

294 2926 332 2954 ut
353 2926 472 2968 postca
495 2922 674 2957 venientes
693 2936 762 2960 una
784 2925 1030 2977 sabbatorum,
1054 2927 1091 2965 id
1110 2938 1174 2973 est,
1194 2931 1273 2968 Do—

292 2970 443 3017 minica,
473 2981 641 3021 ungerent
669 2988 761 3011 eum.
790 2977 859 3014 Sed
891 2979 1004 3016 Maria
1028 2981 1172 3029 Jacobi,
1196 2996 1274 3032 quae

291 3031 364 3059 crat
381 3023 533 3074 Deipara
551 3024 618 3071 (ita
633 3025 727 3062 enim
747 3035 831 3064 tunc
845 3031 1049 3080 vocabatur,
1068 3043 1106 3072 ut
1124 3048 1274 3072 noverca

289 3075 425 3123 Jacobi,
446 3076 506 3125 qui
525 3077 769 3127 appellabatur
790 3079 896 3118 frater
915 3084 1096 3134 Domini),
1118 3100 1191 3137 prae
1212 3087 1274 3125 do-

291 3127 363 3164 lore
396 3142 463 3165 non
494 3128 609 3179 potuit
629 3143 691 3180 per
712 3138 820 3167 totam
854 3143 991 3172 noctem
1013 3137 1200 3176 sabbatum
1222 3141 1275 3177 in-

292 3189 493 3229 sequentem
522 3181 683 3230 differrc,
703 3182 763 3219 sed
788 3197 931 3235 vespere
950 3188 1178 3228 sabbatorum
1204 3202 1272 3230 sta-

296 3232 355 3268 tim
383 3233 498 3279 venit,
518 3233 584 3270 boc
617 3243 687 3282 est,
718 3234 818 3273 tarde
848 3247 928 3288 post
952 3240 1153 3279 sabbatum.
1186 3245 1276 3282 Sane

292 3286 440 3333 quidam
462 3286 757 3334 evangelistarum
779 3289 935 3340 Vespere
958 3292 1184 3331 sabbatorum
1214 3297 1276 3334 lia—

292 3338 392 3384 bent,
431 3347 469 3375 ut
501 3339 652 3376 solemus
699 3338 828 3382 dicere,
862 3342 982 3380 Tarde
1025 3354 1101 3395 post
1139 3346 1274 3390 boram,

293 3390 390 3427 tarde
434 3400 509 3441 post
555 3400 703 3442 tempus.
764 3395 884 3442 Neque
931 3396 1023 3433 enim
1072 3398 1188 3436 statim
1243 3401 1275 3437 iu

1431 527 1542 579 φωνία
1567 528 1645 565 οὐδὲ
1666 527 1863 570 ἐναντίωσις
1894 529 1927 566 ἐν
1954 534 2024 573 τοῖς
2054 529 2316 582 εὐαγγελισταῖς
2346 529 2401 566 εὑ-

1432 588 1589 640 ρίσκεται
1608 587 1688 641 περὶ
1717 590 1780 634 τῆς
1812 587 2034 633 ἀναστάσεως
2062 594 2122 627 τοῦ
2142 589 2270 642 Κυρίου
2299 592 2400 640 ἡμῶν

1430 649 1547 696 Ἰησοῦ
1568 651 1732 702 Χριστοῦ.

1428 773 1526 827 Φέρε
1545 773 1585 820 δὴ
1615 773 1695 826 περὶ
1715 776 1777 819 τῆς
1808 775 1875 811 τῶν
1909 774 2160 825 εὖαγγελιστῶν
2180 773 2334 825 ἱστορίας
2353 776 2400 819 εἷς

1373 826 1434 873 τὴν
1453 826 1552 877 ἁγίαν
1578 825 1766 865 ἀνάστασιν
1787 831 1846 865 τοῦ
1875 828 2027 879 Χριστοῦ
2058 826 2190 878 βραχέα
2210 827 2400 878 διαλεχθῶ-

1375 895 1436 928 μεν
1465 882 1506 930 τῆ
1538 878 1645 928 ὓμετέ
1670 895 1691 931 α
1716 878 1857 930 ἀγάπῃ,
1877 879 1936 917 καὶ
1975 878 2138 929 δείξωμεν
2168 878 2221 916 ὅτι
2255 879 2398 930 οὐδεμία

1375 930 1563 983 διαφωνία,
1586 933 1661 969 οὐδε
1683 931 1880 976 ἐναντίωσις
1903 934 1937 969 ἐν
1962 937 2033 975 τοῖς
2064 933 2324 982 εὐαγγελισταῖς
2349 935 2400 970 εὑ-

1376 983 1530 1034 ρίσκεται
1549 984 1628 1036 περὶ
1662 987 1777 1030 αὐτῆς.
1806 983 1950 1030 Ἐπειδὴ
1983 983 2050 1037 γὰρ
2078 986 2109 1021 οἳ
2141 984 2305 1037 τέσσαρες
2337 986 2398 1022 ἀλ-

1373 1035 1474 1078 λοίως
1493 1035 1621 1082 ταύτην
1643 1035 1824 1084 ἐξέδωκαν,
1843 1037 1953 1081 ἔδοξεν
1968 1038 2002 1074 ἐν
2023 1038 2212 1088 ὀφθαλμοῖς
2235 1037 2396 1090 ἀφρόνων

1375 1088 1544 1139 διαφωνία
1566 1082 1654 1126 εἶναι
1680 1089 1724 1126 τὰ
1751 1090 1996 1140 γεγραμμένα,
2025 1089 2083 1128 καὶ
2113 1091 2235 1141 ψεῦδος
2263 1089 2397 1130 λοιπόν.

1374 1143 1419 1178 Οἱ
1443 1140 1477 1178 δὲ
1498 1142 1590 1191 ἅγιοι
1607 1141 1753 1192 πατέρες
1780 1145 1880 1191 ἡμῶν
1902 1144 2024 1193 βραχεῖ
2042 1141 2134 1194 λόγῳ
2150 1141 2309 1180 διέλυσαν
2333 1142 2396 1190 τὴν

1372 1192 1511 1230 ἐκείνων
1539 1193 1670 1239 ἄνοιαν,
1694 1193 1838 1231 ἕκαστον
1861 1198 1929 1231 τῶν
1949 1196 2203 1245 εὖαγγελιστῶν
2224 1196 2398 1247 εἰρηκότες

1373 1245 1460 1283 ἰδίαν
1483 1244 1597 1297 ἄφιξιν
1614 1249 1786 1297 γυναικῶν
1810 1262 1848 1283 τε
1870 1246 1928 1283 καὶ
1948 1247 2150 1284 ἀποστόλων
2167 1247 2225 1285 ἐπὶ
2253 1246 2292 1285 τὸ
2309 1253 2396 1286 θεῖον

1372 1304 1539 1349 μνημεῖον
1574 1298 1807 1350 γεγενημένην
1852 1300 2078 1351 ἀνιστορῆσαι
2097 1301 2188 1337 κατὰ
2217 1299 2397 1353 διαφόρους

1369 1349 1531 1402 καιροὺς,
1561 1350 1621 1388 καὶ
1654 1350 1786 1401 μηδένα
1819 1354 1943 1389 αὐτῶν-
1964 1355 2025 1398 τῆς
2062 1351 2167 1389 ἄλλου
2203 1351 2396 1404 ἐξηγήσεως

1370 1405 1644 1453 ἐπιμνησθῆναι,
1664 1402 1753 1442 οὕτω
1775 1408 1834 1442 τοῦ
1852 1403 2022 1455 παναγίου
2042 1404 2247 1455 Πνεύματος
2269 1409 2328 1443 τοῦ
2351 1406 2394 1444 δι’

1370 1458 1482 1494 αὐτῶν
1509 1457 1694 1499 λαλοῦντος
1713 1456 2023 1507 οἶκονομήσαντος,
2043 1456 2099 1494 ἵνα
2130 1457 2188 1495 καὶ
2219 1461 2288 1495 τῶν
2317 1458 2395 1496 τότε

1368 1508 1559 1559 γινομένων
1581 1508 1687 1558 μηδὲν
1710 1512 1890 1560 παροφθῇ,
1912 1509 1970 1546 καὶ
1992 1513 2042 1562 τῷ
2061 1508 2108 1559 μὴ
2124 1509 2180 1547 τὸν
2197 1510 2296 1548 αὐτὸν
2313 1526 2392 1548 και-

1370 1561 1426 1612 ρὸν
1448 1561 1660 1613 διειληφέναι
1676 1560 1828 1608 πάντας,
1850 1561 2023 1613 ἐκφύγωσι
2042 1567 2102 1600 τοῦ
2117 1563 2309 1613 ἐνδυασμοῦ
2329 1563 2392 1610 τὴν

1368 1613 1542 1653 ὑπόνοιαν.
1564 1614 1658 1652 ἈλλΊ
1679 1614 1774 1661 ἐπεὶ,
1794 1614 1857 1651 κᾶν
1875 1613 2056 1667 διαφόρους
2076 1615 2190 1665 δῶμεν
2210 1615 2289 1658 τοὺς
2314 1632 2392 1654 και-

1370 1666 1445 1718 ροὺς
1465 1667 1523 1704 καὶ
1544 1666 1606 1709 τὰς
1635 1666 1693 1705 ἐπὶ
1722 1667 1762 1705 τὸ
1797 1669 1918 1717 μνῆμα
1945 1671 2014 1704 τῶν
2036 1670 2210 1718 γυναικῶν
2243 1667 2392 1720 ἀφίξεις,

1366 1721 1412 1761 ὡς
1443 1721 1473 1757 οἳ
1516 1720 1662 1772 πατέρες
1695 1719 1895 1771 εὑρήκασιν,
1930 1718 2023 1769 ὅμως
2059 1719 2294 1770 ἀναρμοστίαν
2333 1722 2392 1759 καὶ

1367 1772 1591 1822 ἀσυμὸασίαν
1623 1775 1691 1809 τῶν
1719 1772 1971 1822 γεγραμμένων
2006 1774 2163 1823 εἰρῆσθαι
2195 1772 2292 1824 παρὰ
2322 1777 2390 1812 τῶν

1363 1827 1539 1875 γυναικῶν
1564 1824 1796 1877 κατηγοροῦσί
1815 1839 1905 1866 τινες
1925 1824 1990 1862 ὑπὸ
2018 1824 2177 1876 δαίμονος
2195 1825 2391 1878 ἐνηχούμε-

1361 1891 1424 1915 νοι·
1441 1877 1522 1931 φέρε
1534 1881 1576 1929 τῇ
1593 1876 1754 1928 ἐπιπνοίᾳ
1765 1881 1825 1914 τοῦ
1844 1876 2014 1928 παναγίου
2032 1877 2236 1938 ΠνεύμαΞος
2253 1878 2296 1915 τὰ
2311 1879 2391 1932 περὶ

1359 1935 1501 1983 τούτων,
1523 1935 1614 1974 καθὰ
1631 1940 1827 1988 χωροῦμεν,
1847 1935 2133 1988 διασαφήσωμεν..
2151 1937 2241 1974 Οἶδα
2256 1936 2323 1989 γὰρ
2355 1939 2390 1975 ἐν

1359 1995 1440 2046 Θεῷ
1454 2024 1463 2041 ,
1489 1998 1534 2038 ὡς
1569 1994 1812 2047 ἁρμοζομένων
1845 1996 1914 2032 τῶν
1948 1994 2119 2047 διαφόρων
2149 1996 2293 2049 καιρῶν,
2331 1996 2390 2035 καὶ

1357 2055 1420 2099 τῆς
1433 2057 1502 2092 τῶν
1520 2055 1717 2106 προσώπων
1739 2052 1963 2101 ἐπιστασίας,
1980 2055 2017 2091 οὐ
2041 2053 2285 2105 προσκόψομεν
2305 2054 2391 2108 πρὸς

1357 2110 1402 2148 τὰ
1423 2112 1576 2164 ῥήματα.
1593 2111 1651 2150 Τὰ
1679 2111 1740 2163 μὲν
1769 2104 1827 2149 οῧν
1847 2114 1906 2149 τοῦ
1941 2111 2072 2155 πάθους
2091 2116 2150 2150 τοῦ
2183 2113 2388 2151 δεσποτικοῦ

1359 2170 1537 2222 συντόμως
1571 2170 1771 2221 διέλθωμεν.
1792 2169 1981 2220 Ἔλέγομεν
2013 2169 2073 2217 δὲ,
2093 2172 2139 2214 ὡς
2174 2171 2349 2224 παρεδόθη
2371 2175 2389 2211 ὃ

1357 2229 1484 2281 Κύριος
1500 2229 1645 2282 Πιλάτῳ
1658 2260 1667 2277 ,
1689 2223 1762 2267 εἶτα
1780 2228 1989 2279 σταυρωθεὶς
2005 2228 2207 2276 ἐτελεύτησε
2226 2230 2316 2268 κατὰ
2344 2230 2385 2269 τὸ

1358 2287 1585 2339 ἀνθρώπινον,
1603 2288 1711 2340 ἐτάφη
1728 2304 1784 2335 τε,
1802 2287 1861 2325 καὶ
1876 2287 1968 2330 λίθος
1987 2287 2132 2334 ἐπετέθη
2154 2290 2203 2339 τῷ
2222 2288 2382 2339 μνήματι

1359 2347 1486 2398 μέγας,
1501 2347 1559 2385 καὶ
1576 2346 1675 2389 αὐτὸς
1691 2345 1914 2398 σφραγισθεὶς
1942 2346 2009 2384 ὑπὸ
2027 2349 2095 2384 τῶν
2115 2346 2304 2395 Ἰουδαίων,
2325 2347 2385 2385 καὶ

1358 2406 1613 2458 φυλαττόμενος
1632 2405 1700 2444 ὑπὸ
1712 2408 1782 2442 τῶν
1808 2406 2042 2457 στρατιωτῶν.
2060 2405 2153 2442 Πότε
2172 2408 2304 2453 ταῦτα;
2325 2407 2381 2457 Τῇ

1357 2465 1488 2517 ἑσπέρᾳ
1520 2468 1582 2511 τῆς
1612 2466 1852 2516 παρασκευῆς·
1883 2463 2058 2503 σάὸὃατον
2090 2462 2158 2515 γὰρ
2190 2463 2381 2516 ἐπέφωσκε.

1355 2523 1492 2561 Πολλαὶ
1507 2523 1574 2574 γὰρ
1593 2523 1747 2575 χρησταὶ
1769 2523 1827 2560 ’καὶ
1848 2522 2037 2560 κάλλισται
2052 2528 2211 2573 γυναῖκες
2235 2537 2382 2560 συνανα-

1356 2581 1463 2620 &aaut
1487 2584 1580 2634 αὐτῷ
1607 2583 1646 2619 ἐκ
1664 2583 1726 2625 τ’ἧς
1747 2580 1961 2627 Γαλιλαίας,
1996 2574 2086 2617 εἶδον
2119 2579 2163 2617 τὰ
2195 2580 2381 2632 γεγονότα,

1354 2641 1413 2679 καὶ
1433 2641 1472 2679 τὸ
1493 2646 1673 2692 μνημεῖον,
1693 2640 1753 2678 καὶ
1771 2640 1834 2687 τὴν
1860 2639 1951 2678 θέσιν
1975 2643 2034 2676 τοῦ
2057 2638 2232 2690 σώματος.
2255 2639 2324 2677 Καὶ
2341 2640 2381 2679 τὸ

1354 2700 1416 2750 μὲν
1442 2700 1630 2747 σάὸὅατον,
1663 2701 1709 2742 ὡς
1739 2698 1959 2750 γέγραπται,
1981 2697 2161 2749 ἡσύχασαν
2197 2696 2288 2735 κατὰ
2317 2697 2379 2745 τὴν

1352 2758 1516 2805 ἐντολήν·
1540 2757 1721 2809 ἠγόρασαν
1743 2757 1778 2795 δὲ
1805 2755 1977 2808 ἀρώματα
2006 2755 2066 2793 καὶ
2096 2755 2212 2807 μύρα,
2230 2754 2287 2793 ἵνα
2319 2757 2381 2798 ἐλπ

1352 2821 1475 2856 θοῦσαι
1507 2816 1677 2868 ἀλείψωσι
1694 2816 1751 2854 τὸν
1779 2815 1926 2861 Ἰησοῦν.
1960 2816 2180 2852 Ἀπεντεῦθεν
2207 2813 2380 2866 πρόσεχε,

1351 2876 1523 2928 ἀγαπητὲ,
1546 2876 1609 2921 τὴν
1630 2873 1796 2928 ἁρμονίαν
1828 2877 1886 2912 τοῦ
1921 2872 2140 2924 πράγματος.
2159 2872 2378 2923 Ἡτοίμασαν

1350 2935 1392 2973 τὰ
1428 2934 1522 2986 μύρα
1554 2936 1603 2985 τῷ
1641 2932 1811 2984 σαὸὅάτῳ
1852 2930 1973 2981 Μαρία
1998 2934 2019 2976 ἡ
2061 2930 2280 2981 Μαγδαληνὴ
2319 2930 2378 2968 καὶ

1350 2992 1496 3030 Ἴωάννα
1525 2992 1584 3030 καὶ
1608 2990 1766 3041 Σαλώμη
1803 2989 1862 3027 καὶ
1890 2991 1925 3026 αἱ
1959 2988 2079 3026 λοιπαὶ
2106 2994 2285 3039 γυναῖκες,
2322 2987 2378 3026 ἵνα

1351 3053 1470 3091 λοιπὸν
1489 3056 1531 3104 τῇ
1550 3059 1612 3103 μιᾶΙ
1631 3054 1699 3089 τῶν
1724 3049 1909 3089 σαέῧάτων
1927 3050 2106 3096 ἐλθοῦσαι,
2127 3048 2203 3094 ἥτις
2232 3049 2323 3086 ἐστὶν
2354 3053 2375 3096 ἡ

1352 3111 1518 3164 κυριακὴ,
1535 3110 1723 3162 ἀλείψωσιν
1739 3107 1853 3146 αὐτόν.
1871 3107 1974 3145 Ἀλλὰ
1995 3107 2116 3158 Μαρία
2136 3111 2157 3153 ἡ
2180 3112 2239 3146 τοῦ
2254 3106 2377 3145 Ἰακώ-

1352 3170 1430 3217 ὅου,
1451 3170 1526 3216 ἥτις
1543 3163 1583 3215 ἦν
1603 3172 1624 3214 ἡ
1645 3166 1800 3209 θεοτόκος
1820 3165 1929 3213 (οὕτω
1949 3165 2016 3219 γὰρ
2045 3165 2264 3218 ἐχρημάτισε
2279 3165 2374 3213 τότε,

1350 3232 1395 3271 ὡς
1413 3228 1566 3280 μητρυιὰ
1578 3258 1587 3275 ,
1607 3226 1716 3279 φημὶ,
1736 3229 1794 3262 τοῦ
1811 3225 1982 3263 Ἰακώὸου
1998 3229 2056 3262 τοῦ
2071 3225 2258 3275 λεγομένου
2276 3225 2374 3262 ἀδελ-

1350 3292 1412 3338 φοῦ
1429 3292 1487 3324 τοῦ
1508 3285 1635 3337 Κυρίου
1651 3291 1680 3333 ),
1703 3285 1762 3322 οὐκ
1779 3283 1970 3327 ἐδάσταζεν
1994 3282 2062 3320 ἀπὸ
2087 3285 2149 3327 τῆς
2167 3282 2288 3329 ὀδύνης
2303 3289 2372 3320 πᾶ-

1349 3360 1412 3382 σαν
1433 3345 1494 3390 τὴν
1515 3344 1602 3393 μετὰ
1633 3344 1671 3381 τὸ
1695 3341 1868 3379 σάῧὲατον
1900 3341 2005 3378 νύκτα
2037 3343 2269 3392 καρτερῆσαι,
2290 3342 2372 3379 ἀλλ’

1343 3402 1436 3444 εὐθὺς
1454 3402 1554 3453 ὀψίας
1567 3401 1753 3439 σαῐὶίὶάτων
1767 3395 1868 3447 ἦλθεν
1885 3402 1932 3442 εἷς
1946 3399 1984 3437 τὸ
1998 3404 2177 3450 μνημεῖον,
2192 3398 2347 3437 τουτέστι
2365 3426 2373 3440 ,
