2481 3678
302 202 390 248 320
758 219 795 249 s.
832 218 1013 249 somnis

299 299 376 336 Sub
392 299 467 337 haec
482 299 590 337 aliam
606 298 761 338 adduxit
776 301 988 338 solutionem
1007 316 1015 336 ε
1037 300 1102 337 65.
1119 299 1284 350 Spiritus

298 369 376 403 est,
412 360 547 410 inquit,
573 363 641 413 qui
671 363 869 407 vivizcat,
903 373 994 398 caro
1028 373 1105 396 non
1131 360 1286 411 prodest

301 422 534 472 quidquam:
553 420 619 458 hoc
638 430 688 458 est
700 450 710 469 ,
738 422 826 467 Qua:
844 420 888 458 de
904 434 958 457 nie
981 419 1161 467 dicuntur,
1182 418 1284 471 spiri-

300 482 441 519 tualiter
462 491 543 519 sunt
568 481 769 533 accipienda
795 497 802 517 :
831 495 914 518 nam
936 481 997 531 qui
1019 481 1206 518 carnaliter
1222 494 1285 518 au-

299 542 373 589 dit,
405 543 496 580 nihil
525 542 704 589 lucratur,
739 542 831 578 nihil
861 540 1014 593 proficit.
1044 541 1191 579 Carnale
1212 550 1286 578 erat

1049 217 1127 247 CUR
1138 216 1289 247 YSOST.
1321 216 1522 245 ARCHIEP.
1561 215 1914 246 CONSTANTINOP.

1356 297 1414 335 καὶ
1431 299 1502 336 ἐκεῖ
1530 297 1762 345 ἀναδήσεται,
1783 297 2010 349 εὐκολώτερον
2033 297 2073 334 ἂν
2100 297 2274 350 προσέσχε
2308 303 2377 342 τοῖς

1354 357 1565 407 λεγομένοις.
1584 358 1684 396 Μετὰ
1704 358 1739 395 δὲ
1755 358 1883 397 τούτων
1904 358 1963 397 καὶ
1979 357 2097 410 ἑτέραν
2117 357 2213 396 λύσιν
2235 357 2356 408 ἐπάγει
2369 386 2378 403 ,

1355 416 1482 468 λέγων·
1499 419 1552 457 Τὸ
1563 418 1710 468 Πνεῧμά
1726 420 1799 456 ἐστι
1813 419 1852 457 τὸ
1866 421 2063 463 ζωοποιοῦν,
2075 422 2097 465 ἡ
2117 417 2200 469 σὰρξ
2217 419 2277 455 οὐκ
2292 418 2380 469 ὠφε-

1355 479 1408 516 λεῖ
1426 478 1591 527 οὗδένζῖῸ
1607 479 1641 517 δὲ
1660 478 1769 529 λέγει,
1790 478 1941 517 τοιοῦτόν
1960 480 2052 518 ἐστι·
2069 481 2314 529 πνευματικῶς
2331 478 2382 515 δεῖ

1355 540 1399 578 τὰ
1419 541 1498 593 περὶ
1516 542 1599 591 ἐμοῦ
1618 539 1771 577 ἀκούειν·
1786 543 1803 577 ὃ
1818 539 1886 591 γὰρ
1907 543 2081 593 σαρκικῶς
2095 538 2243 582 ἀκούσας
2255 569 2265 584 ‚
2285 537 2380 577 οὐδὲν

298 605 462 642 dubitare
479 603 654 654 quomodo
677 603 721 641 de
744 604 829 640 caelo
859 603 1112 652 descendisset,
1143 612 1285 655 putare-
1297 631 1344 654 273
1358 600 1537 647 ἀπώνατο,
1554 606 1567 621 ⁰
1582 600 1658 639 οὔτε
1685 599 1843 655 χρηστόν
1866 616 1900 637 τι
1930 599 2114 639 ἀπέλαυσε.
2149 599 2324 651 Σαρκικὸν
2344 597 2379 636 δὲ

298 679 366 715 que
381 665 497 716 ipsum
515 679 588 701 esse
602 663 719 701 fllium
730 664 890 716 Joscphi3
910 678 1043 701 necnon
1056 664 1163 713 illud,
1184 666 1285 715 Quo·
1309 666 1333 695 A
1356 655 1397 707 ἦν
1420 661 1460 699 τὸ
1480 661 1708 714 ἀμφισὸητεῖν
1733 664 1807 704 πῶς
1832 663 1871 698 ἐκ
1893 664 1952 698 τοῦ
1973 663 2115 712 οὐρανοῦ
2134 659 2378 706 καταὸέὸηκε,

298 726 410 762 modo
425 733 547 776 potest
566 726 673 762 nobis
689 738 845 762 carnem
861 739 972 763 suam
989 726 1083 763 dare
1098 726 1152 763 ad
1175 739 1286 762 rizan—

299 786 521 823 ducandum
533 790 549 822 Ρ
568 785 652 823 Haec
669 786 787 823 omnia
807 785 982 834 carnalia;
1009 800 1085 837 quae
1103 786 1286 838 oportebat

298 845 450 897 mystice
470 855 503 883 et
534 845 768 898 spiritualiter
790 846 1000 898 intelligere.
1033 847 1079 884 Et
1107 846 1285 898 quomodo

298 915 480 958 poterant,
507 907 666 957 inquies,
697 908 894 959 intelligere
920 908 1010 959 quid
1032 918 1120 946 esset
1144 923 1285 947 carnem

297 968 507 1006 comedere?
533 969 729 1021 Oportebat
752 979 845 1007 certe
874 979 1117 1022 opportunum
1146 979 1285 1022 tempus

297 1039 502 1080 exspectare
525 1039 559 1067 et
583 1030 816 1081 interrogare,
846 1045 908 1067 nec
940 1030 1121 1067 desistere.
1162 1033 1286 1069 Verba

299 1103 385 1140 quw
402 1104 469 1140 ego
487 1090 668 1142 loquutus
684 1104 769 1127 sum
792 1092 921 1135 vobis,
956 1093 1113 1141 spiritus
1138 1099 1175 1127 et
1199 1094 1286 1128 vita

298 1158 406 1199 sunt,
430 1149 467 1186 id
489 1160 561 1199 est,
581 1150 706 1188 divina
722 1159 755 1187 ct
771 1149 971 1201 spiritualia
992 1160 1097 1200 sunt,
1115 1151 1205 1187 nihil
1220 1151 1286 1188 ha-

298 1210 380 1247 bent
403 1210 561 1259 carnale,
586 1225 649 1247 nee
672 1211 868 1248 naturalem
892 1211 1177 1261 consequentiam
1190 1227 1201 1261 3
1225 1211 1286 1249 sed

297 1271 392 1308 omni
409 1271 615 1323 hujusmodi
634 1271 858 1320 necessitate,
877 1281 911 1309 et
926 1272 1033 1324 hujus
1046 1272 1129 1310 vitae
1146 1272 1284 1324 legibus

296 1333 406 1370 libera
442 1343 541 1383 sunt,
575 1333 760 1384 aliumque
785 1343 819 1372 et
848 1333 1034 1372 diversum
1057 1348 1199 1372 sensum
1220 1335 1285 1373 ha-

294 1394 390 1432 bent.
414 1395 515 1433 Sicut
532 1410 615 1447 ergo
634 1395 795 1433 hocloco
809 1395 977 1448 spiritum
997 1411 1062 1448 pro
1081 1396 1282 1448 spirituali-

295 1455 362 1493 bus
380 1456 500 1505 dixit,
529 1456 580 1494 sic
613 1471 695 1494 cum
719 1471 861 1495 carnem
884 1457 998 1507 dicit,
1029 1471 1098 1494 non
1130 1459 1283 1497 carnalia

295 1513 482 1566 intelligit,
509 1515 571 1553 sed
598 1516 786 1553 carnaliter
811 1529 868 1553 eos
900 1515 1025 1553 audire
1058 1516 1283 1565 subindicat,

293 1575 357 1625 qui
385 1590 524 1627 semper
554 1576 709 1613 carnalia
728 1577 935 1628 cupiebant,
966 1591 1048 1614 cum
1072 1577 1285 1629 oportuisset

294 1635 496 1687 spiritualia
521 1645 697 1688 appetere.
723 1637 761 1673 Si
786 1637 866 1688 quis
894 1636 989 1675 enim
1007 1638 1074 1676 hoc
1097 1638 1284 1676 carnaliter

294 1697 465 1749 accipiat,
487 1698 579 1736 nihil
598 1699 770 1736 lucratur.
793 1699 893 1745 Quid
911 1700 1018 1750 ergo?
1038 1713 1082 1736 an
1102 1713 1183 1737 earo
1207 1700 1283 1751 ejus

293 1773 362 1797 non
394 1769 445 1797 cst
472 1760 577 1798 caro?
602 1760 666 1798 Est
697 1770 802 1798 certe.
837 1760 1027 1807 Quomodo
1052 1774 1135 1812 ergo
1163 1761 1280 1810 dixit,

295 1823 396 1859 Caro
414 1836 491 1859 non
505 1823 660 1873 prodest
677 1823 917 1874 quidquam?
939 1823 1017 1859 Non
1037 1822 1081 1859 de
1099 1836 1202 1860 carne
1218 1837 1281 1860 sua

293 1882 482 1934 intelligit,
512 1883 626 1931 al›sit;
661 1883 723 1920 sed
753 1883 798 1920 de
825 1883 868 1920 iis
892 1882 953 1933 qui
974 1880 1069 1921 dieta
1092 1884 1282 1922 carnaliter

292 1943 502 1995 acciperent.
522 1943 622 1989 Quid
641 1953 691 1980 est
710 1953 829 1981 autem
847 1944 1035 1982 carnaliter
1054 1944 1281 1998 intelligere?

293 2001 478 2052 Proposita
511 2001 723 2053 simpliciter
770 2002 966 2054 intelligere
980 2033 989 2048 ,
1036 2017 1149 2054 neque
1187 2004 1281 2042 ultra

294 2061 479 2114 quidpiam
507 2062 720 2114 excogitare.
750 2063 825 2101 Hoc
857 2073 908 2101 est
941 2064 1128 2103 carnaliter
1145 2065 1278 2104 videre.

292 2124 370 2159 Non
389 2132 525 2174 oportet
547 2133 665 2160 autem
689 2123 733 2161 de
760 2123 804 2162 iis
824 2139 903 2174 quae
923 2125 1093 2163 videntur
1112 2126 1161 2163 ita
1180 2127 1279 2178 judi-

292 2184 387 2221 cium
405 2185 495 2222 ferre
507 2214 517 2233 ,
543 2184 605 2222 scd
625 2185 743 2222 omnia
767 2185 935 2238 mysteria
950 2186 1179 2226 interioribus
1191 2203 1276 2227 ocu-

290 2244 335 2282 lis
352 2245 574 2297 perspicere,
604 2246 644 2283 id
664 2255 734 2294 est,
755 2246 1000 2298 spiritualiter.
1022 2248 1060 2285 Si
1080 2249 1109 2286 is
1129 2250 1188 2300 qui
1209 2265 1278 2289 non

291 2305 482 2344 manducat
498 2320 638 2344 carnem
656 2307 750 2359 ejus,
770 2321 832 2345 nee
852 2307 945 2346 bibit
963 2309 1038 2361 ejus
1051 2312 1277 2363 sanguinem,

290 2380 359 2404 non
389 2368 495 2405 habet
522 2368 635 2406 vitam
669 2368 704 2407 in
741 2370 957 2423 semetipso:
990 2373 1168 2422 quomodo
1196 2388 1278 2426 ergo

291 2441 371 2465 caro
391 2443 458 2467 non
478 2430 621 2482 prodest
636 2431 853 2482 quidquam,
879 2434 954 2472 sine
971 2449 1040 2485 qua
1059 2449 1129 2474 non
1148 2451 1275 2488 possu-

290 2502 369 2526 mus
385 2490 534 2528 vivere?
553 2493 583 2529 N
588 2506 631 2529 on
648 2491 693 2530 de
711 2507 815 2531 carne
834 2494 947 2546 ipsius
971 2496 1038 2533 hoc
1052 2496 1190 2536 dietum
1205 2513 1278 2536 esse

290 2551 412 2598 rides,
447 2553 508 2590 sed
535 2553 579 2590 de
599 2555 731 2592 carnali
763 2555 931 2594 audiendi
960 2557 1080 2596 modo.
1119 2560 1183 2597 64.
1204 2561 1280 2599 Sed

290 2621 379 2649 sunt
397 2615 557 2664 quidam
585 2630 632 2652 ex
655 2619 766 2654 vohis
787 2620 855 2670 qui
878 2633 956 2656 non
976 2621 1150 2659 credunt.
1184 2624 1277 2661 Rur-

289 2686 368 2710 sum
386 2688 450 2725 pro
472 2689 568 2712 more
587 2690 650 2713 suo
668 2676 879 2729 dignitatem
898 2680 1018 2718 verbis
1040 2681 1188 2734 adjicit,
1215 2685 1274 2721 fu-

288 2743 438 2784 turaque
466 2735 631 2786 praedicit
652 2746 685 2774 et
707 2739 879 2789 ostendit,
912 2755 948 2778 se
971 2756 1039 2780 non
1062 2752 1100 2780 ut
1125 2744 1276 2795 gloriam

287 2794 383 2846 apud
411 2794 489 2832 illos
515 2805 688 2847 captaret,
717 2799 778 2836 sed
803 2800 900 2850 quod
926 2816 1047 2840 eorum
1067 2805 1173 2842 saluti
1192 2820 1275 2858 pro—

286 2855 450 2906 spiceret,
470 2855 537 2892 hoc
556 2856 685 2894 dicere.
705 2859 794 2896 Cum
813 2860 900 2898 dicit
914 2872 1052 2913 autem,
1081 2866 1248 2915 Quidam
1260 2898 1271 2913 ,

286 2915 481 2967 discipulos
503 2915 689 2954 subduxit.
711 2919 817 2957 Initio
839 2935 992 2973 namque
1019 2924 1161 2964 dixerat
1180 2957 1188 2975 ,
1220 2930 1275 2966 Et

284 2977 441 3014 vidistis
457 2988 529 3022 me,
549 2985 584 3013 et
604 2990 681 3014 non
695 2981 911 3019 credidistis
935 2985 1029 3021 mihi
1036 3001 1052 3029 ,·
1079 2986 1139 3024 hic
1165 3002 1272 3039 vero,

281 3038 377 3075 Sunt
396 3039 555 3090 quidam
572 3052 618 3075 ex
628 3041 739 3077 vobis
756 3044 822 3091 qui
838 3056 914 3079 non
930 3047 1104 3084 credunt.
1121 3049 1271 3088 Sciebat

281 3101 381 3135 enim
392 3100 441 3135 ab
455 3100 468 3134 i
471 3100 543 3134 nili
546 3112 580 3145 0,
592 3101 752 3149 quinam
762 3111 885 3138 essent
894 3107 959 3153 qui
976 3119 1052 3142 non
1060 3110 1270 3155 crederent,

278 3168 312 3196 et
324 3162 408 3210 quis
426 3159 638 3197 traditurus
651 3169 744 3198 esset
759 3164 924 3201 ewn.65.
937 3166 972 3202 E
976 3174 987 3202 ι
997 3168 1160 3216 dicebat,
1179 3172 1271 3209 Ideo

316 3297 329 3310 e
355 3285 415 3317 Alii
434 3291 501 3320 οὔτε
519 3293 571 3321 τοῦ
588 3292 706 3334 κέρδους
723 3305 750 3325 τι
767 3297 822 3326 ἀπ.

315 3347 329 3362 ³
353 3337 454 3371 Savil.
471 3347 601 3384 φυσικήν,
617 3344 685 3373 ἀλλ’
701 3347 781 3381 ἀπήλ
796 3347 822 3375 λ.

313 3389 330 3413 b
352 3388 465 3420 Mosel-
483 3395 518 3422 ἂν
535 3396 643 3424 wiva-³.

1356 722 1415 760 καὶ
1439 723 1479 760 τὸ
1499 722 1660 773 νομίζειν,
1680 722 1733 760 ὅτι
1753 721 1824 765 υἱός
1850 724 1942 760 ἐστιν
1961 720 2113 773 Ἰωσὴφ,
2131 719 2190 758 καὶ
2215 719 2272 767 τὸ,
2298 721 2382 762 Πῶς

1358 782 1497 821 δύναται
1519 786 1603 833 ἡμῖν
1622 784 1685 830 τὴν
1701 783 1814 834 σάρκα
1835 784 1950 821 δοῦναι
1966 788 2104 834 φαγεῖν,
2123 783 2246 820 Ταῦτα
2266 779 2381 817 πάντα

1357 843 1508 897 σαρκικοί
1520 859 1528 867 ·
1555 845 1644 897 ἅπερ
1658 844 1725 882 ἔδει
1750 847 1923 895 μυστικῶς
1936 850 2023 882 νοεῖν
2046 843 2104 880 καὶ
2122 843 2378 892 πνευματικῶς.

1357 905 1427 942 Καὶ
1446 904 1560 953 πόθεν,
1577 905 1692 957 φησὶν,
1717 905 1886 952 ἠδύναντο
1914 908 2037 951 νοῆσαι
2068 904 2102 941 τί
2122 902 2207 941 ποτέ
2230 905 2321 941 ἐστιν
2342 901 2382 939 τὸ

1357 965 1470 1017 σάρκα
1498 972 1616 1018 φαγεῖν
1638 969 1782 1014 ἐκεῖνοι,
1813 968 1948 1005 Οὐκοῦν
1979 966 2047 1003 ἔδει
2074 965 2131 1003 τὸν
2159 964 2382 1016 προσήκοντα
2421 1003 2425 1009 ,

1357 1028 1541 1076 ἀναμεῖναι
1569 1028 1701 1080 καιρὸν,
1724 1027 1782 1065 καὶ
1805 1027 2052 1075 πυνθάνεσθαι,
2071 1026 2130 1064 καὶ
2167 1024 2215 1076 μὴ
2249 1026 2382 1075 ἀπαγο-

1359 1086 1479 1138 ρεύειν.
1501 1087 1557 1125 Τὰ
1579 1089 1737 1140 ῥήματα,
1768 1089 1789 1126 ἃ
1818 1088 1885 1140 ἐγὼ
1907 1088 2085 1135 λελάληκα
2117 1089 2211 1138 ὑμῖν,
2243 1085 2381 1136 πνεῦμά

1357 1149 1429 1185 ἐστι
1442 1177 1451 1193 ,
1473 1148 1531 1185 καὶ
1550 1148 1620 1194 ζωή
1634 1164 1641 1172 ·
1662 1149 1852 1196 τουτέστιν,
1867 1152 1941 1187 Οεῖα
1956 1149 2016 1187 καὶ
2037 1147 2256 1199 πνευματικά
2274 1150 2380 1193 ἐστιν,

1357 1207 1451 1245 οὐδὲν
1468 1207 1591 1260 ἔχοντα
1606 1209 1783 1261 σαρκικὸν,
1805 1208 1882 1247 οὐδὲ
1911 1207 2113 1247 ἀκολουθίαν
2132 1208 2304 1260 ὃφυσικήν
2317 1223 2324 1231 ·
2359 1207 2381 1244 ἃ

1357 1269 1416 1307 καὶ
1449 1269 1672 1316 ἀπήλλακται
1697 1270 1812 1318 πάσης
1835 1269 1896 1322 μὲν
1922 1270 2083 1316 τοιαύτης
2113 1270 2289 1322 ἀνάγκης,
2322 1267 2382 1306 καὶ

1356 1329 1557 1383 ὑπέρκειται
1581 1331 1640 1368 καὶ
1666 1334 1733 1370 τῶν
1762 1331 1876 1383 νόμων
1905 1335 1972 1369 τῶν
2005 1333 2152 1370 ἐνταῦθα
2191 1329 2382 1381 κειμένων·

1355 1392 1471 1443 ἕτερον
1487 1392 1521 1430 δὲ
1541 1392 1615 1444 ἔχει
1629 1396 1703 1430 νοῦν
1722 1392 1990 1443 ἐξηλλαγμένον.
2006 1390 2148 1444 ‘'stoa-sp
2163 1386 2219 1431 οὖν
2236 1394 2382 1430 ἐνταῦθα

1357 1453 1394 1491 τὸ
1424 1456 1560 1503 πνεῦμα
1582 1447 1674 1491 εἶπεν
1702 1454 1776 1492 ἀντὶ
1804 1458 1864 1491 τοῦ
1886 1454 2129 1504 πνευματικὰ,
2149 1452 2237 1492 οὕτω
2267 1452 2381 1505 σάρκα

1356 1511 1474 1559 εἰπὼν,
1490 1515 1527 1551 οὐ
1555 1513 1705 1566 σαρκικὰ
1725 1508 1831 1563 εἶπεν,
1858 1514 1947 1553 ἀλλὰ
1965 1516 2004 1553 τὸ
2021 1517 2195 1567 σαρκικῶς
2211 1517 2381 1561 ἀκοῦσαι,

1356 1574 1429 1624 ἅμα
1449 1573 1508 1610 καὶ
1523 1575 1644 1618 αὐτοὺς
1671 1576 1924 1626 αἰνιττόμενος,
1945 1575 1997 1614 ὅτι
2019 1576 2073 1614 ἀεὶ
2093 1578 2271 1627 σαρκικῶν
2293 1576 2379 1612 ἐπε-

1355 1634 1494 1685 Ούμουν,
1515 1635 1588 1674 δέον
1605 1641 1848 1688 πνευματικῶν
1871 1638 2036 1690 ἐφίεσθαι.
2055 1636 2071 1655 ¹³
2084 1637 2170 1674 Ἐὰν
2190 1635 2258 1688 γὰρ
2290 1635 2380 1673 αὐτὸ

1355 1698 1527 1748 σαρκικῶς
1547 1713 1599 1739 τις
1621 1698 1782 1747 ἐκλάέοι,
1803 1698 1896 1737 οὐδὲν
1923 1698 2099 1736 ἀπώνατο.
2130 1696 2178 1735 Τί
2207 1690 2287 1743 οὖν,
2319 1697 2382 1733 οὐκ

1354 1756 1427 1794 ἔστι
1451 1761 1472 1804 ἡ
1502 1757 1586 1810 σὰρξ
1606 1759 1709 1797 αὐτοῦ
1730 1758 1831 1811 σάρξ;
1859 1759 1929 1797 Καὶ
1966 1758 2098 1811 σφόδρα
2132 1756 2194 1808 μὲν
2213 1750 2283 1794 οῧν.
2310 1756 2381 1794 Καὶ

1353 1820 1427 1861 πῶς
1458 1811 1565 1865 εἶπεν,
1589 1817 1633 1856 Ἡ
1662 1819 1747 1872 σὰρξ
1775 1821 1837 1857 οὐκ
1863 1820 1990 1872 ὠφελεῖ
2010 1819 2127 1866 οὐδέν,
2146 1820 2199 1857 Οὐ
2219 1817 2300 1870 περὶ
2318 1819 2381 1863 τῆς

1353 1880 1476 1916 ἑαυτοῦ
1511 1879 1636 1930 σαρκὸς
1668 1880 1800 1932 λέγων·
1835 1880 1883 1932 μὴ
1912 1881 2065 1933 γένοιτο·
2087 1880 2176 1918 ἀλλὰ
2204 1879 2283 1930 περὶ
2312 1882 2380 1917 τῶν

1353 1941 1527 1991 σαρκικῶς
1544 1941 1833 1991 ἓκλαμὸανόντων
1861 1942 1905 1979 τὰ
1931 1941 2114 1993 λεγόμενα.
2131 1940 2178 1979 Τί
2198 1939 2235 1977 δέ
2255 1940 2382 1978 ἔστιτὸ

1317 2007 1325 2017 “
1352 2003 1526 2052 σαρκικῶς
1540 2003 1687 2049 νοῆσαι,
1705 2003 1758 2040 Τὸ
1777 2003 1896 2046 ἁπλῶς
1918 2005 1965 2046 εἷς
1983 2002 2028 2040 τὰ
2047 2000 2264 2055 προκείμενα
2281 2003 2378 2053 ὅρᾷν,

1351 2061 1410 2099 καὶ
1430 2061 1478 2112 μὴ
1498 2061 1602 2100 πλέον
1615 2079 1649 2100 τι
1669 2064 1912 2116 φαντάζεσθαι.
1931 2066 2044 2103 Τοῦτο
2074 2064 2141 2116 γάρ
2171 2066 2243 2101 ἔστι
2261 2077 2382 2115 σαρκι-

1349 2125 1429 2166 κῶς.
1451 2122 1527 2174 Χρὴ
1550 2123 1585 2161 δὲ
1612 2123 1660 2174 μὴ
1681 2124 1769 2162 οὕτω
1798 2125 1926 2177 κρίνειν
1955 2131 2025 2169 τοῖς
2050 2124 2256 2176 ὁρωμένοις,
2293 2121 2382 2160 ἀλλὰ

1350 2184 1465 2222 πάντα
1485 2183 1529 2222 τὰ
1550 2185 1725 2238 μυστήρια
1740 2192 1808 2229 τοῖς
1827 2186 1921 2224 ἔνδον
1932 2189 2120 2239 ὀφθαλμοῖς
2140 2183 2379 2224 κατοπτεύειν.

1348 2246 1460 2282 Τοῦτο
1473 2244 1539 2297 γάρ
1554 2247 1626 2283 ἐστι
1644 2250 1900 2297 πνευματικῶς.
1917 2246 2031 2298 *Ἄρα
2052 2250 2068 2284 ὁ
2085 2247 2131 2296 μὴ
2154 2245 2298 2297 τρώγων
2320 2245 2380 2282 αὗ-

1348 2309 1408 2343 roo
1426 2306 1488 2353 τὴν
1512 2306 1643 2358 σάρκα,
1665 2308 1725 2345 καὶ
1747 2306 1854 2345 πίνων
1876 2309 1980 2345 αὐτοῦ
2007 2308 2047 2345 τὸ
2079 2300 2190 2357 αἷμα,
2218 2307 2280 2342 οὐκ
2306 2305 2380 2356 ἔχει

1349 2366 1439 2413 ζωὴν
1460 2369 1493 2405 ἐν
1511 2370 1641 2420 ἑαυτῷ·
1658 2370 1731 2412 πῶς
1750 2362 1805 2407 οὖν
1824 2367 1917 2407 οὐδὲν
1937 2370 2064 2420 ὠφελεῖ
2081 2371 2101 2413 ἡ
2120 2367 2224 2421 σὰρξ,
2243 2361 2284 2413 ἧς
2300 2367 2380 2404 ἄνευ

1368 2430 1410 2478 'KV
1430 2429 1492 2465 οὐκ
1511 2427 1580 2476 ἔνι,
1601 2428 1710 2481 Ὁρᾷς
1741 2428 1794 2467 ὅτι
1827 2429 1887 2476 τὸ,
1908 2429 1953 2466 ‘H
1977 2428 2062 2481 σὰρξ
2090 2431 2150 2467 οὐκ
2170 2429 2296 2479 ὠφελεῖ
2324 2429 2380 2466 οὗ·

1350 2488 1416 2535 δὲν,
1439 2489 1476 2526 οὗ
1497 2490 1574 2543 περὶ
1590 2494 1651 2537 τῆς
1666 2490 1792 2543 σαρκὸς
1813 2492 1914 2529 αὐτοῦ
1932 2490 2090 2544 εἴρηται,
2107 2489 2196 2528 ἀλλὰ
2214 2489 2294 2539 περὶ
2312 2492 2376 2535 τῆς

1350 2553 1518 2603 σαρκικῆς
1540 2551 1754 2604 ἀκροάσεως,
1775 2551 1865 2590 Ἀλλ’
1889 2552 1954 2590 εἰσί
1973 2568 2061 2595 τινες
2080 2551 2116 2596 ἐξ
2145 2555 2254 2602 ὑμῶν,
2275 2550 2306 2588 οἳ
2337 2552 2375 2589 οὐ

1349 2611 1559 2650 πιστεύουσι.
1580 2613 1695 2651 Πάλιν
1717 2612 1807 2650 κατὰ
1830 2613 1870 2651 τὸ
1891 2613 2033 2660 σύνηθες
2055 2616 2157 2652 αὐτοῦ
2173 2619 2243 2657 τοῖς
2261 2611 2376 2663 λόγοις

1350 2672 1486 2723 ἀξίωμα
1518 2674 1736 2724 περιτίθησι,
1767 2674 1811 2712 τά
1832 2690 1869 2712 τε
1899 2674 2069 2725 μέλλοντα
2096 2673 2288 2726 προλέγων,
2313 2673 2376 2710 καὶ

1349 2732 1479 2777 δεικνὺς
1495 2736 1541 2777 ὡς
1561 2737 1598 2772 οὐ
1614 2738 1676 2780 τῆς
1693 2734 1830 2773 ἐκείνων
1856 2734 1954 2780 δόξης
1972 2734 2147 2786 ἐφιέμενος
2165 2738 2275 2772 ταῦτα
2299 2733 2376 2771 ἕλεἢ

1346 2809 1418 2844 γεν,
1444 2795 1520 2831 ἀλλ’
1538 2796 1650 2832 αὐτῶν
1687 2794 1887 2844 κηδόμενος.
1920 2794 2041 2833 Εἰπὼν
2066 2795 2120 2841 δὲ,
2150 2794 2274 2841 Τινὲς,
2295 2792 2375 2837 τοὺς

1349 2854 1505 2904 μαθητὰς
1521 2854 1726 2906 ὑπεξήγαγε.
1751 2855 1856 2907 Παρὰ
1875 2855 1942 2908 γὰρ
1960 2855 2022 2901 τὴν
2043 2855 2155 2908 ἀρχὴν
2173 2855 2287 2907 ἔλεγε·
2305 2854 2374 2893 Καὶ

1347 2915 1525 2967 ἑωράκατέ
1560 2930 1623 2964 με,
1653 2915 1712 2952 καὶ
1741 2917 1806 2952 ⁰06
1838 2914 2018 2953 πιστεύετέ
2039 2932 2117 2966 μοι·
2145 2918 2291 2954 ἐνταῦθα
2312 2916 2373 2963 δὲ,

1346 2976 1428 3014 Εἰσί
1445 2992 1534 3019 τινες
1553 2975 1587 3019 ἐξ
1607 2978 1721 3026 ὑμῶν,
1739 2975 1771 3014 οἲ
1799 2978 1835 3014 οὐ
1856 2976 2086 3015 πιστεύουσιν.
2104 2975 2205 3032 Ἴιίδει
2234 2977 2302 3029 γὰρ
2337 2977 2372 3020 ἐξ

1347 3039 1460 3089 ἀρχῆς
1473 3068 1482 3084 ,
1497 3036 1585 3080 τίνες
1606 3037 1689 3074 εἰσὶν
1710 3039 1739 3074 οἱ
1761 3036 1808 3086 μὴ
1830 3037 2069 3085 πιστεύοντες,
2086 3039 2145 3076 καὶ
2164 3039 2215 3082 τίς
2237 3040 2328 3076 ἔστιν
2355 3042 2372 3077 ὁ

1342 3104 1559 3156 παραδώσων
1582 3104 1696 3142 αὐτόν.
1717 3104 1787 3142 Καὶ
1811 3104 1906 3155 ἔλεγε
1920 3135 1929 3152 ,
1947 3105 2004 3143 διὰ
2021 3111 2119 3144 τοῦτο
2142 3105 2285 3157 εἴρηκα,
2309 3108 2371 3144 οὐ-

1345 3173 1411 3217 δεὶς
1430 3172 1570 3211 δύναται
1589 3174 1695 3211 ἐλθεῖν
1711 3170 1796 3223 πρός
1812 3187 1873 3222 με,
1897 3171 1955 3209 ἐὰν
1973 3166 2057 3223 μὴῆ
2074 3172 2251 3223 δεδομένον
2273 3174 2372 3225 αὐτῷ

1399 3303 1416 3322 '³
1441 3299 1487 3345 [ὁ
1502 3309 1546 3346 μὴ
1562 3310 1723 3348 τρώγων...
1743 3306 1771 3335 ἐν
1796 3305 1902 3346 ἑαυτῷ·
1920 3311 2022 3341 πῶς...
2036 3301 2152 3344 Savil¹>
2165 3302 2352 3345 pariterque

1355 3353 1464 3386 Codd.
1484 3355 1589 3386 nostri
1606 3360 1667 3397 ἄρα.
1683 3354 1872 3394 omittunt]

1399 3416 1411 3431 c
1436 3406 1495 3439 Alii
1515 3410 1564 3440 οὖν.
1582 3409 1748 3440 ἐπιοτῑύετέ
1763 3419 1825 3448 μοι.
