2481 3678
744 251 786 282 lN
826 252 1033 283 sommam
1068 250 1229 281 uomit.
1267 251 1329 280 vu
1363 233 1424 281 al.
1466 251 1525 281 vi.

94 337 195 380 αὐτὸς
224 340 308 388 ἡμῖν
340 333 549 388 προσέταξε,
578 333 637 371 καὶ
664 332 771 384 μηδὲν
796 333 991 386 περαιτέρω
1012 334 1119 372 πολυ-

93 401 363 449 πραγμονῶμεν,
393 394 449 432 ἵνα
483 393 530 443 μὴ
561 393 619 431 καὶ
640 395 708 430 τῶν
733 393 801 439 ἤδη
835 393 1000 431 δοθέντων
1032 396 1117 443 ἡμῖν

92 459 295 508 ἐκπέσιι)μεν
329 458 483 508 ἀγαθῶν,
515 454 673 505 καθάπερ
704 453 764 491 καὶ
796 447 888 491 οὑτοι
915 454 1119 491 πεπόνθασι.

91 521 165 565 Τῆς
191 519 258 571 γὰρ
292 516 445 569 ἀνάρχου
466 518 555 561 ζωῆς
584 513 696 566 ἀρχὴν
727 516 964 560 ἐπιζητοῦντες
996 516 1117 567 εὑρεῖν,

93 579 154 616 καὶ
174 579 263 630 ἅπερ
282 576 450 623 ’ἠδύναντο
472 576 562 628 ἔχειν
591 575 788 613 ἀπώλεσαν.
809 574 903 612 Οὔτε
918 575 985 627 γὰρ
1001 576 1040 613 τὸ
1058 576 1117 621 ζη-

90 639 254 689 τούμενον
297 632 412 690 εὑρον·
450 637 525 676 οὐδὲ
553 637 620 689 γάρ
657 639 730 675 ἐστι
761 636 927 674 δυνατόν·
961 636 1022 674 καὶ
1055 639 1117 682 τ’ἧς

91 704 203 751 ὑγιοῦς
223 699 302 752 περὶ
332 704 390 737 τοῦ
419 700 631 749 Μονογενοῦς
658 697 816 741 ἐξέπεσον
846 697 1006 741 πίστεως.
1025 697 1116 735 Ἀλλ’

89 765 190 811 ἡμεῖς
207 761 254 812 μὴ
278 760 497 813 μεταίρωμεν
513 759 592 812 ὅρια
610 758 752 806 αἰώνια,
774 759 794 796 ἃ
817 758 930 797 ἔθεντο
958 761 989 797 οἱ
1008 758 1117 797 πατέ-

92 839 144 874 ρες
160 826 274 873 ἡμῶν,
291 823 365 859 ἀλλ’
384 821 531 871 εἴκωμεν
553 824 732 871 πανταχοῦ
750 826 819 862 τοῖς
834 824 894 858 τοῦ
910 819 1118 870 Πνεύματος

88 882 223 933 νόμοις,
250 882 310 920 καὶ
344 881 523 924 ἀκούοντες
551 880 605 919 ὅτι
623 873 694 917 ἾΙν
714 881 754 918 τὸ
778 884 849 932 φῶς
877 881 916 918 τὸ
943 881 1116 929 ἀληθινὸν,

89 941 194 992 μηδὲν
215 942 316 981 πλέον
333 944 550 992 ἐπιζητῶμεν
572 945 678 993 εὑρεῖν
694 956 702 963 ·
722 941 797 979 οὐδὲ
826 940 893 994 γὰρ
910 941 960 979 ἔνι
987 940 1115 987 ταύτην

87 1003 283 1056 ὑπερὸἦναι
313 1002 375 1049 τὴν
417 1006 529 1055 ῥῆσιν.
573 1003 619 1040 Εἰ
650 1000 711 1052 μὲν
748 1001 816 1054 γὰρ
854 1004 900 1045 ὡς
937 1002 1117 1054 ἅνθρωπος

89 1064 228 1114 ἐγέννα,
245 1063 379 1115 ἀνάγκη
407 1062 509 1113 μέσον
532 1057 619 1100 εἶναί
641 1079 675 1100 τι
697 1067 756 1100 τοῦ
774 1066 959 1114 γεννῶντος
979 1062 1039 1099 καὶ
1058 1066 1117 1101 τοῦ

88 1124 323 1175 γεννιι)μένου·
347 1123 466 1170 ἐπειδὴ
491 1123 526 1162 δὲ
553 1123 712 1176 ἀρρήτως
737 1123 796 1161 καὶ
813 1126 860 1167 ὡς
878 1125 959 1175 Θεῷ
984 1123 1115 1176 πρέπον

93 1185 261 1232 ἐστὶ,τοῦ
283 1186 351 1238 πρὸ
377 1185 438 1222 καὶ
468 1190 527 1223 τοῦ
558 1184 646 1235 μετὰ
676 1183 872 1236 ἀναχώρει·
888 1187 955 1221 τῶν
981 1185 1115 1237 χρόνων

87 1245 156 1298 γὰρ
179 1250 288 1284 ταῦτα
309 1246 464 1296 ὀνόματα
480 1261 487 1268 ·
506 1248 523 1283 ὁ
542 1244 577 1283 δὲ
593 1245 675 1288 Υἱὸς
690 1245 749 1282 καὶ
769 1247 837 1282 τῶν
864 1243 997 1282 αἰώνων
1022 1244 1114 1282 πάν-
1136 1254 1159 1283 Β

87 1321 156 1344 των
178 1306 251 1344 ἐστὶ
271 1307 430 1353 ποιητής.

142 1371 276 1405 Οὐκοῦν
307 1369 344 1406 οὗ
374 1368 518 1419 πατὴρ,
555 1367 679 1419 φησὶν,
714 1369 791 1405 ἀλλ’
831 1367 987 1419 ἀδελφός.
1022 1367 1116 1406 Ποία

87 1429 221 1480 ἀνάγκη
238 1459 248 1476 ,
275 1429 350 1467 εἰπέ
371 1445 429 1479 μοι
437 1445 447 1475 3
475 1430 520 1466 Εἰ
554 1428 615 1479 μὲν
644 1428 712 1481 γὰρ
734 1428 792 1466 καὶ
810 1427 869 1466 τὸν
892 1429 1036 1480 Πατέρα
1055 1429 1129 1476 καὶ,

85 1490 142 1527 τὸν
166 1490 248 1527 Υῑὸν
278 1489 312 1532 ἐξ
345 1489 463 1541 ἑτέρας
483 1489 644 1540 ἐλέγομεν
675 1493 762 1526 εἰναι
790 1488 902 1539 ῥίζης,
932 1491 1046 1531 καλῶς
1075 1488 1114 1526 ἂν

85 1554 196 1588 ταῦτα
216 1551 298 1602 ἔφης
320 1549 409 1588 τότε.
428 1551 472 1587 Εἰ
488 1549 523 1587 δὲ
545 1549 674 1596 ταύτην
694 1549 754 1600 μὲν
771 1549 938 1601 φεύγομεν
954 1549 1018 1594 τὴν
1036 1549 1116 1587 ἀσέ-

85 1612 195 1659 Getam,
214 1611 359 1662 λέγομεν
377 1610 412 1648 δὲ
432 1610 489 1647 τὸν
521 1609 582 1660 μὲν
610 1609 757 1661 Πατέρα
782 1610 891 1661 ἱίπρὸς
907 1609 946 1646 τὸ
963 1609 1113 1662 ἄναρχον

84 1666 191 1721 εἶναι,
231 1671 318 1723 μηδὲ
367 1674 592 1723 γεγεννῆσθαι
612 1687 619 1693 ·
660 1670 718 1708 τὸν
757 1670 793 1708 δὲ
834 1670 918 1709 Υἱὸν
961 1671 1113 1724 ἄναρχον

84 1727 193 1781 εἶναι,
213 1732 459 1785 γεγεννημένον
489 1731 525 1770 δὲ
552 1734 590 1770 ἐκ
615 1735 674 1770 τοῦ
696 1732 855 1785 Πατρὸς,
873 1731 956 1770 ποία
977 1732 1110 1783 ἀνάγκη

83 1799 121 1834 ἐκ
149 1799 211 1841 τῆς
233 1794 363 1838 ἐννοίας
381 1793 509 1840 ταύτης
522 1793 579 1831 τὸν
603 1793 711 1840 ἀσεὸἧ
732 1792 832 1844 λόγον
850 1796 976 1831 ἐκεῖνον
995 1796 1113 1832 ἐπεισ-

83 1858 190 1893 ελθεῖν
208 1872 217 1903 ;
237 1853 408 1905 Οὐδεμία.
428 1854 661 1906 Ἀπαύγασμα
687 1854 754 1907 γάρ
781 1856 872 1893 ἐστι·
889 1855 928 1893 τὸ
945 1854 981 1893 δὲ
1001 1854 1112 1892 ἀπαύ-

84 1933 207 1968 γασμα
223 1922 475 1955 συνεπινοεῖται
500 1919 542 1966 τῇ
571 1915 692 1967 φύσει,
711 1920 752 1962 ἧς
772 1919 863 1954 ἐστιν
882 1915 1109 1967 ἀπαύγασμα.
1133 1928 1156 1958 C

82 1978 151 2016 Διὰ
167 1978 234 2031 γὰρ
251 1981 352 2015 τοῦτο
379 1976 438 2014 καὶ
464 1980 481 2014 ὁ
506 1978 646 2020 Παῦλος
666 1980 784 2015 τοῦτον
804 1976 911 2020 οὕτως
934 1977 1110 2025 ἐκάλεσεν,

81 2038 138 2076 ἰ’να
156 2038 262 2089 μηδὲν
288 2038 391 2089 μέσον
410 2037 628 2089 ὑποπτεύσῃς
650 2038 790 2091 Πατρὸς
804 2038 864 2075 καὶ
883 2039 980 2076 Υἱοῦ.
998 2039 1110 2077 Τοῦτο

83 2099 146 2151 μὲν
172 2093 228 2138 οὖν
254 2098 375 2137 τούτου
405 2099 597 2145 δηλωτικόν
611 2115 618 2122 ·
636 2099 676 2137 τὸ
694 2097 729 2137 δὲ
750 2098 872 2151 ἐφεξῆς
887 2104 945 2138 τοῦ
966 2099 1107 2138 ὑποδεί-

81 2177 227 2213 γματος,
250 2160 312 2206 τὴν
334 2159 572 2212 ι’ὑφορμῶσαν
584 2167 655 2204 τοῖς
672 2162 826 2207 ἀνοήτοις
846 2160 993 2199 ἀτοπίαν
1020 2161 1109 2215 διορ-

82 2226 209 2260 θοῦται.
226 2221 287 2268 Μὴ
305 2221 390 2274 γὰρ,
407 2221 527 2269 ἐπειδὴ
547 2221 765 2274 ἀπαύγασμα
776 2253 785 2269 ,
806 2222 922 2274 φησὶν,
936 2222 1087 2268 ἤκουσας
1098 2254 1107 2271 ,

80 2287 143 2329 τῆς
169 2282 259 2326 ἰδίας
281 2283 381 2321 αὐτὸν
405 2285 663 2335 ἀπεστερῆσθαι
699 2282 844 2334 νομίσῃς
872 2282 1108 2327 ὑποστάσεως.

79 2344 215 2387 Ἀσεὸὲς
236 2343 304 2396 γὰρ
316 2349 416 2382 τοῦτο
430 2374 439 2391 ,
462 2344 523 2381 καὶ
537 2347 599 2390 τῆς
618 2347 685 2382 τῶν
702 2344 949 2382 Σαὸελλιανῶν
966 2344 1025 2382 καὶ
1039 2348 1107 2382 τῶν

82 2405 150 2443 ἀπὸ
166 2406 376 2456 Μαρκέλλου
400 2404 537 2456 μανίας.
556 2404 683 2456 (Ημεῖς
704 2404 738 2443 δὲ
759 2407 822 2457 οὐχ
838 2405 988 2453 ροῦτως,
1019 2406 1108 2444 ἀλλὰ

81 2466 141 2504 καὶ
156 2468 189 2504 ἐν
212 2466 281 2517 ἰδίᾳ
303 2466 403 2504 αὐτὸν
426 2466 615 2505 ὑποστάσει
645 2460 732 2505 εἶναι’
760 2482 885 2519 εραμεν.
915 2467 984 2505 Διὰ
1008 2471 1110 2506 τοῦτο

82 2526 188 2565 εἰπὼν
216 2527 315 2564 αὐτὸν
338 2527 555 2578 ἀπαύγασμα
569 2555 579 2572 ,
598 2528 786 2579 ἐπήγαγεν,
820 2528 874 2567 ὅτι
895 2529 966 2566 Καὶ
991 2544 1108 2581 χαρα-
1131 2541 1156 2570 D

82 2588 170 2639 κτήρ
187 2591 259 2626 ἐστι
277 2590 339 2633 τῆς
357 2588 579 2630 ὑποστάσεως
607 2590 728 2635 αὐτοῦ,
746 2587 803 2625 ἵνα
831 2588 894 2635 τὴν
916 2589 1004 2626 ἰδίαν
1026 2589 1110 2626 ὑπό-

84 2665 203 2686 στασιν
225 2646 364 2698 δηλώσῃ
385 2647 444 2685 καὶ
461 2651 522 2694 τ’ἧς
549 2651 652 2694 αὐτῆς
680 2648 761 2687 ὄντα
783 2649 882 2686 αὑτὸν
911 2648 1049 2696 οὐσίας,
1069 2644 1110 2694 ἧς

82 2710 156 2747 ἐστι
173 2709 232 2746 καὶ
246 2708 445 2761 χαρακτήρ.
461 2710 513 2746 Οὐ
534 2708 601 2760 γὰρ
622 2711 721 2761 ἀρκεῖ
738 2715 802 2760 μιᾷ
823 2708 933 2756 λέξει,
951 2709 1109 2760 καθάπερ

82 2769 186 2822 ἔφθην
205 2769 323 2817 εἰπὼν,
338 2769 383 2807 τὰ
405 2769 484 2822 περὶ
500 2772 592 2808 Θεοῦ
615 2773 842 2823 παραστῆσαι
863 2769 1020 2821 δόγματα
1039 2775 1110 2811 τοῖς

83 2830 276 2883 ἀνθρώποις
288 2847 295 2854 ·
315 2831 404 2869 ἀλλὰ
421 2830 615 2881 ἀγαπητὸν,
631 2830 670 2868 ἂν
685 2830 800 2869 πολλὰ
812 2830 1109 2883 συμφορήσαντες,

82 2892 115 2936 ἐξ
133 2892 279 2930 ἑκάστου
307 2893 346 2931 τὸ
366 2892 497 2945 πρέπον
518 2891 766 2942 ἐπιλεξώμεθα.
787 2890 891 2930 Οὕτω
911 2891 977 2945 γὰρ
1006 2893 1111 2938 δυνη-

81 2954 212 3004 σόμεθα
226 2957 287 3000 τῆς
303 2954 400 2998 ἀξίας
417 2953 595 3006 ἐφικέσθαι
610 2953 820 3005 δοξολογίας·
839 2953 934 2998 ἀξίας
950 2952 985 2990 δὲ
1001 2953 1105 3004 λέγω,

81 3016 171 3053 κατὰ
192 3015 254 3062 τὴν
278 3015 451 3067 ἡμετέραν
471 3014 629 3065 δύναμιν.
649 3017 694 3053 Εἰ
713 3016 780 3067 γάρ
807 3032 859 3059 τις
889 3015 974 3066 πρὸς
996 3013 1102 3060 αὐτὴν

81 3076 144 3122 τὴν
160 3078 264 3119 ὄντως
280 3075 377 3119 ἀξίαν
403 3077 510 3113 εἰπεῖν
534 3075 697 3114 δύνασθαι
712 3076 868 3126 νομίζοι,
886 3075 945 3113 καὶ
961 3077 1107 3126 φιλονει-

81 3140 177 3188 κοίη,
195 3140 305 3192 λέγων
335 3140 443 3184 οὕτως
471 3141 596 3179 εἰδέναι
624 3141 681 3179 τὸν
714 3142 803 3180 Θεὸν
824 3144 870 3184 ὡς
890 3141 988 3184 αὐτὸς
1020 3134 1107 3178 οἶδεν

82 3208 214 3255 ἑαυτὸν,
229 3211 324 3251 οὗτος
342 3207 496 3258 μάλιστά
515 3209 606 3246 ἔστιν
624 3211 641 3246 ὃ
657 3208 712 3246 τὸν
729 3208 817 3247 Θεὸν
835 3211 978 3259 ἀγνοῶν.
994 3210 1104 3246 Ταῦτ’

126 3337 138 3350 ²
155 3326 270 3358 MoreI.
296 3335 328 3359 et
345 3325 480 3369 quidam
499 3327 576 3360 Mss.
594 3333 668 3373 πρὸς
683 3335 729 3362 τὸ.
750 3326 850 3360 Savil.
870 3326 970 3358 etalii
985 3326 1085 3369 [Cod.

83 3380 146 3410 70ss
161 3388 177 3407 e
194 3379 299 3419 corr.]
316 3384 389 3422 πρὸς
403 3388 455 3421 τῷ.

130 3428 260 3462 1’δ’ωὶΙ.
283 3437 314 3461 et
331 3429 445 3463 Mox-el.
467 3433 665 3474 ύρορμοῦςαν.
690 3430 765 3462 Mss.
786 3430 921 3473 quidam
946 3434 1086 3476 ὐρομμκῑι-

2114 238 2172 283 53

1191 332 1288 369 Dum
1298 330 1393 368 enim
1407 331 1490 369 vitae
1503 331 1680 383 principio
1690 331 1841 369 carentis
1859 332 2078 383 principium
2094 347 2173 383 per—

1190 391 1358 441 quirunt,
1369 392 1477 429 etiam
1488 392 1549 430 illa
1563 406 1640 443 quae
1653 393 1783 430 habere
1797 401 1956 444 poterant
1969 393 2173 430 amiserunt.

1189 452 1310 502 Neque
1327 452 1420 490 enim
1443 453 1482 490 id
1502 453 1597 504 quod
1620 454 1822 504 quaerebant
1856 453 2084 502 invenerunt,
2106 468 2174 491 non

1189 512 1283 550 enim
1308 522 1489 565 poterant,
1521 524 1627 565 atque
1654 530 1674 552 a
1697 528 1781 552 sana
1812 513 1906 551 circa
1938 514 2176 565 Unigenitum

1140 583 1164 611 Α
1188 574 1261 612 fide
1280 574 1504 613 exciderunt.
1536 579 1580 613 At
1597 590 1659 613 nos
1678 590 1721 613 ne
1736 576 1988 613 transferamus
2006 575 2176 613 terminos

1187 635 1369 686 antiquos,
1387 651 1475 687 quos
1494 646 1687 688 posuerunt
1709 646 1826 689 patres
1844 636 1972 684 nostri,
1991 646 2024 673 et
2043 636 2177 688 ubique

1188 695 1344 747 Spiritus
1363 697 1474 734 sancti
1486 696 1624 749 legibus
1640 697 1806 734 cedamus
1823 713 1829 733 :
1845 706 1878 734 et
1894 711 1976 734 eum
1987 696 2174 746 audimus,

1187 757 1289 794 Erat
1317 757 1385 795 lux
1404 772 1518 807 vera,
1537 758 1629 795 nihil
1661 758 1809 795 ulterius
1838 757 2061 807 inquiramus
2084 774 2090 793 :
2118 772 2176 796 ne-

1187 832 1256 870 que
1273 820 1368 858 enim
1385 821 1478 858 ultra
1500 836 1687 873 possumus
1699 821 1910 873 pertingere.
1926 821 2017 857 Nam
2030 820 2059 857 si
2079 822 2175 858 Deus

1188 890 1228 918 ut
1245 882 1351 919 homo
1367 882 1560 933 genuisset,
1580 883 1774 921 necessario
1787 882 1967 920 interstitii
1987 882 2175 934 quidpiam

1187 942 1310 980 fuisset
1335 944 1530 995 genitorem
1548 944 1639 982 inter
1655 954 1689 983 et
1705 945 1864 996 genitum
1873 960 1883 993 3
1906 944 1969 981 sed
1986 945 2069 994 quia
2086 945 2174 982 inef-

1186 1004 1289 1042 fabili
1307 1005 1414 1043 modo
1432 1015 1465 1043 et
1483 1015 1522 1043 ut
1540 1008 1657 1044 Deum
1688 1006 1788 1043 decet
1811 1006 1949 1057 genuit,
1966 1005 2102 1043 abstine
2129 1006 2175 1044 ab

1187 1065 1244 1103 his
1266 1066 1433 1116 vocibus,
1453 1076 1544 1104 ante
1567 1077 1600 1105 et
1623 1077 1708 1119 post
1733 1083 1744 1103 :
1768 1067 1844 1104 haec
1873 1067 2006 1119 quippe
2030 1077 2174 1118 tempo—

1186 1140 1267 1163 rum
1292 1127 1436 1165 nomina
1454 1137 1536 1165 sunt
1557 1144 1564 1164 ε
1592 1128 1706 1166 Filius
1727 1142 1812 1168 vero
1831 1128 1938 1166 etiam
1958 1128 2174 1166 saeculorum

1185 1188 1347 1226 omnium
1365 1189 1528 1228 conditor
1543 1198 1607 1228 est.

1236 1368 1273 1404 9.
1302 1365 1399 1418 Ergo
1417 1380 1487 1405 non
1504 1374 1615 1419 pater,
1637 1366 1708 1413 ait,
1727 1365 1791 1404 sed
1806 1366 1912 1404 frater
1927 1373 1988 1404 est.
2008 1367 2096 1413 Quae
2109 1381 2169 1406 ne-
2183 1419 2205 1446 p
2246 1383 2317 1411 Vera
2335 1385 2371 1414 ae

2208 1427 2268 1450 atre
2292 1431 2319 1452 et
2336 1428 2373 1455 de

1184 1425 1340 1475 cessitas,
1362 1427 1506 1476 quasso?
1525 1429 1616 1464 Nam
1633 1427 1663 1464 si
1683 1428 1823 1464 Patrem
1837 1437 1870 1464 et
1888 1427 2024 1465 Filium
2038 1443 2084 1466 cx
2099 1429 2169 1466 alia
2183 1461 2260 1490 Filio
2316 1468 2335 1494 d

1185 1495 1218 1524 et
1232 1486 1373 1524 diversa
1390 1487 1509 1524 radice
1525 1497 1620 1525 ortos
1636 1487 1846 1535 diceremus,
1870 1488 1945 1525 haee
1957 1489 2037 1540 jure
2054 1490 2170 1528 dicere
2184 1506 2286 1534 ctrina.
2338 1478 2370 1495 ⁰-

1183 1561 1303 1599 posses
1324 1564 1330 1584 :
1350 1548 1404 1586 sin
1418 1548 1510 1586 hanc
1526 1548 1682 1586 vitamus
1698 1548 1930 1600 impietatem,
1948 1550 2172 1601 dicimusque

1184 1609 1326 1646 Patrem
1355 1609 1430 1647 sine
1458 1609 1636 1662 principio
1658 1623 1746 1659 esse,
1766 1623 1829 1646 nec
1859 1610 2019 1661 genitum
2042 1612 2149 1649 fuisse
2157 1628 2168 1662 3

1185 1670 1321 1708 Filium
1337 1686 1422 1709 vero
1441 1672 1516 1709 sine
1534 1670 1712 1724 principio
1733 1671 1880 1721 quidem
1895 1686 1979 1722 esse,
1997 1673 2059 1711 sed
2075 1674 2172 1725 geni-

1184 1740 1261 1770 tum
1279 1747 1299 1771 a
1316 1734 1433 1780 Patre,
1458 1747 1535 1783 quae
1563 1733 1749 1771 necessitas
1778 1748 1823 1771 ex
1850 1734 1917 1771 hac
1948 1735 2171 1785 cogitatione,

1182 1793 1337 1845 impium
1360 1794 1465 1831 illum
1482 1794 1610 1832 inferre
1627 1795 1849 1832 sermonem?
1868 1795 1976 1832 Nulla
1995 1810 2086 1833 sane.
2108 1797 2172 1834 Et-

1182 1855 1278 1893 enim
1299 1855 1469 1908 splendor
1488 1865 1558 1905 est3
1581 1855 1750 1908 splendor
1773 1865 1892 1894 autem
1914 1856 2022 1895 simul
2042 1858 2171 1896 intelli-

1182 1918 1279 1970 gitur
1288 1933 1371 1956 cum
1385 1929 1510 1957 natura
1525 1919 1600 1968 illa,
1611 1919 1667 1971 cuj
1673 1934 1712 1957 us
1730 1928 1781 1957 est
1791 1920 1970 1972 splendor.
1981 1921 2065 1959 Ideo
2079 1922 2173 1960 enim

1181 1983 1315 2021 Paulus
1338 1983 1444 2020 illum
1466 1982 1516 2021 sie
1533 1983 1690 2031 vocavit,
1710 1993 1750 2021 ut
1768 1983 1861 2021 nihil
1880 1985 2040 2023 medium
2056 1986 2172 2038 suspi-

1180 2044 1310 2082 careris
1333 2044 1424 2082 inter
1444 2045 1587 2082 Patrem
1604 2054 1638 2082 et
1657 2044 1794 2082 Filium
1816 2062 1823 2082 :
1846 2045 1885 2083 id
1910 2047 2004 2085 enim
2022 2047 2089 2086 hoe
2108 2062 2170 2086 no-

1180 2104 1275 2143 mine
1297 2105 1533 2157 significatur.
1554 2107 1637 2144 Post
1662 2105 1730 2143 hoc
1752 2107 1969 2159 exemplum,
1988 2122 2065 2146 eam
2092 2123 2171 2159 quae

1179 2166 1264 2204 hinc
1290 2166 1388 2218 apud
1407 2166 1546 2204 insanos
1569 2166 1724 2204 suboriri
1754 2177 1891 2219 poterat
1913 2169 2170 2208 absurditatem

1180 2227 1336 2279 corrigit.
1357 2228 1422 2276 Ne,
1439 2227 1569 2278 inquit,
1584 2227 1753 2278 quoniam
1775 2229 2000 2280 splendorem
2023 2231 2168 2281 audisti,
2209 2255 2372 2283 sabbellia-

1179 2287 1298 2339 ipsum
1319 2287 1465 2340 propria
1484 2288 1668 2340 hypostasi
1694 2288 1831 2340 privari
1857 2299 1967 2341 putes.
1988 2292 2080 2328 Nam
2101 2291 2167 2329 im-
2183 2307 2286 2325 norum
2328 2303 2371 2343 ‘et

1179 2348 1281 2400 pium
1309 2349 1376 2386 hoe
1406 2357 1513 2397 esset,
1537 2358 1571 2386 et
1600 2349 1886 2387 Sabellianorum
1919 2352 2167 2389 Marcelliano—
2181 2338 2371 2407 nggass‘nss]

1179 2425 1331 2461 rumque
1360 2410 1508 2448 insania.
1523 2412 1594 2448 Nos
1613 2420 1730 2448 autem
1746 2425 1815 2448 non
1834 2411 1884 2448 ita
1905 2411 2089 2460 sentimus,
2105 2413 2168 2451 sed
2182 2422 2272 2448 saniz.

1179 2473 1299 2525 ipsum
1330 2473 1368 2510 in
1396 2472 1540 2525 propria
1568 2472 1637 2510 sibi
1667 2471 1853 2524 hypostasi
1881 2486 1954 2510 esse
1981 2472 2164 2513 dicimus:

1180 2534 1261 2572 ideo
1289 2543 1478 2586 postquam
1509 2533 1612 2571 illum
1651 2532 1876 2584 splendorem
1912 2535 2167 2586 appellaverat,

1180 2594 1315 2642 intulit,
1340 2596 1394 2632 Et
1418 2596 1621 2632 character
1642 2596 1868 2633 substantioe
1888 2597 2008 2646 illius,
2031 2607 2071 2635 ut
2086 2613 2169 2650 pro-
2183 2620 2274 2649 Hebr.
2296 2630 2318 2649 ,ι
2337 2623 2368 2651 3·

1181 2656 1296 2707 priam
1306 2655 1515 2708 hypostasin
1529 2654 1759 2706 significaret,
1768 2656 2037 2708 ostenderetque
2051 2659 2169 2711 ipsum

1179 2730 1225 2754 ex
1239 2716 1362 2754 eadem
1377 2730 1449 2753 esse
1469 2716 1681 2765 substantia,
1704 2717 1805 2768 cujus
1818 2717 1999 2756 character
2016 2729 2077 2757 est.
2099 2722 2169 2759 Ne-

1180 2793 1248 2829 que
1263 2778 1358 2816 enim
1379 2778 1464 2817 satis
1485 2788 1537 2816 est
1553 2779 1705 2817 verbum
1724 2794 1849 2828 unum,
1865 2790 1904 2818 ut
1918 2782 1995 2833 jam
2014 2782 2106 2831 dixi,
2122 2785 2169 2823 ad

1177 2839 1241 2877 illa
1255 2839 1300 2877 de
1316 2841 1391 2878 Deo
1406 2839 1573 2891 dogmata
1597 2839 1802 2878 hominibus
1818 2841 2055 2893 significanda
2076 2860 2083 2880 τ
2106 2845 2169 2882 sed

1178 2901 1376 2954 optandum
1388 2911 1428 2940 ut
1446 2902 1569 2940 multis
1585 2902 1694 2940 simul
1710 2903 1838 2953 allatis,
1847 2918 1893 2954 ex·
1905 2904 2056 2956 singulis
2070 2907 2167 2957 quod

1178 2963 1366 3001 conveniat
1389 2963 1592 3015 seligamus.
1622 2964 1676 3001 Ita
1708 2965 1803 3002 enim
1835 2965 2030 3016 poterimus
2058 2967 2167 3018 digne

1179 3024 1331 3075 gloriam
1349 3024 1417 3062 Dei
1448 3025 1643 3074 celebrare3
1669 3025 1777 3076 digne
1806 3025 1941 3064 seilicet
1969 3028 2165 3066 seeundum

1177 3085 1383 3124 facultatem
1399 3096 1568 3124 nostram.
1587 3086 1626 3125 Si
1646 3086 1725 3137 quis
1748 3087 1841 3124 enim
1858 3088 1903 3126 de
1919 3089 1978 3126 illa
2001 3089 2108 3141 digne
2129 3105 2165 3129 se

1178 3147 1278 3199 loqui
1304 3162 1405 3200 posse
1432 3157 1546 3200 putet,
1569 3157 1675 3198 atque
1700 3158 1874 3186 asseveret
1901 3164 1936 3187 se
1966 3150 2013 3187 ita
2046 3153 2164 3189 Deum
2258 3172 2364 3200 Contra

1179 3222 1293 3258 nosse,
1310 3218 1350 3248 ut
1366 3209 1442 3262 ipse
1463 3223 1499 3248 se
1520 3209 1635 3258 novit,
1653 3209 1682 3247 is
1705 3210 1862 3248 maxime
1881 3213 1997 3249 Deum
2013 3212 2161 3264 ignorat.
2180 3210 2347 3241 A⁰⁰¹¹¹0²⁰⁵·

1155 3345 1216 3362 σαν.

1197 3390 1210 3404 ⁰
1228 3381 1319 3422 [οὕτω
1348 3384 1455 3425 φαμὲν,
1482 3385 1599 3415 ἀλλα...-
1635 3389 1704 3415 itum
1728 3383 1893 3416 ὑποστάσει.
1924 3386 1971 3417 δια
1996 3384 2098 3418 Savit.
2128 3394 2159 3416 et

1153 3431 1236 3464 Cod.
1258 3433 1333 3473 cit.]
