2507 3673
723 237 767 265 IN
804 236 1125 266 PRODlTlONEM

122 321 204 367 ἕξιν.
221 321 311 361 εὈτε
331 321 366 360 δὲ
386 320 532 373 ἀπένιψε
551 320 629 364 τοὺς
649 321 756 364 πόδας
771 320 829 359 καὶ
848 319 1007 370 ἐξέμαξε,
1022 319 1139 358 λαὸὼν

122 374 167 412 τὰ
183 374 308 425 ἱμάτια
324 374 500 412 ἀνέπεσεν.
514 374 533 393 *
551 372 727 424 Ἔτήρησε
744 377 803 411 τοῦ
832 373 952 412 δούλου
974 372 1039 419 τὴν
1057 387 1140 424 μορ-

122 426 200 478 φὴν,
231 427 290 464 καὶ
319 426 358 463 τὸ
387 426 506 464 λοιπὸν
536 426 757 464 ἀνακλίνεται
789 429 835 469 ὡς
863 424 1062 471 Δεσπότης,
1081 424 1141 462 καὶ

119 479 213 530 λέγει
231 481 305 530 μετ’
328 479 520 526 αὐθεντίας,
542 481 619 517 Οὐκ
639 479 753 517 οἴδατε
779 479 814 517 τί
832 478 1008 525 πεποίηκα
1038 479 1138 526 ὑμῖν,

122 531 212 570 Ἀντὶ
230 536 290 569 τοῦ
302 562 312 578 ,
329 533 391 569 οὐκ
405 531 582 578 ἐνοήσατε.
605 534 684 584 Οὐχ
703 534 800 582 ὑμεῖς
819 531 957 583 λέγετε,
977 533 995 567 ὃ
1015 529 1142 573 Κύριος

121 584 179 622 καὶ
199 588 216 621 ὁ
231 584 455 630 διδάσκαλος
475 585 544 623 Καὶ
572 587 686 627 καλῶς
705 585 842 636 λέγετε·
866 584 937 634 εἰμὶ
957 583 1036 648 γάρ.
1053 575 1140 618 ῗΩδε

119 642 244 688 γυμνοὶ
263 636 326 682 τὴν
352 637 541 676 αὖθεντίαν.
561 636 729 681 'Bitonis
749 638 811 684 τὴν
835 641 894 674 τοῦ
914 637 1034 673 δουλου
1053 648 1142 685 μορ-

120 688 200 740 φὴν,
218 689 276 727 καὶ
299 689 429 741 εἰσάγει
445 690 508 737 τὴν
527 694 586 728 τοῦ
605 692 708 729 Θεοῦ.
729 693 804 742 Οὐγ
825 692 923 740 ὑμεῖς
959 687 1078 737 λέγετε
1092 715 1101 731 ,
1125 687 1142 722 ὁ

120 741 248 793 Κύριος
267 742 325 780 καὶ
348 745 366 780 ὁ
384 743 608 790 διδάσκαλος,
624 745 666 781 Εἰ
686 737 742 780 οὖν
765 735 832 794 ἐγὼ
860 745 877 779 ὁ
898 739 1022 792 Κύριος
1046 738 1105 777 καὶ
1125 741 1142 776 ὃ

120 794 326 840 διδάσκαλος
353 797 453 848 ἔνιψα
483 799 581 846 ὑμῶν
614 795 692 838 τοὺς
720 795 848 841 πόδας,
881 793 980 844 πόσῳ
1008 792 1140 842 μᾶλλον

119 846 273 899 ὀφείλετε
296 850 458 896 ἀλλήλων
491 849 622 886 νίπτειν
651 847 728 889 τοὺς
759 846 890 890 πόδας;
921 844 1141 895 Ὕπόδειγμα

120 902 188 951 γὰρ
203 901 338 939 δέδωκα
358 905 439 951 ὑμῖν
455 903 566 952 (ὁρῶ,
589 901 643 938 ὅτι
662 899 842 942 εὐλαὸείας
873 894 916 946 ἦν
935 898 1140 945 ὑπόθεσις),

119 952 177 999 ἵν’,
196 954 242 995 ὡς
267 954 416 1001 ἐποίησα
431 956 525 1005 ὑμῖν,
543 953 660 1005 φησὶν,
677 952 767 991 οὕτω
783 951 843 991 καὶ
863 955 962 1003 ὑμεῖς
981 951 1143 998 ἀλλήλοις

120 1019 255 1051 ποιητε.

173 1109 316 1149 Τούτων
333 1110 423 1149 οὕτω
438 1111 629 1163 γενομένων
649 1110 902 1163 προσέρχονται
921 1110 1013 1161 αὐτῷ
1031 1110 1062 1147 οἱ
1074 1125 1144 1160 μα-

119 1163 222 1210 θηταὶ
237 1165 357 1210 αὐτοῦ,
379 1163 438 1202 καὶ
460 1164 600 1215 λέγουσι
613 1181 620 1187 ·
640 1164 746 1216 Κύριε
762 1193 770 1209 ,
792 1167 857 1201 ποῦ
878 1163 986 1206 Θέλεις
1005 1162 1145 1213 ἕτοιμά-

120 1216 236 1267 σωμέν
259 1231 313 1254 σοι
330 1222 449 1269 φαγεῖν
464 1218 504 1255 τὸ
520 1217 662 1269 πάσχα;
683 1216 798 1254 Βλέπε
826 1217 918 1254 Θεοῦ
936 1215 1143 1269 πρόγνωσιν.

121 1269 247 1320 Λέγει,
265 1269 453 1308 Ἀπέλθατε
473 1272 520 1313 εἷς
546 1269 609 1315 τὴν
638 1270 752 1317 πόλιν,
771 1269 830 1306 καὶ
851 1268 1045 1314 ἀπαντήσει
1064 1271 1145 1318 ὑμῖν

121 1322 299 1372 ἅνθρωπος
325 1324 490 1375 κεράμιον
510 1322 632 1366 ὓδατος
661 1323 854 1373 βαστάζων.
870 1321 1145 1366 Ἀκολουθήσατε

121 1375 214 1426 αὐτῷ
230 1374 314 1413 ὅπου
336 1376 546 1428 ἀπέρχεται,
567 1376 626 1413 καὶ
646 1377 692 1418 εἰς
719 1375 760 1421 ἢν
783 1375 823 1411 ἂν
847 1374 958 1412 οἰκίαν
984 1374 1120 1424 εἰσέλθῃ
1135 1404 1144 1421 ,

121 1426 244 1464 εἴπατε
258 1431 308 1478 τῷ
325 1429 551 1480 οἰκοδεσπότῃ
563 1444 570 1451 ·
589 1431 606 1466 ὃ
626 1428 832 1471 διδάσκαλος
851 1427 967 1477 λέγει,
988 1430 1005 1464 ὃ
1027 1426 1145 1476 καιρός

122 1495 188 1530 μου
218 1480 316 1531 ἐγγύς
346 1483 441 1518 ἐστι·
458 1481 542 1533 πρὸς
563 1479 599 1518 σὲ
627 1484 716 1518 ποιῶ
740 1480 779 1517 τὸ
806 1479 931 1530 πάσχα
959 1479 1047 1529 μετὰ
1075 1483 1143 1517 τῶν

122 1535 287 1582 μαθητῶν
309 1549 386 1583 μου.
402 1534 472 1571 Καὶ
493 1532 592 1576 αὐτὸς
609 1536 689 1583 ὑμῖν
717 1532 817 1576 δείξει
839 1531 988 1584 ἀνώγεον
1010 1535 1144 1583 ἐστρω-

124 1584 240 1635 μένον.
258 1587 315 1623 Τὰ
334 1586 394 1624 δύο
408 1592 524 1639 τηρεῖ,
545 1585 603 1624 καὶ
625 1585 704 1629 τοὺς
732 1584 945 1627 ἀποστόλους
974 1585 1145 1636 ἐφοδιάζει

124 1640 300 1690 ἑρωτῆσαι
315 1639 372 1676 τὸν
394 1638 655 1686 οἰκοδεσπότην,
676 1638 735 1676 καὶ
753 1637 808 1675 ἵνα
829 1637 877 1687 μὴ
894 1638 1078 1684 νοήσωσιν,
1094 1637 1147 1676 ὅτι

123 1693 238 1741 ἀγνοεῖ
255 1691 313 1729 τὸν
332 1691 450 1739 τόπον,
470 1691 563 1743 λέγει
581 1693 696 1735 αὐτοῖς
711 1707 718 1714 ·
740 1690 846 1741 εΥμῖν
867 1690 968 1734 δείξει
996 1689 1146 1741 ἀνώγεον

125 1742 216 1794 μέγα
243 1745 474 1795 ἔστριι)μένον.
497 1746 543 1782 Εἰ
571 1744 751 1795 προλέγεις
778 1744 836 1781 τὸν
869 1744 987 1790 τόπον,
1023 1743 1079 1782 διὰ
1112 1744 1146 1781 τί

123 1796 232 1848 λέγεις
260 1803 330 1841 τοῖς
364 1801 554 1848 μαθηταῖς,
588 1797 788 1850 ἐρωτήσατε
818 1797 899 1850 περὶ
928 1800 988 1834 τοῦ
1014 1796 1144 1844 τόπου;

122 1849 213 1900 Πρὶν
227 1850 458 1901 ἐρωτήσωμεν
475 1851 664 1901 ἐμάθομεν.
686 1850 755 1887 Mt
766 1879 775 1896 ,
792 1850 876 1901 φησί
890 1880 898 1896 ,
915 1847 975 1887 καί
990 1864 1049 1899 μοι
1065 1850 1148 1903 πρέ-

121 1916 180 1939 πει
202 1903 381 1955 προλέγειν
401 1906 447 1946 ὡς
462 1905 565 1955 Θεῷ,
595 1903 655 1940 καὶ
682 1904 762 1953 ὑμῖν
793 1905 924 1954 ἐρωτᾷν
944 1904 990 1945 ὡς
1012 1901 1146 1953 ἀνθρώ-

121 1969 209 1998 ποις.
235 1957 401 2005 Οὖδαμοῧ
421 1955 455 1993 δὲ
475 1955 626 2007 Χριστὸς
649 1955 870 2007 παραδίδωσι
893 1955 931 1992 τὸ
960 1955 1148 2005 μυστήριον

121 2008 157 2044 ἐν
175 2014 349 2051 ταπεινοῖς
365 2008 482 2052 τόποις
494 2038 503 2055 ,
525 2009 602 2046 ἀλλ’
619 2009 653 2045 ἐν
671 2010 712 2058 τῇ
733 2009 847 2060 ὀρεινῇ
861 2037 870 2054 ,
890 2007 912 2053 ἢ
928 2009 962 2044 ἐν
979 2008 1126 2060 ὓπερώω
1140 2023 1147 2031 ·

121 2059 218 2099 οὐδὲν
239 2061 308 2114 γὰρ
336 2061 512 2113 κατώγεον
530 2061 587 2099 ἐπὶ
607 2062 773 2113 Χριστοῦ.
789 2060 858 2098 Διὰ
873 2064 973 2098 τοῦτο
1007 2059 1064 2098 ὅτε
1080 2048 1148 2098 Δκαὶ

120 2112 185 2159 τὴν
221 2113 437 2166 ἐπιφοίτησιν
468 2114 628 2166 ἐδέχοντο
664 2118 725 2152 τοῦ
757 2112 855 2164 ἁγίου
884 2112 1089 2163 Πνεύματος
1118 2117 1149 2152 οἱ

123 2165 329 2214 ἀπόστολοι,
346 2169 381 2204 ἐν
402 2167 549 2221 ὑπερῴῳ
579 2161 668 2213 ἦσαν
695 2166 919 2216 συνηγμένοι.
943 2165 1054 2213 Τότε,
1073 2182 1148 2214 ωη-

124 2218 191 2266 σὶν,
203 2219 387 2274 ἀπέστειλε
402 2219 462 2273 διέρ
480 2223 548 2257 τῶν
571 2222 736 2270 μαθητῶν
756 2218 940 2268 ἑτοιμάσαι
954 2219 994 2256 τὸ
1011 2205 1147 2271 πάοὲχα.

121 2270 223 2314 Τίνες
243 2271 278 2309 δὲ
299 2276 386 2319 ἦσαν
407 2276 519 2319 obi-023
537 2272 670 2324 Πέτρος
685 2271 744 2309 καὶ
765 2271 941 2317 Ἰωάννης.
963 2271 1030 2309 Διὰ
1051 2271 1085 2308 τί
1105 2265 1147 2310 ’δὲ

119 2324 216 2375 παρὰ
245 2324 322 2380 τοὺς
350 2324 484 2363 δώδεκα
505 2325 638 2377 Πέτρον
659 2324 718 2362 καὶ
743 2323 909 2371 Ἰωάννην
943 2325 1146 2373 ἀπέστειλε;

119 2376 254 2428 Πέτρος
267 2381 309 2424 ἣν
328 2381 345 2416 ὁ
363 2378 594 2430 ὁμολογήσας,
610 2377 694 2416 (Ότι
714 2376 755 2415 σὺ
774 2370 833 2414 sio
853 2376 1015 2428 Χριστὸς,
1033 2381 1050 2415 ὁ
1065 2378 1147 2422 Υἱὸς

119 2434 179 2467 ’τοῦ
202 2431 295 2468 Θεοῦ
312 2435 372 2469 τοῦ
395 2432 537 2485 ζῷντος·
553 2429 718 2477 Ἰωάννης
743 2429 779 2468 δὲ
805 2429 929 2480 ἔμελλε
960 2430 1144 2483 κηρύττειν

119 2481 182 2527 τὸ,
201 2482 263 2520 Ἐν
284 2485 375 2534 ἀρχῇ
407 2486 485 2536 ἠνωὸ
506 2483 634 2533 Λόγος,
653 2483 712 2520 καὶ
734 2485 751 2519 ὃ
778 2483 888 2533 Λόγος
916 2477 957 2529 ἦν
977 2484 1064 2535 πρὸς
1085 2483 1143 2522 τὸν

121 2534 226 2582 Θεὸν,
255 2536 314 2572 καὶ
333 2535 421 2577 Θεὸς
449 2538 490 2580 ἦν
515 2539 532 2573 ὃ
562 2535 686 2586 Λόγος.
709 2535 930 2573 Ἀποστέλλει
951 2536 1008 2574 τὸν
1040 2536 1142 2586 θεμέ-

120 2588 193 2625 λιον
221 2589 284 2632 τῆς
303 2587 472 2635 πίστεως,
486 2588 546 2625 καὶ
573 2588 631 2625 τὸν
652 2588 724 2625 υἱὸν
745 2589 807 2632 τῆς
840 2590 1006 2639 βροντῆς,
1032 2587 1088 2626 ἵνα
1108 2590 1142 2626 ἐν

123 2640 185 2688 μὲν
206 2642 256 2692 τῷ
276 2640 422 2692 Θεμελίῳ
439 2640 533 2691 πήξῃ
554 2638 593 2677 τὸ
612 2642 674 2685 τῆς
694 2639 868 2683 εὖσεέείας
890 2641 1091 2692 μυστήριον,
1107 2642 1142 2678 ἐν

121 2691 156 2730 δὲ
171 2694 220 2743 τῷ
239 2694 303 2745 υἱῷ
322 2696 383 2738 τ’ἧς
401 2696 544 2745 βροντῆς
574 2692 734 2743 ἀστράψῃ
757 2692 801 2729 τὰ
829 2696 892 2738 τῆς
925 2693 1143 2739 δικαιοσύνης

121 2745 334 2795 ἐντάλματα.
358 2746 472 2783 Πάλιν
490 2744 547 2782 διὰ
568 2744 602 2782 τί
627 2746 762 2797 Πέτρον
785 2745 844 2783 καὶ
873 2743 1038 2791 Ἰωάννην
1058 2748 1144 2784 ἀπο-

121 2796 372 2845 στέλλει;“Ίνα
398 2800 539 2850 δειχθῇ,
557 2798 610 2835 ὅτι
640 2798 699 2835 καὶ
728 2801 791 2843 τῆς
820 2798 1059 2848 σεμνογαμίας
1085 2798 1144 2836 καὶ

121 2853 183 2896 τ’ἧς
202 2851 389 2903 παρθενίας
404 2851 566 2898 ἥπλωται
587 2850 626 2887 τὸ
652 2852 773 2902 δῶρον,
799 2851 859 2888 καὶ
890 2850 1043 2901 γίνονται
1065 2867 1144 2888 κοι-

121 2903 221 2940 νωνοὶΙ
248 2908 307 2942 τοῦ
339 2904 463 2956 πάσχα
484 2904 543 2941 καὶ
571 2904 601 2941 οἳ
632 2905 667 2940 ἐν
695 2902 934 2954 σεμνογαμία,
965 2903 1024 2941 καὶ
1049 2906 1080 2940 οἱ
1110 2905 1145 2940 ἐν

121 2956 290 3007 παρθενίᾳ
315 2959 429 3000 καλῶς
460 2959 595 3000 ζῶντες.
621 2955 843 2994 Ἀποστέλλει
874 2955 1062 3007 παρθενίαν
1086 2956 1146 2993 καὶ

123 3009 360 3058 σεμνογαμίαν
388 3009 571 3059 ἑτοιμάσαι
599 3011 692 3060 αὐτῷ
720 3008 758 3045 τὸ
788 3007 932 3059 πάσχα·
957 3007 1076 3058 ὥσπερ
1109 3010 1143 3046 ἐν

121 3063 172 3112 τῷ
187 3061 258 3113 ὄρει
275 3064 430 3107 Μωῦσῆν
450 3062 508 3099 καὶ
524 3061 648 3099 Ἠλίαν
669 3059 890 3114 παρέστησε,
910 3060 968 3098 τὸν
992 3060 1054 3111 μὲν
1077 3061 1146 3098 ἀπὸ

125 3115 380 3165 σεμνογαμίας,
397 3114 454 3152 τὸν
487 3113 521 3152 ’δὲ
542 3113 611 3152 ἀπὸ
639 3112 827 3164 παρθενίας
858 3112 1046 3162 λάμποντα
1059 3144 1068 3161 ,
1089 3112 1145 3151 ἵνα

124 3169 213 3218 φανῇ
237 3167 456 3217 σεμνογαμία
475 3166 534 3204 καὶ
563 3166 732 3219 παρθενία
750 3168 976 3217 παρεστῶσαι
992 3169 1042 3218 τῷ
1060 3167 1146 3219 Χρι-

123 3222 207 3270 στῷ.
226 3219 420 3272 Ἐπιθυμίᾳ
434 3219 502 3272 γὰρ
524 3220 726 3269 ἐπεθύμησα
750 3221 824 3268 μεθ’
845 3221 941 3268 ὑμῶν
958 3218 997 3256 τὸ
1020 3218 1145 3269 πάσχα

122 3276 224 3310 τοῦτο
256 3278 389 3323 φαγεῖν.
430 3274 506 3309 Οὐκ
552 3270 828 3322 ἀναγκαζόμενος
874 3270 1046 3320 βιάζεται,
1084 3272 1145 3309 οὐκ

125 3324 284 3363 ἀκούσιον
305 3324 344 3361 τὸ
361 3324 488 3369 πάθος,
509 3326 584 3362 ἀλλ’
604 3323 757 3366 ἑκούσιος
782 3327 804 3370 ἡ
833 3322 969 3374 γνώμη.
984 3325 1028 3362 Εἰ
1044 3326 1062 3362 ὁ
1077 3326 1145 3362 Δε-

169 3427 184 3441 ⁸
209 3424 337 3469 {Sawl
359 3431 394 3459 ἰ’σ.
416 3425 562 3465 ἑξεῖα)ε.]

1164 233 1458 274 ΞΕΚΥΑΤΟΒΙΞ,
1499 232 1598 261 ETC.
2098 229 2189 275 927

1213 331 1320 369 quam
1341 325 1459 355 autem
1482 315 1616 353 laverat
1635 322 1668 350 et
1686 313 1916 361 absterserat,
1936 311 2070 363 accepit
2087 310 2193 350 vesti-

1213 378 1329 407 menta
1352 383 1415 407 sua
1432 376 1465 405 et
1482 365 1656 405 recubuit.
1676 365 1841 403 Servavit
1866 365 1958 403 servi
1976 366 2141 413 sormam,
2162 373 2195 401 et

1213 431 1332 473 postea
1362 430 1402 458 ut
1430 419 1606 457 Dominus
1625 417 1803 464 recubuit,
1823 426 1854 454 et
1879 432 1961 454 eum
1989 416 2196 454 auctoritate

1213 473 1326 511 dicit:
1345 475 1510 511 Nescitis
1531 471 1625 522 quid
1639 471 1799 520 fecerim
1819 471 1958 506 vobis?
1978 473 2029 506 Ac
2048 470 2075 505 si
2095 468 2193 505 dice-

1213 535 1280 573 ret,
1316 526 1395 564 Non
1435 516 1669 562 intellexistis.
1705 523 1845 559 Nonne
1874 535 1946 558 vos
1983 522 2108 558 dicitis
2138 535 2197 557 me

1215 579 1449 629 ,Magistrum
1479 586 1515 614 et
1550 577 1764 613 Dominum
1785 577 1802 609 P
1837 582 1872 611 et
1909 576 2001 609 bene
2040 574 2166 609 dicitis
2182 589 2195 616 ,-

1166 635 1190 665 E
1215 644 1301 668 sum
1323 633 1478 668 etenim.
1501 629 1569 666 Hic
1595 626 1841 665 auctoritatem
1863 625 2090 663 demonstrat.
2114 624 2198 676 Eje-

1217 683 1264 721 cit
1291 683 1442 721 sormam
1469 681 1577 730 servi,
1599 689 1632 718 et
1661 678 1779 717 induit
1798 678 1864 716 Dei
1891 679 2055 715 formam.
2087 678 2200 714 Non-

1219 751 1266 774 ne
1291 750 1363 774 vos
1389 750 1448 773 me
1474 736 1601 772 dicitis
1629 734 1861 784 Magistrum
1894 740 1930 768 et
1960 732 2200 768 Dominum?

1214 790 1257 827 Si
1283 791 1400 841 igitur
1428 802 1496 840 ego
1527 788 1719 825 Dominus
1752 793 1786 822 et
1815 794 1829 821 ,ι’
1863 786 2006 835 agister
2031 783 2110 819 lavi
2136 797 2201 832 pe-

1218 843 1284 879 des
1311 851 1475 886 vestros,
1499 847 1646 892 quanto
1671 840 1794 888 magis
1820 850 1893 873 ‘vos
1927 837 2071 872 debetis
2103 835 2204 872 alter

1218 895 1378 932 alterius
1407 894 1522 946 pedes
1554 893 1718 929 lavare?
1748 889 1979 940 Exemplum
2011 890 2113 924 enim
2139 888 2203 923 de-

1219 948 1260 984 di
1284 949 1396 984 vohis
1429 945 1557 995 (video
1585 943 1728 996 pietatis
1757 941 1962 993 exemplum
1991 940 2136 987 fuisse),
2163 948 2203 976 ut

1219 1000 1544 1051 quemadmodum
1561 1011 1630 1050 ego
1645 997 1726 1049 feci
1737 997 1863 1045 vobis,
1884 997 1940 1031 ila
1965 1002 1999 1031 et
2015 1006 2086 1030 vos
2106 995 2204 1030 invi-

1219 1067 1301 1090 cem
1309 1055 1494 1105 faciatis.

1271 1107 1308 1142 4.
1326 1105 1390 1143 His
1408 1105 1456 1142 ita
1480 1102 1587 1155 gestis
1616 1108 1834 1139 accesserunt
1864 1098 1910 1136 ad
1936 1113 2017 1136 eum
2035 1096 2206 1149 discipuli

1219 1158 1309 1209 ejus,
1325 1168 1359 1196 et
1372 1157 1559 1195 dixerunt:
1571 1156 1755 1199 Domine,
1772 1155 1836 1190 uhi
1851 1155 1912 1189 vis
1926 1164 2105 1203 paremus
2121 1152 2202 1196 tibi,

1220 1219 1262 1248 ut
1289 1212 1497 1248 manduces
1518 1209 1675 1246 Pascha
1689 1211 1705 1243 Ρ
1724 1205 1821 1245 Vide
1844 1204 1908 1242 Dei
1933 1202 2202 1256 praescientiam.

1220 1263 1295 1308 Ait,
1312 1266 1372 1301 Ite
1391 1266 1431 1300 in
1463 1264 1673 1306 civitatem,
1697 1267 1733 1296 et
1765 1265 1939 1295 occurret
1960 1258 2072 1293 vohis
2093 1257 2206 1293 homo

1220 1316 1400 1368 lagenam
1420 1329 1532 1367 aquae
1558 1322 1733 1365 portans.
1765 1311 1977 1362 Sequimini
2003 1323 2088 1346 eum
2113 1321 2208 1360 quo-

1218 1383 1380 1421 cumque
1398 1371 1510 1406 ierit:
1529 1375 1565 1404 et
1584 1369 1625 1403 in
1653 1377 1936 1417 quamcumque
1964 1363 2119 1398 domum
2149 1363 2208 1397 iu-

1219 1424 1379 1468 troierit,
1397 1423 1513 1458 dicite
1531 1420 1687 1456 domino
1707 1418 1840 1454 domus
1861 1431 1871 1450 :
1887 1416 2076 1466 stlagister
2097 1415 2204 1459 dicit,

1159 1507 1205 1532 m
1223 1476 1385 1526 Tempus
1402 1487 1526 1511 meum
1541 1485 1658 1524 prope
1674 1478 1727 1507 est
1738 1485 1748 1506 .·
1759 1469 1865 1520 apud
1879 1477 1914 1505 te
1927 1469 2035 1518 facio
2051 1467 2208 1504 Pascha

1170 1545 1195 1573 A
1219 1541 1306 1564 cum
1334 1527 1531 1578 discipulis
1563 1526 1670 1561 meis.
1704 1523 1757 1559 Et
1787 1524 1866 1571 ipse
1895 1520 2066 1558 ostendet
2098 1521 2209 1556 vobis

1217 1579 1458 1617 coenaculum
1476 1586 1654 1616 stratum.
1675 1576 1757 1613 Duo
1773 1573 1948 1620 observat,
1968 1571 2211 1623 apostolorum

1218 1631 1317 1669 viam
1345 1631 1469 1682 dirigit
1495 1639 1535 1667 ut
1562 1630 1780 1678 interrogent
1799 1625 1985 1663 dominum
2010 1625 2158 1673 domus5
2177 1634 2211 1661 et

1218 1698 1262 1722 ne
1276 1693 1402 1737 putent
1419 1685 1536 1736 ipsum
1556 1682 1722 1732 ignorare
1740 1680 1871 1727 locum,
1888 1678 1938 1715 ait
1958 1677 2030 1714 illis
2046 1693 2053 1712 :
2075 1679 2209 1714 Osten-

1219 1739 1283 1775 det
1296 1740 1408 1776 ‘vobis
1423 1735 1665 1775 caenaculum
1680 1732 1829 1785 grande
1844 1739 2023 1768 stratum.
2039 1730 2076 1767 Si
2092 1730 2169 1766 locu
2177 1744 2209 1766 ni

1217 1790 1396 1842 praedicis,
1417 1804 1480 1828 cur
1499 1786 1685 1839 discipulis
1704 1785 1769 1835 ais,
1792 1786 2010 1833 Interrogate
2033 1782 2077 1819 de
2097 1782 2173 1819 loeo
2192 1783 2209 1819 ἶ)

1219 1843 1434 1893 Priusquam
1447 1843 1760 1891 interrogaremus,
1771 1837 1847 1888 jam
1862 1835 2067 1874 didicimus.
2077 1835 2208 1877 Etiam,

1219 1895 1351 1946 inquit,
1373 1909 1429 1933 me
1449 1894 1549 1932 decet
1574 1891 1766 1944 praedicere
1786 1898 1824 1926 ut
1846 1891 1977 1937 Deum7
2007 1897 2039 1925 et
2065 1902 2127 1925 ves
2147 1902 2211 1939 par

1220 1958 1271 1986 est
1284 1949 1500 2000 interrogare
1518 1955 1558 1983 ut
1572 1945 1744 1983 homines.
1761 1943 1947 1992 Nusquam
1966 1949 2084 1978 autem
2109 1941 2211 1977 Chri-

1220 2010 1294 2038 stus
1314 2000 1527 2053 mysterium
1553 1997 1663 2035 tradit
1682 1997 1718 2033 in
1737 1995 1936 2032 humilibus
1965 1993 2066 2042 locis,
2088 1993 2149 2030 sed
2175 1993 2210 2030 in

1221 2054 1414 2103 montibus,
1432 2062 1494 2090 aut
1514 2052 1550 2089 in
1567 2049 1746 2088 coenaculo
1763 2064 1770 2084 :
1788 2046 1882 2084 nihil
1897 2045 1991 2083 enim
2011 2047 2047 2082 in
2069 2046 2212 2083 Christo

1221 2107 1399 2144 infimum.
1428 2105 1511 2144 Ideo
1542 2118 1623 2142 cum
1652 2100 1801 2154 apostoli
1825 2098 2131 2151 supervenientem
2154 2113 2211 2135 ac-

1221 2168 1390 2212 ceperunt
1416 2158 1592 2210 Spiritum
1616 2163 1792 2201 sanetum,
1814 2152 1850 2189 in
1868 2151 2045 2188 coenaculo
2066 2164 2210 2201 congre-

1222 2213 1295 2263 gati
1309 2221 1419 2249 erant.
1441 2213 1560 2256 Tunc,
1577 2208 1706 2259 inquit,
1722 2208 1825 2243 misit
1839 2205 1934 2242 duos
1952 2219 1999 2241 ex
2014 2205 2210 2255 discipulis

1220 2268 1313 2312 suis,
1327 2274 1367 2301 ut
1378 2272 1546 2317 pararent
1561 2260 1708 2300 Pascha.
1723 2258 1880 2304 Quinam
1893 2257 1932 2293 hi
1946 2256 2069 2294 erant?
2086 2258 2210 2293 Petrus

1222 2327 1255 2355 et
1267 2320 1430 2357 Joannes.
1449 2317 1522 2354 Cur
1538 2329 1583 2352 ex
1599 2312 1790 2351 duodecim
1816 2312 1960 2348 Petrum
1984 2318 2018 2346 et
2037 2310 2207 2347 Joannem

1220 2370 1342 2409 misit?
1363 2372 1490 2409 Petrus
1513 2377 1586 2406 erat
1604 2365 1667 2417 qui
1696 2365 1874 2403 confessus
1891 2363 2022 2411 fuerat,
2048 2363 2149 2412 Quia
2167 2371 2208 2399 tu

1219 2438 1258 2462 es
1275 2425 1450 2462 Christus
1469 2422 1597 2460 Filius
1617 2420 1694 2457 Dei
1720 2419 1804 2456 vivi
1821 2432 1831 2451 :
1847 2417 1998 2454 Joannes
2011 2428 2096 2452 vero
2117 2428 2207 2466 prae-

2220 1169 2321 1197 filare.
2345 1166 2389 1206 [Ἰ.

2225 1211 2370 1240 12.—15.

2227 1434 2336 1462 nauh.
2357 1432 2409 1461 26.

2228 1476 2274 1504 ιδ.

2223 2381 2335 2409 Manli.
2360 2383 2409 2411 16.

2227 2430 2272 2460 17-

1218 2476 1402 2514 dicaturus
1439 2483 1527 2523 erat,
1559 2475 1606 2510 In
1631 2472 1821 2522 principio
1854 2476 1937 2505 erat
1968 2468 2146 2515 Verbum,
2170 2476 2205 2504 et
2219 2481 2309 2510 ΛΜΗ,
2335 2490 2359 2510 ,,
2381 2491 2406 2510 ,,

1220 2531 1384 2567 Verbum
1398 2536 1481 2565 erat
1497 2526 1601 2578 apud
1610 2526 1750 2568 Deum,
1761 2530 1796 2559 et
1811 2522 1918 2558 Deus
1931 2528 2015 2557 erat
2027 2520 2204 2557 Verbum.

1218 2582 1332 2619 Mittit
1351 2579 1622 2618 fundamentum
1652 2574 1753 2623 fidei,
1778 2583 1811 2611 et
1839 2573 1955 2610 filium
1975 2572 2124 2610 tonitrui
2133 2588 2143 2621 3
2167 2582 2206 2610 ut

1216 2633 1253 2671 in
1275 2633 1505 2672 fundamento
1534 2629 1676 2683 pietatis
1705 2626 1917 2679 mysterium
1947 2625 2084 2675 figeret,
2106 2633 2140 2662 et
2168 2625 2204 2663 in

1216 2686 1292 2723 filio
1306 2685 1455 2724 tonitrui
1467 2683 1615 2736 justitiae
1630 2688 1803 2734 praecepta
1818 2678 2050 2727 fulgurarent.
2067 2678 2204 2716 Rursus

1218 2754 1279 2778 cur
1298 2742 1443 2778 Petrum
1459 2747 1493 2775 et
1510 2738 1683 2776 Joannem
1701 2732 1833 2770 mittit?
1858 2732 1905 2768 [t
1925 2730 2121 2768 ostenderet
2139 2730 2203 2767 ho-

1218 2792 1388 2829 norabilis
1405 2789 1561 2842 conjugii
1580 2797 1613 2825 et
1631 2784 1852 2837 virginitatis
1870 2783 2003 2821 donum
2023 2782 2199 2834 expandi;

1217 2854 1250 2882 et
1277 2844 1421 2882 Paschae
1443 2850 1620 2880 consortes
1650 2853 1721 2877 esse
1742 2847 1813 2875 tam
1834 2835 2059 2873 honorabiles
2080 2836 2202 2887 conju-

1218 2906 1329 2948 gatos,
1345 2910 1452 2947 quam
1470 2895 1640 2945 rugium,
1660 2892 1796 2930 sirecte
1814 2889 1950 2927 vivant.
1971 2888 2072 2925 Misit
2091 2888 2203 2938 virgi-

1218 2950 1363 2987 nitatem
1389 2957 1422 2986 et
1448 2945 1655 2985 honorabile
1683 2942 1907 2995 conjugium,
1924 2950 1964 2978 ut
1982 2950 2106 2992 parent
2134 2940 2203 2977 sihi

1219 3002 1354 3040 Pascha
1370 3017 1378 3037 :
1396 3010 1435 3038 ut
1454 3000 1491 3038 in
1510 3008 1628 3037 monte
1654 2999 1804 3047 Moysen
1823 3004 1856 3032 et
1876 2993 1995 3031 Etiam
2023 2992 2201 3037 exhihuit,

1220 3069 1371 3105 quorum
1385 3054 1475 3091 alius
1485 3067 1529 3090 ex
1540 3049 1742 3090 honorabili
1751 3045 2022 3099 conjugio,alius
2034 3060 2077 3083 ex
2088 3045 2200 3095 virgi-

1218 3107 1507 3157 nitatefulgehat;
1519 3114 1558 3143 ut
1568 3113 1600 3142 et
1610 3101 1819 3141 honorabile
1831 3098 2036 3149 conjugium
2048 3106 2080 3134 et
2093 3097 2203 3146 virgi-

1218 3161 1310 3198 nitas
1323 3160 1464 3198 Christo
1475 3157 1760 3196 adstarent.Nam
1770 3153 1972 3191 Desiderio
1985 3151 2200 3187 desideravi
2217 3169 2287 3197 Luc.
2302 3178 2350 3197 22·

1218 3214 1290 3251 hoc
1307 3214 1463 3251 Pascha
1492 3211 1729 3249 manducare
1749 3207 1963 3243 vobiscum.
1987 3203 2063 3239 Non
2084 3201 2120 3238 vi
2144 3216 2200 3237 co-

1220 3265 1329 3316 gitur,
1353 3279 1423 3303 non
1439 3273 1558 3302 coacta
1576 3271 1627 3300 est
1645 3259 1784 3312 passio;
1804 3255 1864 3293 sed
1886 3253 2108 3291 voluntarius
2125 3254 2202 3290 ani-

1170 3284 1193 3315 C
1220 3333 1310 3357 mus.
1331 3318 1367 3357 Si
1390 3317 1564 3355 Dominus
1590 3323 1628 3352 ut
1652 3310 1874 3358 beneficium¹
1894 3315 2073 3358 priestaret
2093 3306 2199 3349 dixit,

2222 3209 2265 3238 15.
