<?xml version="1.0" encoding="UTF-8"?>
<!DOCTYPE html PUBLIC "-//W3C//DTD XHTML 1.0 Transitional//EN"
    "http://www.w3.org/TR/xhtml1/DTD/xhtml1-transitional.dtd">
<html xmlns="http://www.w3.org/1999/xhtml" xml:lang="en" lang="en">
 <head>
  <title>
</title>
<meta http-equiv="Content-Type" content="text/html;charset=utf-8" />
  <meta name='ocr-system' content='tesseract 3.04.00' />
  <meta name='ocr-capabilities' content='ocr_page ocr_carea ocr_par ocr_line ocrx_word'/>
</head>
<body>
  <div class='ocr_page' id='page_1' title='image "./operaomniaquaeex08johnuoft/operaomniaquaeex08johnuoft_0157.png"; bbox 0 0 2481 3678; ppageno 0'>
   <div class='ocr_carea' id='block_1_1' title="bbox 710 200 1433 245">
    <p class='ocr_par' dir='ltr' id='par_1_1' title="bbox 710 200 1433 245">
     <span class='ocr_line' id='line_1_1' title="bbox 710 200 1433 245; baseline 0.001 -1"><span class='ocrx_word' id='word_1_1' title='bbox 710 216 750 244; x_wconf 67' lang='grc' dir='ltr'>ιΝ</span> <span class='ocrx_word' id='word_1_2' title='bbox 790 215 997 244; x_wconf 46' lang='lat' dir='ltr'>sommum</span> <span class='ocrx_word' id='word_1_3' title='bbox 1036 216 1197 245; x_wconf 63' lang='lat' dir='ltr'>nomn.</span> <span class='ocrx_word' id='word_1_4' title='bbox 1238 215 1331 244; x_wconf 80' lang='lat' dir='ltr'>xix.</span> <span class='ocrx_word' id='word_1_5' title='bbox 1371 200 1433 245; x_wconf 81' lang='lat' dir='ltr'>ui.</span> 
     </span>
    </p>
   </div>
   <div class='ocr_carea' id='block_1_2' title="bbox 117 296 1156 1204">
    <p class='ocr_par' dir='ltr' id='par_1_2' title="bbox 117 296 1156 1204">
     <span class='ocr_line' id='line_1_2' title="bbox 122 296 1139 349; baseline -0.001 -15"><span class='ocrx_word' id='word_1_6' title='bbox 122 297 228 343; x_wconf 76' lang='grc' dir='ltr'>αὐτὴν</span> <span class='ocrx_word' id='word_1_7' title='bbox 251 297 474 349; x_wconf 70' lang='grc' dir='ltr'>προησόμεθα</span> <span class='ocrx_word' id='word_1_8' title='bbox 487 327 496 343; x_wconf 83' lang='grc'>,</span> <span class='ocrx_word' id='word_1_9' title='bbox 512 297 601 334; x_wconf 72' lang='grc' dir='ltr'>ὥστε</span> <span class='ocrx_word' id='word_1_10' title='bbox 622 296 669 346; x_wconf 79' lang='grc' dir='ltr'>μὴ</span> <span class='ocrx_word' id='word_1_11' title='bbox 685 296 825 347; x_wconf 55' lang='lat' dir='ltr'>&amp;Cydam</span> <span class='ocrx_word' id='word_1_12' title='bbox 842 298 898 335; x_wconf 75' lang='grc' dir='ltr'>τὸν</span> <span class='ocrx_word' id='word_1_13' title='bbox 915 297 1113 347; x_wconf 74' lang='grc' dir='ltr'>τιμήσαντα</span> <span class='ocrx_word' id='word_1_14' title='bbox 1131 312 1139 341; x_wconf 80' lang='grc'>’,</span> 
     </span>
     <span class='ocr_line' id='line_1_3' title="bbox 117 357 1141 410; baseline -0.003 -13"><span class='ocrx_word' id='word_1_15' title='bbox 117 361 194 397; x_wconf 78' lang='grc' dir='ltr'>Οὐκ</span> <span class='ocrx_word' id='word_1_16' title='bbox 222 360 292 397; x_wconf 84' lang='grc' dir='ltr'>ἴστε</span> <span class='ocrx_word' id='word_1_17' title='bbox 315 358 360 395; x_wconf 84' lang='grc' dir='ltr'>τὰ</span> <span class='ocrx_word' id='word_1_18' title='bbox 374 358 538 408; x_wconf 82' lang='grc' dir='ltr'>τάγματα</span> <span class='ocrx_word' id='word_1_19' title='bbox 552 357 596 396; x_wconf 81' lang='grc' dir='ltr'>τὰ</span> <span class='ocrx_word' id='word_1_20' title='bbox 618 358 784 408; x_wconf 83' lang='grc' dir='ltr'>βασιλικὰ</span> <span class='ocrx_word' id='word_1_21' title='bbox 803 361 871 396; x_wconf 80' lang='grc' dir='ltr'>τῶν</span> <span class='ocrx_word' id='word_1_22' title='bbox 895 357 1141 410; x_wconf 75' lang='grc' dir='ltr'>ἀσπιδηφόρων</span> 
     </span>
     <span class='ocr_line' id='line_1_4' title="bbox 118 416 1143 473; baseline -0.004 -15"><span class='ocrx_word' id='word_1_23' title='bbox 118 419 410 473; x_wconf 45' lang='grc' dir='ltr'>καὶ.λογχοφο’ρων</span> <span class='ocrx_word' id='word_1_24' title='bbox 427 417 490 457; x_wconf 53' lang='grc' dir='ltr'>(τὰ</span> <span class='ocrx_word' id='word_1_25' title='bbox 501 419 581 472; x_wconf 82' lang='grc' dir='ltr'>περὶ</span> <span class='ocrx_word' id='word_1_26' title='bbox 595 419 652 457; x_wconf 72' lang='grc' dir='ltr'>τὸν</span> <span class='ocrx_word' id='word_1_27' title='bbox 670 419 815 470; x_wconf 80' lang='grc' dir='ltr'>βασιλέα</span> <span class='ocrx_word' id='word_1_28' title='bbox 827 450 836 467; x_wconf 87' lang='grc'>,</span> <span class='ocrx_word' id='word_1_29' title='bbox 851 419 960 466; x_wconf 85' lang='grc' dir='ltr'>πόσης</span> <span class='ocrx_word' id='word_1_30' title='bbox 975 416 1143 456; x_wconf 81' lang='grc' dir='ltr'>ἀπολαύει</span> 
     </span>
     <span class='ocr_line' id='line_1_5' title="bbox 117 479 1145 532; baseline -0.003 -14"><span class='ocrx_word' id='word_1_31' title='bbox 117 485 241 532; x_wconf 79' lang='grc' dir='ltr'>τιμῆς;</span> <span class='ocrx_word' id='word_1_32' title='bbox 269 481 375 519; x_wconf 80' lang='grc' dir='ltr'>Οὕτω</span> <span class='ocrx_word' id='word_1_33' title='bbox 396 480 455 517; x_wconf 78' lang='grc' dir='ltr'>καὶ</span> <span class='ocrx_word' id='word_1_34' title='bbox 481 484 582 531; x_wconf 84' lang='grc' dir='ltr'>ἡμεῖς</span> <span class='ocrx_word' id='word_1_35' title='bbox 603 480 702 532; x_wconf 76' lang='grc' dir='ltr'>ἐγγὺς</span> <span class='ocrx_word' id='word_1_36' title='bbox 727 482 829 518; x_wconf 76' lang='grc' dir='ltr'>αὐτοῦ</span> <span class='ocrx_word' id='word_1_37' title='bbox 848 479 1006 530; x_wconf 82' lang='grc' dir='ltr'>γενέσθαι</span> <span class='ocrx_word' id='word_1_38' title='bbox 1037 493 1145 516; x_wconf 90' lang='grc' dir='ltr'>κατα-</span> 
     </span>
     <span class='ocr_line' id='line_1_6' title="bbox 119 538 1144 594; baseline -0.003 -15"><span class='ocrx_word' id='word_1_39' title='bbox 119 541 293 586; x_wconf 82' lang='grc' dir='ltr'>ξιωθέντες</span> <span class='ocrx_word' id='word_1_40' title='bbox 309 541 368 579; x_wconf 83' lang='grc' dir='ltr'>καὶ</span> <span class='ocrx_word' id='word_1_41' title='bbox 387 543 506 594; x_wconf 86' lang='grc' dir='ltr'>πολλῷ</span> <span class='ocrx_word' id='word_1_42' title='bbox 522 541 780 594; x_wconf 81' lang='grc' dir='ltr'>πλησιαίτερον,</span> <span class='ocrx_word' id='word_1_43' title='bbox 798 540 857 578; x_wconf 81' lang='grc' dir='ltr'>καὶ</span> <span class='ocrx_word' id='word_1_44' title='bbox 875 538 1028 591; x_wconf 80' lang='grc' dir='ltr'>τοσούτῳ</span> <span class='ocrx_word' id='word_1_45' title='bbox 1046 538 1144 590; x_wconf 82' lang='grc' dir='ltr'>ἐγγύ-</span> 
     </span>
     <span class='ocr_line' id='line_1_7' title="bbox 118 601 1146 655; baseline -0.003 -15"><span class='ocrx_word' id='word_1_46' title='bbox 118 617 216 655; x_wconf 90' lang='grc' dir='ltr'>τερον</span> <span class='ocrx_word' id='word_1_47' title='bbox 234 605 301 639; x_wconf 81' lang='grc' dir='ltr'>τῶν</span> <span class='ocrx_word' id='word_1_48' title='bbox 324 602 527 653; x_wconf 80' lang='grc' dir='ltr'>εἰρημένων,</span> <span class='ocrx_word' id='word_1_49' title='bbox 552 602 622 655; x_wconf 75' lang='grc' dir='ltr'>ὅσῳ</span> <span class='ocrx_word' id='word_1_50' title='bbox 640 602 680 640; x_wconf 79' lang='grc' dir='ltr'>τὸ</span> <span class='ocrx_word' id='word_1_51' title='bbox 701 604 805 651; x_wconf 83' lang='grc' dir='ltr'>σῶμα</span> <span class='ocrx_word' id='word_1_52' title='bbox 822 601 866 650; x_wconf 79' lang='grc' dir='ltr'>τῇ</span> <span class='ocrx_word' id='word_1_53' title='bbox 894 601 1028 651; x_wconf 78' lang='grc' dir='ltr'>κεφαλῇ</span> <span class='ocrx_word' id='word_1_54' title='bbox 1054 601 1146 650; x_wconf 75' lang='grc' dir='ltr'>μᾶλ-</span> 
     </span>
     <span class='ocr_line' id='line_1_8' title="bbox 119 655 1145 713; baseline -0.003 -12"><span class='ocrx_word' id='word_1_55' title='bbox 119 666 177 702; x_wconf 87' lang='grc' dir='ltr'>λον</span> <span class='ocrx_word' id='word_1_56' title='bbox 212 663 340 701; x_wconf 84' lang='grc' dir='ltr'>τούτων</span> <span class='ocrx_word' id='word_1_57' title='bbox 368 663 516 710; x_wconf 83' lang='grc' dir='ltr'>πλησίον</span> <span class='ocrx_word' id='word_1_58' title='bbox 544 663 639 710; x_wconf 82' lang='grc' dir='ltr'>ἐστὶ,</span> <span class='ocrx_word' id='word_1_59' title='bbox 659 662 775 700; x_wconf 87' lang='grc' dir='ltr'>πάντα</span> <span class='ocrx_word' id='word_1_60' title='bbox 796 660 1008 713; x_wconf 83' lang='grc' dir='ltr'>πράττωμεν</span> <span class='ocrx_word' id='word_1_61' title='bbox 1030 662 1074 698; x_wconf 90' lang='grc' dir='ltr'>δι’</span> <span class='ocrx_word' id='word_1_62' title='bbox 1098 655 1145 698; x_wconf 62' lang='grc' dir='ltr'>ὧν</span> 
     </span>
     <span class='ocr_line' id='line_1_9' title="bbox 118 715 1147 777; baseline -0.001 -16"><span class='ocrx_word' id='word_1_63' title='bbox 118 725 176 762; x_wconf 78' lang='grc' dir='ltr'>τὸν</span> <span class='ocrx_word' id='word_1_64' title='bbox 198 724 347 777; x_wconf 78' lang='grc' dir='ltr'>Χριστὸν</span> <span class='ocrx_word' id='word_1_65' title='bbox 371 723 611 775; x_wconf 78' lang='grc' dir='ltr'>μιμησόμεθα.</span> <span class='ocrx_word' id='word_1_66' title='bbox 631 722 679 761; x_wconf 89' lang='grc' dir='ltr'>Τί</span> <span class='ocrx_word' id='word_1_67' title='bbox 699 715 770 770; x_wconf 63' lang='grc' dir='ltr'>οὖν,</span> <span class='ocrx_word' id='word_1_68' title='bbox 791 721 907 773; x_wconf 76' lang='grc' dir='ltr'>φησὶν,</span> <span class='ocrx_word' id='word_1_69' title='bbox 930 724 948 759; x_wconf 81' lang='grc' dir='ltr'><strong><em>ὃ</em></strong></span> <span class='ocrx_word' id='word_1_70' title='bbox 977 722 1147 774; x_wconf 74' lang='grc' dir='ltr'>Χριστός,</span> 
     </span>
     <span class='ocr_line' id='line_1_10' title="bbox 122 782 1148 837; baseline -0.002 -14"><span class='ocrx_word' id='word_1_71' title='bbox 122 788 166 824; x_wconf 81' lang='grc' dir='ltr'>Αἱ</span> <span class='ocrx_word' id='word_1_72' title='bbox 186 785 364 829; x_wconf 80' lang='grc' dir='ltr'>ἀλώπεκες</span> <span class='ocrx_word' id='word_1_73' title='bbox 384 784 535 837; x_wconf 70' lang='grc' dir='ltr'>φωλεοὺς</span> <span class='ocrx_word' id='word_1_74' title='bbox 553 784 691 836; x_wconf 83' lang='grc' dir='ltr'>ἔχουσι,</span> <span class='ocrx_word' id='word_1_75' title='bbox 709 783 769 821; x_wconf 82' lang='grc' dir='ltr'>καὶ</span> <span class='ocrx_word' id='word_1_76' title='bbox 787 782 832 821; x_wconf 82' lang='grc' dir='ltr'>τὰ</span> <span class='ocrx_word' id='word_1_77' title='bbox 850 783 991 821; x_wconf 78' lang='grc' dir='ltr'>πετεινὰ</span> <span class='ocrx_word' id='word_1_78' title='bbox 1010 787 1070 821; x_wconf 78' lang='grc' dir='ltr'>τοῦ</span> <span class='ocrx_word' id='word_1_79' title='bbox 1089 786 1148 821; x_wconf 78' lang='grc' dir='ltr'>οὐ·</span> 
     </span>
     <span class='ocr_line' id='line_1_11' title="bbox 123 843 1150 899; baseline -0.001 -15"><span class='ocrx_word' id='word_1_80' title='bbox 123 850 225 899; x_wconf 77' lang='grc' dir='ltr'>ρανοῧ</span> <span class='ocrx_word' id='word_1_81' title='bbox 245 845 547 893; x_wconf 81' lang='grc' dir='ltr'>κατασκηνώσεις·</span> <span class='ocrx_word' id='word_1_82' title='bbox 575 848 592 883; x_wconf 86' lang='grc' dir='ltr'>ὁ</span> <span class='ocrx_word' id='word_1_83' title='bbox 620 844 656 883; x_wconf 74' lang='grc' dir='ltr'>δὲ</span> <span class='ocrx_word' id='word_1_84' title='bbox 692 843 772 887; x_wconf 81' lang='grc' dir='ltr'>Υἱὸς</span> <span class='ocrx_word' id='word_1_85' title='bbox 803 848 863 882; x_wconf 77' lang='grc' dir='ltr'>τοῦ</span> <span class='ocrx_word' id='word_1_86' title='bbox 884 843 1066 896; x_wconf 82' lang='grc' dir='ltr'>ἀνθρώπου</span> <span class='ocrx_word' id='word_1_87' title='bbox 1087 847 1150 883; x_wconf 79' lang='grc' dir='ltr'>οὐκ</span> 
     </span>
     <span class='ocr_line' id='line_1_12' title="bbox 122 899 1150 959; baseline 0 -15"><span class='ocrx_word' id='word_1_88' title='bbox 122 907 195 959; x_wconf 74' lang='grc' dir='ltr'>ἔχει</span> <span class='ocrx_word' id='word_1_89' title='bbox 213 912 279 946; x_wconf 78' lang='grc' dir='ltr'>ποῦ</span> <span class='ocrx_word' id='word_1_90' title='bbox 299 907 360 953; x_wconf 82' lang='grc' dir='ltr'>τὴν</span> <span class='ocrx_word' id='word_1_91' title='bbox 380 906 533 958; x_wconf 75' lang='grc' dir='ltr'>κεφαλὴν</span> <span class='ocrx_word' id='word_1_92' title='bbox 553 905 665 957; x_wconf 88' lang='grc' dir='ltr'>κλίνῃ.</span> <span class='ocrx_word' id='word_1_93' title='bbox 686 907 800 944; x_wconf 76' lang='grc' dir='ltr'>Τοῦτο</span> <span class='ocrx_word' id='word_1_94' title='bbox 818 904 879 956; x_wconf 77' lang='grc' dir='ltr'>μὲν</span> <span class='ocrx_word' id='word_1_95' title='bbox 900 899 957 943; x_wconf 68' lang='grc' dir='ltr'>οῧν</span> <span class='ocrx_word' id='word_1_96' title='bbox 977 905 1017 943; x_wconf 80' lang='grc' dir='ltr'>ἂν</span> <span class='ocrx_word' id='word_1_97' title='bbox 1040 909 1150 944; x_wconf 88' lang='grc' dir='ltr'>ἀπαι-</span> 
     </span>
     <span class='ocr_line' id='line_1_13' title="bbox 123 961 1152 1020; baseline 0 -14"><span class='ocrx_word' id='word_1_98' title='bbox 123 968 286 1019; x_wconf 78' lang='grc' dir='ltr'>τήσωμεν</span> <span class='ocrx_word' id='word_1_99' title='bbox 307 971 389 1020; x_wconf 85' lang='grc' dir='ltr'>παρ’</span> <span class='ocrx_word' id='word_1_100' title='bbox 405 970 514 1018; x_wconf 83' lang='grc' dir='ltr'>ὑμῶν,</span> <span class='ocrx_word' id='word_1_101' title='bbox 536 967 697 1020; x_wconf 79' lang='grc' dir='ltr'>φορτικὸν</span> <span class='ocrx_word' id='word_1_102' title='bbox 718 966 801 1010; x_wconf 83' lang='grc' dir='ltr'>ἴσως</span> <span class='ocrx_word' id='word_1_103' title='bbox 822 966 882 1004; x_wconf 82' lang='grc' dir='ltr'>καὶ</span> <span class='ocrx_word' id='word_1_104' title='bbox 899 967 1047 1019; x_wconf 72' lang='grc' dir='ltr'>ἐπαχθὲς</span> <span class='ocrx_word' id='word_1_105' title='bbox 1066 961 1152 1006; x_wconf 58' lang='grc' dir='ltr'>εἶναι</span> 
     </span>
     <span class='ocr_line' id='line_1_14' title="bbox 124 1027 1153 1081; baseline -0.001 -15"><span class='ocrx_word' id='word_1_106' title='bbox 124 1028 213 1072; x_wconf 80' lang='grc' dir='ltr'>δόξει</span> <span class='ocrx_word' id='word_1_107' title='bbox 229 1035 299 1072; x_wconf 87' lang='grc' dir='ltr'>τοῖς</span> <span class='ocrx_word' id='word_1_108' title='bbox 310 1030 450 1072; x_wconf 84' lang='grc' dir='ltr'>πολλοῖς</span> <span class='ocrx_word' id='word_1_109' title='bbox 461 1044 469 1052; x_wconf 89' lang='grc'>·</span> <span class='ocrx_word' id='word_1_110' title='bbox 487 1028 538 1066; x_wconf 77' lang='grc' dir='ltr'>διὸ</span> <span class='ocrx_word' id='word_1_111' title='bbox 553 1027 615 1075; x_wconf 88' lang='grc' dir='ltr'>τὴν</span> <span class='ocrx_word' id='word_1_112' title='bbox 632 1027 693 1080; x_wconf 75' lang='grc' dir='ltr'>μὲν</span> <span class='ocrx_word' id='word_1_113' title='bbox 709 1027 890 1080; x_wconf 64' lang='grc' dir='ltr'>ἀκρίὸειαν</span> <span class='ocrx_word' id='word_1_114' title='bbox 905 1028 1036 1076; x_wconf 82' lang='grc' dir='ltr'>ταύτην</span> <span class='ocrx_word' id='word_1_115' title='bbox 1052 1029 1153 1081; x_wconf 71' lang='grc' dir='ltr'>ἀφίη-</span> 
     </span>
     <span class='ocr_line' id='line_1_15' title="bbox 800 1088 1153 1144; baseline 0.008 -18"><span class='ocrx_word' id='word_1_116' title='bbox 800 1088 884 1133; x_wconf 77' lang='grc' dir='ltr'>ἀξιῶ</span> <span class='ocrx_word' id='word_1_117' title='bbox 915 1089 950 1127; x_wconf 77' lang='grc' dir='ltr'>δὲ</span> <span class='ocrx_word' id='word_1_118' title='bbox 972 1089 1020 1141; x_wconf 88' lang='grc' dir='ltr'>μὴ</span> <span class='ocrx_word' id='word_1_119' title='bbox 1049 1107 1153 1144; x_wconf 88' lang='grc' dir='ltr'>προσ-</span> 
     </span>
     <span class='ocr_line' id='line_1_16' title="bbox 125 1149 1156 1204; baseline 0.001 -15"><span class='ocrx_word' id='word_1_120' title='bbox 125 1153 283 1199; x_wconf 74' lang='grc' dir='ltr'>ηλῶσθαι</span> <span class='ocrx_word' id='word_1_121' title='bbox 296 1157 366 1194; x_wconf 88' lang='grc' dir='ltr'>τοῖς</span> <span class='ocrx_word' id='word_1_122' title='bbox 377 1151 570 1204; x_wconf 73' lang='grc' dir='ltr'>χρήμασιν,</span> <span class='ocrx_word' id='word_1_123' title='bbox 582 1153 670 1195; x_wconf 83' lang='grc' dir='ltr'>ἀλλ’,</span> <span class='ocrx_word' id='word_1_124' title='bbox 680 1150 799 1203; x_wconf 77' lang='grc' dir='ltr'>ὥσπερ</span> <span class='ocrx_word' id='word_1_125' title='bbox 809 1149 877 1202; x_wconf 78' lang='grc' dir='ltr'>ἐγὼ</span> <span class='ocrx_word' id='word_1_126' title='bbox 888 1153 950 1196; x_wconf 78' lang='grc' dir='ltr'>τῆς</span> <span class='ocrx_word' id='word_1_127' title='bbox 963 1152 1156 1204; x_wconf 62' lang='grc' dir='ltr'>ὑπερὲολῆς</span> 
     </span>
    </p>
   </div>
   <div class='ocr_carea' id='block_1_3' title="bbox 127 1089 777 1142">
    <p class='ocr_par' dir='ltr' id='par_1_3' title="bbox 127 1089 777 1142">
     <span class='ocr_line' id='line_1_17' title="bbox 127 1089 777 1142; baseline -0.002 -15"><span class='ocrx_word' id='word_1_128' title='bbox 127 1107 184 1141; x_wconf 84' lang='grc' dir='ltr'>μι,</span> <span class='ocrx_word' id='word_1_129' title='bbox 217 1090 273 1127; x_wconf 81' lang='grc' dir='ltr'>διὰ</span> <span class='ocrx_word' id='word_1_130' title='bbox 305 1089 366 1137; x_wconf 91' lang='grc' dir='ltr'>τὴν</span> <span class='ocrx_word' id='word_1_131' title='bbox 393 1089 563 1142; x_wconf 79' lang='grc' dir='ltr'>ὑμετέραν</span> <span class='ocrx_word' id='word_1_132' title='bbox 585 1089 777 1137; x_wconf 78' lang='grc' dir='ltr'>ἀσθένειαν,</span> 
     </span>
    </p>
   </div>
   <div class='ocr_carea' id='block_1_4' title="bbox 129 1210 1161 1507">
    <p class='ocr_par' dir='ltr' id='par_1_4' title="bbox 129 1210 1161 1507">
     <span class='ocr_line' id='line_1_18' title="bbox 129 1210 1156 1264; baseline -0.001 -14"><span class='ocrx_word' id='word_1_133' title='bbox 129 1212 325 1264; x_wconf 70' lang='grc' dir='ltr'>ἀφίσταμαι</span> <span class='ocrx_word' id='word_1_134' title='bbox 346 1214 409 1257; x_wconf 83' lang='grc' dir='ltr'>τ’ῆς</span> <span class='ocrx_word' id='word_1_135' title='bbox 439 1210 528 1249; x_wconf 75' lang='grc' dir='ltr'>κατὰ</span> <span class='ocrx_word' id='word_1_136' title='bbox 550 1212 613 1258; x_wconf 84' lang='grc' dir='ltr'>τὴν</span> <span class='ocrx_word' id='word_1_137' title='bbox 647 1212 773 1264; x_wconf 83' lang='grc' dir='ltr'>ἀρετὴν</span> <span class='ocrx_word' id='word_1_138' title='bbox 806 1211 862 1248; x_wconf 77' lang='grc' dir='ltr'>διὰ</span> <span class='ocrx_word' id='word_1_139' title='bbox 892 1210 954 1257; x_wconf 83' lang='grc' dir='ltr'>τὴν</span> <span class='ocrx_word' id='word_1_140' title='bbox 977 1210 1156 1249; x_wconf 76' lang='grc' dir='ltr'>ἀσθένειαν</span> 
     </span>
     <span class='ocr_line' id='line_1_19' title="bbox 129 1271 1158 1322; baseline -0.001 -12"><span class='ocrx_word' id='word_1_141' title='bbox 129 1272 190 1319; x_wconf 75' lang='grc' dir='ltr'>τὴν</span> <span class='ocrx_word' id='word_1_142' title='bbox 205 1275 273 1310; x_wconf 73' lang='grc' dir='ltr'>τῶν</span> <span class='ocrx_word' id='word_1_143' title='bbox 294 1275 444 1318; x_wconf 75' lang='grc' dir='ltr'>πολλῶν,</span> <span class='ocrx_word' id='word_1_144' title='bbox 460 1272 550 1310; x_wconf 79' lang='grc' dir='ltr'>οὕτω</span> <span class='ocrx_word' id='word_1_145' title='bbox 571 1272 630 1310; x_wconf 84' lang='grc' dir='ltr'>καὶ</span> <span class='ocrx_word' id='word_1_146' title='bbox 650 1274 741 1322; x_wconf 76' lang='grc' dir='ltr'>ὑμᾶς</span> <span class='ocrx_word' id='word_1_147' title='bbox 761 1275 822 1318; x_wconf 75' lang='grc' dir='ltr'>τῆς</span> <span class='ocrx_word' id='word_1_148' title='bbox 838 1271 929 1310; x_wconf 81' lang='grc' dir='ltr'>κατὰ</span> <span class='ocrx_word' id='word_1_149' title='bbox 948 1271 1011 1317; x_wconf 69' lang='grc' dir='ltr'>τὴν</span> <span class='ocrx_word' id='word_1_150' title='bbox 1032 1271 1158 1310; x_wconf 78' lang='grc' dir='ltr'>κακίαν</span> 
     </span>
     <span class='ocr_line' id='line_1_20' title="bbox 132 1333 1159 1385; baseline -0.001 -13"><span class='ocrx_word' id='word_1_151' title='bbox 132 1337 344 1381; x_wconf 71' lang='grc' dir='ltr'>ἀποστῆναι,</span> <span class='ocrx_word' id='word_1_152' title='bbox 367 1333 426 1371; x_wconf 81' lang='grc' dir='ltr'>καὶ</span> <span class='ocrx_word' id='word_1_153' title='bbox 442 1335 561 1385; x_wconf 80' lang='grc' dir='ltr'>πολλῷ</span> <span class='ocrx_word' id='word_1_154' title='bbox 583 1333 698 1371; x_wconf 78' lang='grc' dir='ltr'>πλέον.</span> <span class='ocrx_word' id='word_1_155' title='bbox 716 1334 793 1370; x_wconf 81' lang='grc' dir='ltr'>Οὐκ</span> <span class='ocrx_word' id='word_1_156' title='bbox 813 1335 950 1384; x_wconf 76' lang='grc' dir='ltr'>ἐγκαλῶ</span> <span class='ocrx_word' id='word_1_157' title='bbox 964 1339 1032 1376; x_wconf 87' lang='grc' dir='ltr'>τοῖς</span> <span class='ocrx_word' id='word_1_158' title='bbox 1049 1333 1159 1376; x_wconf 79' lang='grc' dir='ltr'>οἰκίας</span> 
     </span>
     <span class='ocr_line' id='line_1_21' title="bbox 131 1393 1157 1447; baseline -0.001 -15"><span class='ocrx_word' id='word_1_159' title='bbox 131 1395 266 1446; x_wconf 74' lang='grc' dir='ltr'>ἔχουσι,</span> <span class='ocrx_word' id='word_1_160' title='bbox 289 1395 348 1432; x_wconf 84' lang='grc' dir='ltr'>καὶ</span> <span class='ocrx_word' id='word_1_161' title='bbox 372 1394 516 1447; x_wconf 69' lang='grc' dir='ltr'>ἀγροὺς,</span> <span class='ocrx_word' id='word_1_162' title='bbox 538 1394 596 1431; x_wconf 82' lang='grc' dir='ltr'>καὶ</span> <span class='ocrx_word' id='word_1_163' title='bbox 629 1393 817 1445; x_wconf 74' lang='grc' dir='ltr'>χρήματα,</span> <span class='ocrx_word' id='word_1_164' title='bbox 841 1393 901 1430; x_wconf 75' lang='grc' dir='ltr'>καὶ</span> <span class='ocrx_word' id='word_1_165' title='bbox 932 1393 1157 1445; x_wconf 79' lang='grc' dir='ltr'>ἀνδράποδα·</span> 
     </span>
     <span class='ocr_line' id='line_1_22' title="bbox 132 1453 1161 1507; baseline -0.002 -14"><span class='ocrx_word' id='word_1_166' title='bbox 132 1455 220 1493; x_wconf 84' lang='grc' dir='ltr'>ἀλλὰ</span> <span class='ocrx_word' id='word_1_167' title='bbox 241 1455 329 1506; x_wconf 78' lang='grc' dir='ltr'>μετὰ</span> <span class='ocrx_word' id='word_1_168' title='bbox 347 1460 361 1476; x_wconf 80' lang='lat'><strong>³</strong></span> <span class='ocrx_word' id='word_1_169' title='bbox 378 1454 568 1507; x_wconf 72' lang='grc' dir='ltr'>ἀσφαλείας</span> <span class='ocrx_word' id='word_1_170' title='bbox 581 1459 692 1492; x_wconf 72' lang='grc' dir='ltr'>ταῦτα</span> <span class='ocrx_word' id='word_1_171' title='bbox 709 1457 899 1500; x_wconf 69' lang='grc' dir='ltr'>κεκτῆσθαι</span> <span class='ocrx_word' id='word_1_172' title='bbox 917 1453 1084 1504; x_wconf 85' lang='grc' dir='ltr'>βούλομαι</span> <span class='ocrx_word' id='word_1_173' title='bbox 1101 1454 1161 1492; x_wconf 78' lang='grc' dir='ltr'>καὶ</span> 
     </span>
    </p>
   </div>
   <div class='ocr_carea' id='block_1_5' title="bbox 132 1513 855 1567">
    <p class='ocr_par' dir='ltr' id='par_1_5' title="bbox 132 1513 855 1567">
     <span class='ocr_line' id='line_1_23' title="bbox 132 1513 855 1567; baseline -0.001 -15"><span class='ocrx_word' id='word_1_174' title='bbox 132 1514 222 1566; x_wconf 80' lang='grc' dir='ltr'>μετὰ</span> <span class='ocrx_word' id='word_1_175' title='bbox 240 1519 300 1553; x_wconf 74' lang='grc' dir='ltr'>τοῦ</span> <span class='ocrx_word' id='word_1_176' title='bbox 312 1515 514 1567; x_wconf 76' lang='grc' dir='ltr'>πρέποντος.</span> <span class='ocrx_word' id='word_1_177' title='bbox 531 1513 578 1552; x_wconf 89' lang='grc' dir='ltr'>Τί</span> <span class='ocrx_word' id='word_1_178' title='bbox 597 1513 635 1552; x_wconf 77' lang='grc' dir='ltr'>δέ</span> <span class='ocrx_word' id='word_1_179' title='bbox 652 1516 725 1552; x_wconf 82' lang='grc' dir='ltr'>ἐστι</span> <span class='ocrx_word' id='word_1_180' title='bbox 739 1543 748 1558; x_wconf 82' lang='grc'>,</span> <span class='ocrx_word' id='word_1_181' title='bbox 766 1513 855 1564; x_wconf 80' lang='grc' dir='ltr'>μετὰ</span> 
     </span>
    </p>
   </div>
   <div class='ocr_carea' id='block_1_6' title="bbox 130 1513 1170 3214">
    <p class='ocr_par' dir='ltr' id='par_1_6' title="bbox 130 1513 1170 3214">
     <span class='ocr_line' id='line_1_24' title="bbox 875 1513 1161 1564; baseline 0.007 -14"><span class='ocrx_word' id='word_1_182' title='bbox 875 1517 934 1551; x_wconf 75' lang='grc' dir='ltr'>τοῦ</span> <span class='ocrx_word' id='word_1_183' title='bbox 953 1513 1161 1564; x_wconf 73' lang='grc' dir='ltr'>πρέποντος,</span> 
     </span>
     <span class='ocr_line' id='line_1_25' title="bbox 130 1573 1160 1626; baseline -0.001 -12"><span class='ocrx_word' id='word_1_184' title='bbox 130 1576 190 1614; x_wconf 76' lang='grc' dir='ltr'>Ἓν</span> <span class='ocrx_word' id='word_1_185' title='bbox 213 1575 306 1619; x_wconf 83' lang='grc' dir='ltr'>τάξει</span> <span class='ocrx_word' id='word_1_186' title='bbox 322 1576 497 1614; x_wconf 83' lang='grc' dir='ltr'>δεσποτῶν</span> <span class='ocrx_word' id='word_1_187' title='bbox 518 1575 577 1613; x_wconf 81' lang='grc' dir='ltr'>καὶ</span> <span class='ocrx_word' id='word_1_188' title='bbox 595 1574 643 1625; x_wconf 82' lang='grc' dir='ltr'>μὴ</span> <span class='ocrx_word' id='word_1_189' title='bbox 667 1574 810 1622; x_wconf 81' lang='grc' dir='ltr'>δούλων,</span> <span class='ocrx_word' id='word_1_190' title='bbox 826 1573 918 1612; x_wconf 83' lang='grc' dir='ltr'>ὥστε</span> <span class='ocrx_word' id='word_1_191' title='bbox 939 1580 1078 1626; x_wconf 86' lang='grc' dir='ltr'>κρατεῖν</span> <span class='ocrx_word' id='word_1_192' title='bbox 1101 1577 1160 1613; x_wconf 81' lang='grc' dir='ltr'>αὖ·</span> 
     </span>
     <span class='ocr_line' id='line_1_26' title="bbox 131 1633 1160 1689; baseline -0.001 -14"><span class='ocrx_word' id='word_1_193' title='bbox 131 1640 210 1685; x_wconf 79' lang='grc' dir='ltr'>τῶν,</span> <span class='ocrx_word' id='word_1_194' title='bbox 231 1637 291 1674; x_wconf 82' lang='grc' dir='ltr'>καὶ</span> <span class='ocrx_word' id='word_1_195' title='bbox 318 1636 366 1687; x_wconf 88' lang='grc' dir='ltr'>μὴ</span> <span class='ocrx_word' id='word_1_196' title='bbox 393 1640 596 1689; x_wconf 84' lang='grc' dir='ltr'>κρατεῖσθαι</span> <span class='ocrx_word' id='word_1_197' title='bbox 621 1638 678 1674; x_wconf 82' lang='grc' dir='ltr'>ὑπ’</span> <span class='ocrx_word' id='word_1_198' title='bbox 707 1637 834 1683; x_wconf 75' lang='grc' dir='ltr'>αὐτῶν,</span> <span class='ocrx_word' id='word_1_199' title='bbox 858 1633 948 1674; x_wconf 80' lang='grc' dir='ltr'>ὥστε</span> <span class='ocrx_word' id='word_1_200' title='bbox 967 1638 1160 1688; x_wconf 66' lang='grc' dir='ltr'>κεχρῆσθαι</span> 
     </span>
     <span class='ocr_line' id='line_1_27' title="bbox 131 1697 1162 1752; baseline 0.001 -17"><span class='ocrx_word' id='word_1_201' title='bbox 131 1701 265 1745; x_wconf 78' lang='grc' dir='ltr'>αὐτοῖς,</span> <span class='ocrx_word' id='word_1_202' title='bbox 297 1697 356 1736; x_wconf 76' lang='grc' dir='ltr'>καὶ</span> <span class='ocrx_word' id='word_1_203' title='bbox 383 1698 430 1749; x_wconf 85' lang='grc' dir='ltr'>μὴ</span> <span class='ocrx_word' id='word_1_204' title='bbox 454 1701 759 1752; x_wconf 72' lang='grc' dir='ltr'>παρακεχρῆσΟαι.</span> <span class='ocrx_word' id='word_1_205' title='bbox 789 1697 968 1750; x_wconf 67' lang='grc' dir='ltr'>Χρήματα</span> <span class='ocrx_word' id='word_1_206' title='bbox 989 1697 1045 1736; x_wconf 79' lang='grc' dir='ltr'>διὰ</span> <span class='ocrx_word' id='word_1_207' title='bbox 1062 1701 1162 1736; x_wconf 75' lang='grc' dir='ltr'>τοῦτο</span> 
     </span>
     <span class='ocr_line' id='line_1_28' title="bbox 131 1758 1161 1812; baseline 0 -14"><span class='ocrx_word' id='word_1_208' title='bbox 131 1760 287 1812; x_wconf 80' lang='grc' dir='ltr'>εἴρηται,</span> <span class='ocrx_word' id='word_1_209' title='bbox 310 1760 368 1797; x_wconf 80' lang='grc' dir='ltr'>ἵνα</span> <span class='ocrx_word' id='word_1_210' title='bbox 390 1762 504 1804; x_wconf 82' lang='grc' dir='ltr'>αὐτοῖς</span> <span class='ocrx_word' id='word_1_211' title='bbox 529 1761 576 1803; x_wconf 86' lang='grc' dir='ltr'>εἷς</span> <span class='ocrx_word' id='word_1_212' title='bbox 595 1759 658 1802; x_wconf 81' lang='grc' dir='ltr'>τὰς</span> <span class='ocrx_word' id='word_1_213' title='bbox 681 1759 875 1811; x_wconf 76' lang='grc' dir='ltr'>ἀναγκαίας</span> <span class='ocrx_word' id='word_1_214' title='bbox 895 1758 1062 1811; x_wconf 78' lang='grc' dir='ltr'>χρώμεθα</span> <span class='ocrx_word' id='word_1_215' title='bbox 1088 1761 1161 1798; x_wconf 84' lang='grc' dir='ltr'>δια-</span> 
     </span>
     <span class='ocr_line' id='line_1_29' title="bbox 132 1820 1161 1874; baseline -0.001 -15"><span class='ocrx_word' id='word_1_216' title='bbox 132 1821 247 1864; x_wconf 82' lang='grc' dir='ltr'>κονίας</span> <span class='ocrx_word' id='word_1_217' title='bbox 259 1852 268 1869; x_wconf 87' lang='grc'>,</span> <span class='ocrx_word' id='word_1_218' title='bbox 296 1824 360 1874; x_wconf 76' lang='grc' dir='ltr'>οὐχ</span> <span class='ocrx_word' id='word_1_219' title='bbox 381 1821 438 1859; x_wconf 78' lang='grc' dir='ltr'>ἵνα</span> <span class='ocrx_word' id='word_1_220' title='bbox 459 1821 687 1873; x_wconf 83' lang='grc' dir='ltr'>φυλάττωμεν</span> <span class='ocrx_word' id='word_1_221' title='bbox 699 1837 706 1844; x_wconf 96' lang='grc'><em>·</em></span> <span class='ocrx_word' id='word_1_222' title='bbox 724 1825 825 1860; x_wconf 69' lang='grc' dir='ltr'>τοῦτο</span> <span class='ocrx_word' id='word_1_223' title='bbox 842 1820 910 1874; x_wconf 82' lang='grc' dir='ltr'>γὰρ</span> <span class='ocrx_word' id='word_1_224' title='bbox 925 1820 1057 1859; x_wconf 78' lang='grc' dir='ltr'>οἰκέτου</span> <span class='ocrx_word' id='word_1_225' title='bbox 1070 1851 1081 1871; x_wconf 86' lang='grc'>,</span> <span class='ocrx_word' id='word_1_226' title='bbox 1104 1822 1161 1859; x_wconf 85' lang='grc' dir='ltr'>δε-</span> 
     </span>
     <span class='ocr_line' id='line_1_30' title="bbox 133 1882 1162 1935; baseline -0.001 -14"><span class='ocrx_word' id='word_1_227' title='bbox 133 1883 260 1922; x_wconf 80' lang='grc' dir='ltr'>σπότου</span> <span class='ocrx_word' id='word_1_228' title='bbox 277 1883 312 1921; x_wconf 81' lang='grc' dir='ltr'>δὲ</span> <span class='ocrx_word' id='word_1_229' title='bbox 331 1885 457 1921; x_wconf 80' lang='grc' dir='ltr'>ἐκεῖνο·</span> <span class='ocrx_word' id='word_1_230' title='bbox 477 1882 596 1921; x_wconf 78' lang='grc' dir='ltr'>δούλου</span> <span class='ocrx_word' id='word_1_231' title='bbox 609 1913 618 1930; x_wconf 91' lang='grc'>,</span> <span class='ocrx_word' id='word_1_232' title='bbox 637 1883 677 1921; x_wconf 80' lang='grc' dir='ltr'>τὸ</span> <span class='ocrx_word' id='word_1_233' title='bbox 691 1888 821 1935; x_wconf 88' lang='grc' dir='ltr'>τηρεῖν,</span> <span class='ocrx_word' id='word_1_234' title='bbox 836 1882 876 1920; x_wconf 77' lang='grc' dir='ltr'>τὸ</span> <span class='ocrx_word' id='word_1_235' title='bbox 896 1882 930 1921; x_wconf 77' lang='grc' dir='ltr'>δὲ</span> <span class='ocrx_word' id='word_1_236' title='bbox 949 1882 1162 1931; x_wconf 82' lang='grc' dir='ltr'>ἀναλίσκειν,</span> 
     </span>
     <span class='ocr_line' id='line_1_31' title="bbox 133 1943 1164 1996; baseline 0 -14"><span class='ocrx_word' id='word_1_237' title='bbox 133 1944 250 1996; x_wconf 85' lang='grc' dir='ltr'>κυρίου</span> <span class='ocrx_word' id='word_1_238' title='bbox 271 1943 330 1982; x_wconf 76' lang='grc' dir='ltr'>καὶ</span> <span class='ocrx_word' id='word_1_239' title='bbox 346 1943 477 1991; x_wconf 77' lang='grc' dir='ltr'>πολλὴν</span> <span class='ocrx_word' id='word_1_240' title='bbox 494 1943 632 1995; x_wconf 76' lang='grc' dir='ltr'>ἔχοντος</span> <span class='ocrx_word' id='word_1_241' title='bbox 653 1943 715 1990; x_wconf 74' lang='grc' dir='ltr'>τὴν</span> <span class='ocrx_word' id='word_1_242' title='bbox 732 1943 898 1988; x_wconf 80' lang='grc' dir='ltr'>ἐξουσίαν.</span> <span class='ocrx_word' id='word_1_243' title='bbox 913 1946 967 1982; x_wconf 80' lang='grc' dir='ltr'>Οὐ</span> <span class='ocrx_word' id='word_1_244' title='bbox 988 1943 1044 1982; x_wconf 76' lang='grc' dir='ltr'>διὰ</span> <span class='ocrx_word' id='word_1_245' title='bbox 1062 1948 1164 1983; x_wconf 75' lang='grc' dir='ltr'>τοῦτο</span> 
     </span>
     <span class='ocr_line' id='line_1_32' title="bbox 132 2004 1162 2057; baseline 0 -14"><span class='ocrx_word' id='word_1_246' title='bbox 132 2006 273 2052; x_wconf 43' lang='grc' dir='ltr'>ἔλαὸὶες,</span> <span class='ocrx_word' id='word_1_247' title='bbox 293 2005 349 2043; x_wconf 71' lang='grc' dir='ltr'>ἵνα</span> <span class='ocrx_word' id='word_1_248' title='bbox 370 2005 457 2043; x_wconf 81' lang='grc' dir='ltr'>αὐτὰ</span> <span class='ocrx_word' id='word_1_249' title='bbox 478 2004 692 2057; x_wconf 76' lang='grc' dir='ltr'>καταχώσῃς</span> <span class='ocrx_word' id='word_1_250' title='bbox 707 2035 716 2052; x_wconf 93' lang='grc'>,</span> <span class='ocrx_word' id='word_1_251' title='bbox 739 2007 816 2043; x_wconf 85' lang='grc' dir='ltr'>ἀλλ’</span> <span class='ocrx_word' id='word_1_252' title='bbox 841 2004 896 2042; x_wconf 82' lang='grc' dir='ltr'>ἵνα</span> <span class='ocrx_word' id='word_1_253' title='bbox 923 2004 1010 2043; x_wconf 78' lang='grc' dir='ltr'>αὐτὰ</span> <span class='ocrx_word' id='word_1_254' title='bbox 1030 2005 1162 2044; x_wconf 84' lang='grc' dir='ltr'>διανεί-</span> 
     </span>
     <span class='ocr_line' id='line_1_33' title="bbox 133 2066 1162 2119; baseline 0.001 -15"><span class='ocrx_word' id='word_1_255' title='bbox 133 2084 211 2119; x_wconf 76' lang='grc' dir='ltr'>μῃς.</span> <span class='ocrx_word' id='word_1_256' title='bbox 234 2069 277 2105; x_wconf 79' lang='grc' dir='ltr'>Εἰ</span> <span class='ocrx_word' id='word_1_257' title='bbox 295 2067 330 2105; x_wconf 80' lang='grc' dir='ltr'>δὲ</span> <span class='ocrx_word' id='word_1_258' title='bbox 351 2067 510 2105; x_wconf 67' lang='grc' dir='ltr'>ἐὸούλετο</span> <span class='ocrx_word' id='word_1_259' title='bbox 527 2066 614 2105; x_wconf 80' lang='grc' dir='ltr'>αὐτὰ</span> <span class='ocrx_word' id='word_1_260' title='bbox 637 2070 654 2104; x_wconf 79' lang='grc' dir='ltr'>ο</span> <span class='ocrx_word' id='word_1_261' title='bbox 668 2067 756 2110; x_wconf 80' lang='grc' dir='ltr'>Θεὸς</span> <span class='ocrx_word' id='word_1_262' title='bbox 772 2066 1024 2118; x_wconf 71' lang='grc' dir='ltr'>φυλάττεσθαι,</span> <span class='ocrx_word' id='word_1_263' title='bbox 1041 2069 1101 2105; x_wconf 76' lang='grc' dir='ltr'>οὐκ</span> <span class='ocrx_word' id='word_1_264' title='bbox 1123 2068 1162 2105; x_wconf 72' lang='grc' dir='ltr'>ἂν</span> 
     </span>
     <span class='ocr_line' id='line_1_34' title="bbox 134 2127 1160 2180; baseline 0.001 -14"><span class='ocrx_word' id='word_1_265' title='bbox 134 2127 221 2166; x_wconf 76' lang='grc' dir='ltr'>αὐτὰ</span> <span class='ocrx_word' id='word_1_266' title='bbox 244 2127 438 2179; x_wconf 78' lang='grc' dir='ltr'>ἀνθρώποις</span> <span class='ocrx_word' id='word_1_267' title='bbox 457 2128 595 2175; x_wconf 82' lang='grc' dir='ltr'>ἔδωκεν,</span> <span class='ocrx_word' id='word_1_268' title='bbox 618 2129 694 2165; x_wconf 85' lang='grc' dir='ltr'>ἀλλ’</span> <span class='ocrx_word' id='word_1_269' title='bbox 714 2127 828 2166; x_wconf 83' lang='grc' dir='ltr'>εἴασεν</span> <span class='ocrx_word' id='word_1_270' title='bbox 848 2128 886 2166; x_wconf 79' lang='grc' dir='ltr'>ἂν</span> <span class='ocrx_word' id='word_1_271' title='bbox 905 2129 940 2166; x_wconf 81' lang='grc' dir='ltr'>ἐν</span> <span class='ocrx_word' id='word_1_272' title='bbox 952 2130 995 2179; x_wconf 71' lang='grc' dir='ltr'>τῇ</span> <span class='ocrx_word' id='word_1_273' title='bbox 1015 2131 1061 2180; x_wconf 75' lang='grc' dir='ltr'>γῇ</span> <span class='ocrx_word' id='word_1_274' title='bbox 1085 2128 1160 2167; x_wconf 82' lang='grc' dir='ltr'>κεί-</span> 
     </span>
     <span class='ocr_line' id='line_1_35' title="bbox 135 2188 1161 2240; baseline 0.001 -13"><span class='ocrx_word' id='word_1_275' title='bbox 135 2206 221 2240; x_wconf 85' lang='grc' dir='ltr'>μενα</span> <span class='ocrx_word' id='word_1_276' title='bbox 243 2189 368 2240; x_wconf 84' lang='grc' dir='ltr'>μένειν.</span> <span class='ocrx_word' id='word_1_277' title='bbox 384 2188 532 2235; x_wconf 81' lang='grc' dir='ltr'>Ἐπειδὴ</span> <span class='ocrx_word' id='word_1_278' title='bbox 554 2189 589 2226; x_wconf 77' lang='grc' dir='ltr'>δὲ</span> <span class='ocrx_word' id='word_1_279' title='bbox 619 2188 780 2240; x_wconf 79' lang='grc' dir='ltr'>βούλεται</span> <span class='ocrx_word' id='word_1_280' title='bbox 802 2189 889 2228; x_wconf 73' lang='grc' dir='ltr'>αὐτὰ</span> <span class='ocrx_word' id='word_1_281' title='bbox 918 2191 1161 2237; x_wconf 71' lang='grc' dir='ltr'>δαπανᾶσθαι,</span> 
     </span>
     <span class='ocr_line' id='line_1_36' title="bbox 133 2249 1162 2302; baseline 0 -13"><span class='ocrx_word' id='word_1_282' title='bbox 133 2251 191 2289; x_wconf 80' lang='grc' dir='ltr'>διὰ</span> <span class='ocrx_word' id='word_1_283' title='bbox 210 2255 308 2289; x_wconf 78' lang='grc' dir='ltr'>τοῦτο</span> <span class='ocrx_word' id='word_1_284' title='bbox 326 2250 415 2288; x_wconf 79' lang='grc' dir='ltr'>αὐτὰ</span> <span class='ocrx_word' id='word_1_285' title='bbox 429 2254 522 2301; x_wconf 75' lang='grc' dir='ltr'>ἡμᾶς</span> <span class='ocrx_word' id='word_1_286' title='bbox 545 2250 658 2289; x_wconf 84' lang='grc' dir='ltr'>εἴασεν</span> <span class='ocrx_word' id='word_1_287' title='bbox 673 2249 778 2302; x_wconf 74' lang='grc' dir='ltr'>ἔχειν,</span> <span class='ocrx_word' id='word_1_288' title='bbox 801 2250 856 2289; x_wconf 81' lang='grc' dir='ltr'>ἵνα</span> <span class='ocrx_word' id='word_1_289' title='bbox 876 2252 1039 2298; x_wconf 77' lang='grc' dir='ltr'>ἀλλήλοις</span> <span class='ocrx_word' id='word_1_290' title='bbox 1058 2268 1162 2302; x_wconf 86' lang='grc' dir='ltr'>μετα-</span> 
     </span>
     <span class='ocr_line' id='line_1_37' title="bbox 134 2309 1161 2364; baseline 0.001 -14"><span class='ocrx_word' id='word_1_291' title='bbox 134 2314 258 2362; x_wconf 80' lang='grc' dir='ltr'>δῶμεν.</span> <span class='ocrx_word' id='word_1_292' title='bbox 280 2309 339 2349; x_wconf 81' lang='grc' dir='ltr'>Ἂν</span> <span class='ocrx_word' id='word_1_293' title='bbox 368 2311 404 2350; x_wconf 76' lang='grc' dir='ltr'>δὲ</span> <span class='ocrx_word' id='word_1_294' title='bbox 425 2313 508 2364; x_wconf 89' lang='grc' dir='ltr'>παρ’</span> <span class='ocrx_word' id='word_1_295' title='bbox 531 2313 665 2354; x_wconf 82' lang='grc' dir='ltr'>ἑαυτοῖς</span> <span class='ocrx_word' id='word_1_296' title='bbox 698 2312 917 2364; x_wconf 72' lang='grc' dir='ltr'>κατέχωμεν,</span> <span class='ocrx_word' id='word_1_297' title='bbox 946 2315 1006 2351; x_wconf 74' lang='grc' dir='ltr'>οὐκ</span> <span class='ocrx_word' id='word_1_298' title='bbox 1036 2313 1086 2351; x_wconf 84' lang='grc' dir='ltr'>ἔτι</span> <span class='ocrx_word' id='word_1_299' title='bbox 1111 2314 1161 2351; x_wconf 87' lang='grc' dir='ltr'>δε-</span> 
     </span>
     <span class='ocr_line' id='line_1_38' title="bbox 134 2371 1160 2424; baseline 0.001 -13"><span class='ocrx_word' id='word_1_300' title='bbox 134 2372 260 2411; x_wconf 80' lang='grc' dir='ltr'>σπόται</span> <span class='ocrx_word' id='word_1_301' title='bbox 281 2371 409 2410; x_wconf 86' lang='grc' dir='ltr'>τούτων</span> <span class='ocrx_word' id='word_1_302' title='bbox 432 2373 547 2423; x_wconf 76' lang='grc' dir='ltr'>ἐσμέν.</span> <span class='ocrx_word' id='word_1_303' title='bbox 567 2374 610 2410; x_wconf 83' lang='grc' dir='ltr'>Εἰ</span> <span class='ocrx_word' id='word_1_304' title='bbox 626 2372 661 2411; x_wconf 78' lang='grc' dir='ltr'>δὲ</span> <span class='ocrx_word' id='word_1_305' title='bbox 684 2373 799 2424; x_wconf 83' lang='grc' dir='ltr'>βούλει</span> <span class='ocrx_word' id='word_1_306' title='bbox 817 2373 904 2412; x_wconf 80' lang='grc' dir='ltr'>αὐτὰ</span> <span class='ocrx_word' id='word_1_307' title='bbox 926 2374 1036 2412; x_wconf 89' lang='grc' dir='ltr'>πλείω</span> <span class='ocrx_word' id='word_1_308' title='bbox 1054 2377 1160 2420; x_wconf 67' lang='grc' dir='ltr'>ποιῆ-</span> 
     </span>
     <span class='ocr_line' id='line_1_39' title="bbox 133 2432 1163 2486; baseline 0.002 -14"><span class='ocrx_word' id='word_1_309' title='bbox 133 2450 213 2481; x_wconf 86' lang='grc' dir='ltr'>σαι,</span> <span class='ocrx_word' id='word_1_310' title='bbox 228 2433 287 2471; x_wconf 86' lang='grc' dir='ltr'>καὶ</span> <span class='ocrx_word' id='word_1_311' title='bbox 304 2432 360 2471; x_wconf 81' lang='grc' dir='ltr'>διὰ</span> <span class='ocrx_word' id='word_1_312' title='bbox 378 2438 478 2472; x_wconf 72' lang='grc' dir='ltr'>τοῦτο</span> <span class='ocrx_word' id='word_1_313' title='bbox 494 2433 675 2486; x_wconf 67' lang='grc' dir='ltr'>κατέχεις,</span> <span class='ocrx_word' id='word_1_314' title='bbox 692 2434 751 2472; x_wconf 78' lang='grc' dir='ltr'>καὶ</span> <span class='ocrx_word' id='word_1_315' title='bbox 768 2436 914 2473; x_wconf 73' lang='grc' dir='ltr'>ἐνταῦθα</span> <span class='ocrx_word' id='word_1_316' title='bbox 937 2434 1024 2483; x_wconf 77' lang='grc' dir='ltr'>αὕτη</span> <span class='ocrx_word' id='word_1_317' title='bbox 1040 2439 1163 2474; x_wconf 79' lang='grc' dir='ltr'>πασῶν</span> 
     </span>
     <span class='ocr_line' id='line_1_40' title="bbox 135 2494 1164 2548; baseline 0.002 -15"><span class='ocrx_word' id='word_1_318' title='bbox 135 2494 259 2547; x_wconf 83' lang='grc' dir='ltr'>ἀρίστη</span> <span class='ocrx_word' id='word_1_319' title='bbox 282 2494 441 2544; x_wconf 75' lang='grc' dir='ltr'>μέθοδος,</span> <span class='ocrx_word' id='word_1_320' title='bbox 465 2494 505 2532; x_wconf 77' lang='grc' dir='ltr'>τὸ</span> <span class='ocrx_word' id='word_1_321' title='bbox 537 2495 726 2545; x_wconf 86' lang='grc' dir='ltr'>σκορπίσαι</span> <span class='ocrx_word' id='word_1_322' title='bbox 745 2495 805 2533; x_wconf 82' lang='grc' dir='ltr'>καὶ</span> <span class='ocrx_word' id='word_1_323' title='bbox 834 2501 1014 2548; x_wconf 66' lang='grc' dir='ltr'>πανταχοῦ</span> <span class='ocrx_word' id='word_1_324' title='bbox 1037 2498 1164 2535; x_wconf 85' lang='grc' dir='ltr'>διανεῖ-</span> 
     </span>
     <span class='ocr_line' id='line_1_41' title="bbox 136 2553 1163 2610; baseline 0.004 -19"><span class='ocrx_word' id='word_1_325' title='bbox 136 2570 211 2604; x_wconf 85' lang='grc' dir='ltr'>μαι.</span> <span class='ocrx_word' id='word_1_326' title='bbox 230 2553 319 2592; x_wconf 80' lang='grc' dir='ltr'>Οὐδὲ</span> <span class='ocrx_word' id='word_1_327' title='bbox 340 2553 407 2606; x_wconf 78' lang='grc' dir='ltr'>γὰρ</span> <span class='ocrx_word' id='word_1_328' title='bbox 430 2554 479 2591; x_wconf 85' lang='grc' dir='ltr'>ἔνι</span> <span class='ocrx_word' id='word_1_329' title='bbox 497 2554 656 2604; x_wconf 76' lang='grc' dir='ltr'>γενέσθαι</span> <span class='ocrx_word' id='word_1_330' title='bbox 674 2555 843 2606; x_wconf 81' lang='grc' dir='ltr'>πρόσοδον</span> <span class='ocrx_word' id='word_1_331' title='bbox 866 2557 1022 2603; x_wconf 75' lang='grc' dir='ltr'>δαπάνης</span> <span class='ocrx_word' id='word_1_332' title='bbox 1043 2558 1163 2610; x_wconf 74' lang='grc' dir='ltr'>χωρὶς,</span> 
     </span>
     <span class='ocr_line' id='line_1_42' title="bbox 135 2613 1163 2665; baseline 0.003 -13"><span class='ocrx_word' id='word_1_333' title='bbox 135 2613 212 2652; x_wconf 78' lang='grc' dir='ltr'>οὐδὲ</span> <span class='ocrx_word' id='word_1_334' title='bbox 241 2615 388 2651; x_wconf 76' lang='grc' dir='ltr'>πλοῦτον</span> <span class='ocrx_word' id='word_1_335' title='bbox 415 2614 495 2652; x_wconf 79' lang='grc' dir='ltr'>ἄνευ</span> <span class='ocrx_word' id='word_1_336' title='bbox 527 2615 780 2665; x_wconf 77' lang='grc' dir='ltr'>ἀναλωμάτων.</span> <span class='ocrx_word' id='word_1_337' title='bbox 806 2617 919 2655; x_wconf 71' lang='grc' dir='ltr'>Τοῦτο</span> <span class='ocrx_word' id='word_1_338' title='bbox 948 2618 1008 2655; x_wconf 85' lang='grc' dir='ltr'>καὶ</span> <span class='ocrx_word' id='word_1_339' title='bbox 1039 2619 1073 2655; x_wconf 83' lang='grc' dir='ltr'>ἐν</span> <span class='ocrx_word' id='word_1_340' title='bbox 1093 2624 1163 2661; x_wconf 88' lang='grc' dir='ltr'>τοῖς</span> 
     </span>
     <span class='ocr_line' id='line_1_43' title="bbox 137 2674 1164 2730; baseline 0.003 -17"><span class='ocrx_word' id='word_1_341' title='bbox 137 2678 312 2726; x_wconf 78' lang='grc' dir='ltr'>βιωτικοῖς</span> <span class='ocrx_word' id='word_1_342' title='bbox 341 2675 518 2726; x_wconf 86' lang='grc' dir='ltr'>γινόμενον</span> <span class='ocrx_word' id='word_1_343' title='bbox 549 2674 614 2714; x_wconf 88' lang='grc' dir='ltr'>ἴδοι</span> <span class='ocrx_word' id='word_1_344' title='bbox 638 2692 690 2718; x_wconf 84' lang='grc' dir='ltr'>τις</span> <span class='ocrx_word' id='word_1_345' title='bbox 719 2676 772 2713; x_wconf 82' lang='grc' dir='ltr'>ἄν.</span> <span class='ocrx_word' id='word_1_346' title='bbox 794 2675 917 2720; x_wconf 81' lang='grc' dir='ltr'>Οὕτως</span> <span class='ocrx_word' id='word_1_347' title='bbox 943 2680 961 2714; x_wconf 84' lang='grc' dir='ltr'><strong><em>ὃ</em></strong></span> <span class='ocrx_word' id='word_1_348' title='bbox 990 2677 1164 2730; x_wconf 85' lang='grc' dir='ltr'>ἔμπορος,</span> 
     </span>
     <span class='ocr_line' id='line_1_44' title="bbox 135 2736 1164 2789; baseline 0.001 -15"><span class='ocrx_word' id='word_1_349' title='bbox 135 2737 243 2780; x_wconf 80' lang='grc' dir='ltr'>οὕτως</span> <span class='ocrx_word' id='word_1_350' title='bbox 262 2739 280 2774; x_wconf 82' lang='grc' dir='ltr'>ὁ</span> <span class='ocrx_word' id='word_1_351' title='bbox 299 2736 450 2789; x_wconf 80' lang='grc' dir='ltr'>γεωργὸς</span> <span class='ocrx_word' id='word_1_352' title='bbox 465 2766 474 2783; x_wconf 95' lang='grc'>,</span> <span class='ocrx_word' id='word_1_353' title='bbox 499 2740 518 2774; x_wconf 86' lang='grc' dir='ltr'>ὃ</span> <span class='ocrx_word' id='word_1_354' title='bbox 545 2736 607 2787; x_wconf 81' lang='grc' dir='ltr'>μὲν</span> <span class='ocrx_word' id='word_1_355' title='bbox 628 2736 671 2775; x_wconf 77' lang='grc' dir='ltr'>τὰ</span> <span class='ocrx_word' id='word_1_356' title='bbox 697 2737 882 2788; x_wconf 82' lang='grc' dir='ltr'>σπέρματα</span> <span class='ocrx_word' id='word_1_357' title='bbox 897 2768 906 2785; x_wconf 95' lang='grc'>,</span> <span class='ocrx_word' id='word_1_358' title='bbox 921 2740 939 2775; x_wconf 84' lang='grc' dir='ltr'><strong><em>ὃ</em></strong></span> <span class='ocrx_word' id='word_1_359' title='bbox 959 2737 995 2776; x_wconf 80' lang='grc' dir='ltr'>δὲ</span> <span class='ocrx_word' id='word_1_360' title='bbox 1017 2737 1059 2775; x_wconf 87' lang='grc' dir='ltr'>τὰ</span> <span class='ocrx_word' id='word_1_361' title='bbox 1077 2738 1164 2789; x_wconf 72' lang='grc' dir='ltr'>χρή-</span> 
     </span>
     <span class='ocr_line' id='line_1_45' title="bbox 137 2798 1166 2851; baseline 0.002 -16"><span class='ocrx_word' id='word_1_362' title='bbox 137 2815 232 2849; x_wconf 85' lang='grc' dir='ltr'>ματα</span> <span class='ocrx_word' id='word_1_363' title='bbox 248 2798 473 2841; x_wconf 65' lang='grc' dir='ltr'>ἐκὸάλλοντες</span> <span class='ocrx_word' id='word_1_364' title='bbox 486 2814 493 2821; x_wconf 90' lang='grc'><strong><em>·</em></strong></span> <span class='ocrx_word' id='word_1_365' title='bbox 511 2799 570 2836; x_wconf 78' lang='grc' dir='ltr'>καὶ</span> <span class='ocrx_word' id='word_1_366' title='bbox 587 2798 653 2851; x_wconf 82' lang='grc' dir='ltr'>γὰρ</span> <span class='ocrx_word' id='word_1_367' title='bbox 670 2798 847 2836; x_wconf 79' lang='grc' dir='ltr'>Θάλασσαν</span> <span class='ocrx_word' id='word_1_368' title='bbox 863 2801 880 2836; x_wconf 82' lang='grc' dir='ltr'>ὃ</span> <span class='ocrx_word' id='word_1_369' title='bbox 896 2799 957 2849; x_wconf 82' lang='grc' dir='ltr'>μὲν</span> <span class='ocrx_word' id='word_1_370' title='bbox 974 2801 1054 2837; x_wconf 85' lang='grc' dir='ltr'>πλεῖ</span> <span class='ocrx_word' id='word_1_371' title='bbox 1073 2799 1091 2818; x_wconf 85' lang='lat'><em>*</em></span> <span class='ocrx_word' id='word_1_372' title='bbox 1105 2804 1166 2838; x_wconf 76' lang='grc' dir='ltr'>τοῦ</span> 
     </span>
     <span class='ocr_line' id='line_1_46' title="bbox 137 2859 1167 2913; baseline 0.002 -16"><span class='ocrx_word' id='word_1_373' title='bbox 137 2860 327 2913; x_wconf 85' lang='grc' dir='ltr'>σκορπίσαι</span> <span class='ocrx_word' id='word_1_374' title='bbox 347 2859 392 2897; x_wconf 82' lang='grc' dir='ltr'>τὰ</span> <span class='ocrx_word' id='word_1_375' title='bbox 411 2862 546 2907; x_wconf 75' lang='grc' dir='ltr'>ἑαυτοῦ,</span> <span class='ocrx_word' id='word_1_376' title='bbox 563 2862 580 2897; x_wconf 78' lang='grc' dir='ltr'>ὁ</span> <span class='ocrx_word' id='word_1_377' title='bbox 596 2859 632 2898; x_wconf 83' lang='grc' dir='ltr'>δὲ</span> <span class='ocrx_word' id='word_1_378' title='bbox 647 2860 802 2898; x_wconf 75' lang='grc' dir='ltr'>ἐνιαυτὸν</span> <span class='ocrx_word' id='word_1_379' title='bbox 823 2860 1010 2913; x_wconf 79' lang='grc' dir='ltr'>ὁλόκληρον</span> <span class='ocrx_word' id='word_1_380' title='bbox 1032 2865 1167 2913; x_wconf 72' lang='grc' dir='ltr'>μοχθεῖ,</span> 
     </span>
     <span class='ocr_line' id='line_1_47' title="bbox 136 2920 1166 2975; baseline 0.002 -16"><span class='ocrx_word' id='word_1_381' title='bbox 136 2921 179 2959; x_wconf 75' lang='grc' dir='ltr'>τὰ</span> <span class='ocrx_word' id='word_1_382' title='bbox 209 2920 396 2974; x_wconf 80' lang='grc' dir='ltr'>σπέρματα</span> <span class='ocrx_word' id='word_1_383' title='bbox 428 2921 659 2960; x_wconf 65' lang='grc' dir='ltr'>καταὸάλλων</span> <span class='ocrx_word' id='word_1_384' title='bbox 692 2922 751 2961; x_wconf 84' lang='grc' dir='ltr'>καὶ</span> <span class='ocrx_word' id='word_1_385' title='bbox 782 2922 990 2975; x_wconf 80' lang='grc' dir='ltr'>θεραπεύων.</span> <span class='ocrx_word' id='word_1_386' title='bbox 1022 2923 1166 2961; x_wconf 79' lang='grc' dir='ltr'>Ἐνταῦ-</span> 
     </span>
     <span class='ocr_line' id='line_1_48' title="bbox 138 2980 1168 3032; baseline 0.002 -14"><span class='ocrx_word' id='word_1_387' title='bbox 138 2985 180 3019; x_wconf 77' lang='grc' dir='ltr'>Οα</span> <span class='ocrx_word' id='word_1_388' title='bbox 209 2980 244 3019; x_wconf 79' lang='grc' dir='ltr'>δὲ</span> <span class='ocrx_word' id='word_1_389' title='bbox 275 2982 410 3024; x_wconf 72' lang='grc' dir='ltr'>οὐδενος</span> <span class='ocrx_word' id='word_1_390' title='bbox 436 2983 485 3019; x_wconf 89' lang='grc' dir='ltr'>δεῖ</span> <span class='ocrx_word' id='word_1_391' title='bbox 511 2982 656 3031; x_wconf 85' lang='grc' dir='ltr'>τούτων,</span> <span class='ocrx_word' id='word_1_392' title='bbox 679 2985 717 3021; x_wconf 83' lang='grc' dir='ltr'>οὐ</span> <span class='ocrx_word' id='word_1_393' title='bbox 747 2983 1008 3022; x_wconf 82' lang='grc' dir='ltr'>κατασκευάσαι</span> <span class='ocrx_word' id='word_1_394' title='bbox 1035 2986 1168 3032; x_wconf 87' lang='grc' dir='ltr'>πλοῖον,</span> 
     </span>
     <span class='ocr_line' id='line_1_49' title="bbox 138 3042 1167 3098; baseline 0.003 -19"><span class='ocrx_word' id='word_1_395' title='bbox 138 3044 175 3080; x_wconf 76' lang='grc' dir='ltr'>οὐ</span> <span class='ocrx_word' id='word_1_396' title='bbox 196 3042 309 3085; x_wconf 72' lang='grc' dir='ltr'>ζεῦξαι</span> <span class='ocrx_word' id='word_1_397' title='bbox 330 3045 408 3092; x_wconf 73' lang='grc' dir='ltr'>βοῦς</span> <span class='ocrx_word' id='word_1_398' title='bbox 428 3042 487 3080; x_wconf 73' lang='grc' dir='ltr'>καὶ</span> <span class='ocrx_word' id='word_1_399' title='bbox 510 3043 634 3096; x_wconf 80' lang='grc' dir='ltr'>ἀρόσαι</span> <span class='ocrx_word' id='word_1_400' title='bbox 649 3047 726 3095; x_wconf 74' lang='grc' dir='ltr'>γῆν,</span> <span class='ocrx_word' id='word_1_401' title='bbox 749 3042 811 3082; x_wconf 70' lang='grc' dir='ltr'>οὐκ</span> <span class='ocrx_word' id='word_1_402' title='bbox 831 3045 1035 3095; x_wconf 87' lang='grc' dir='ltr'>ἀνωμαλίαν</span> <span class='ocrx_word' id='word_1_403' title='bbox 1058 3044 1167 3098; x_wconf 81' lang='grc' dir='ltr'>ἀέρων</span> 
     </span>
     <span class='ocr_line' id='line_1_50' title="bbox 140 3103 1169 3156; baseline 0.004 -16"><span class='ocrx_word' id='word_1_404' title='bbox 140 3109 324 3154; x_wconf 75' lang='grc' dir='ltr'>μεριμνᾷν,</span> <span class='ocrx_word' id='word_1_405' title='bbox 341 3105 379 3140; x_wconf 83' lang='grc' dir='ltr'>οὐ</span> <span class='ocrx_word' id='word_1_406' title='bbox 403 3103 560 3154; x_wconf 79' lang='grc' dir='ltr'>χαλάζης</span> <span class='ocrx_word' id='word_1_407' title='bbox 580 3104 778 3151; x_wconf 63' lang='grc' dir='ltr'>καταδολὴν</span> <span class='ocrx_word' id='word_1_408' title='bbox 805 3105 1020 3156; x_wconf 62' lang='grc' dir='ltr'>φοέηῡῆναι·</span> <span class='ocrx_word' id='word_1_409' title='bbox 1041 3108 1102 3144; x_wconf 77' lang='grc' dir='ltr'>οὐκ</span> <span class='ocrx_word' id='word_1_410' title='bbox 1121 3105 1169 3144; x_wconf 81' lang='grc' dir='ltr'>ἔνι</span> 
     </span>
     <span class='ocr_line' id='line_1_51' title="bbox 139 3161 1170 3214; baseline 0.005 -14"><span class='ocrx_word' id='word_1_411' title='bbox 139 3163 278 3214; x_wconf 75' lang='grc' dir='ltr'>κύματα</span> <span class='ocrx_word' id='word_1_412' title='bbox 307 3165 474 3212; x_wconf 74' lang='grc' dir='ltr'>ἐνταῦθα,</span> <span class='ocrx_word' id='word_1_413' title='bbox 507 3165 582 3202; x_wconf 82' lang='grc' dir='ltr'>οὐδὲ</span> <span class='ocrx_word' id='word_1_414' title='bbox 605 3165 794 3209; x_wconf 86' lang='grc' dir='ltr'>σκόπελος·</span> <span class='ocrx_word' id='word_1_415' title='bbox 817 3161 913 3210; x_wconf 65' lang='grc' dir='ltr'>οὗτος</span> <span class='ocrx_word' id='word_1_416' title='bbox 939 3170 957 3205; x_wconf 83' lang='grc' dir='ltr'>ὁ</span> <span class='ocrx_word' id='word_1_417' title='bbox 985 3169 1090 3210; x_wconf 76' lang='grc' dir='ltr'>πλοῦς</span> <span class='ocrx_word' id='word_1_418' title='bbox 1110 3168 1170 3205; x_wconf 82' lang='grc' dir='ltr'>καὶ</span> 
     </span>
    </p>
   </div>
   <div class='ocr_carea' id='block_1_7' title="bbox 140 3230 1169 3284">
    <p class='ocr_par' dir='ltr' id='par_1_7' title="bbox 140 3230 1169 3284">
     <span class='ocr_line' id='line_1_52' title="bbox 140 3230 1169 3284; baseline 0.004 -17"><span class='ocrx_word' id='word_1_419' title='bbox 140 3233 235 3273; x_wconf 72' lang='grc' dir='ltr'>οὗτος</span> <span class='ocrx_word' id='word_1_420' title='bbox 249 3233 267 3268; x_wconf 81' lang='grc' dir='ltr'><em>ὃ</em></span> <span class='ocrx_word' id='word_1_421' title='bbox 289 3230 416 3284; x_wconf 85' lang='grc' dir='ltr'>σπόρος</span> <span class='ocrx_word' id='word_1_422' title='bbox 435 3231 507 3275; x_wconf 73' lang='grc' dir='ltr'>ἑνὸς</span> <span class='ocrx_word' id='word_1_423' title='bbox 524 3232 632 3270; x_wconf 83' lang='grc' dir='ltr'>δεῖται</span> <span class='ocrx_word' id='word_1_424' title='bbox 653 3232 755 3283; x_wconf 72' lang='grc' dir='ltr'>μόνου</span> <span class='ocrx_word' id='word_1_425' title='bbox 771 3263 779 3281; x_wconf 90' lang='grc'>,</span> <span class='ocrx_word' id='word_1_426' title='bbox 809 3235 868 3271; x_wconf 74' lang='grc' dir='ltr'>τοῦ</span> <span class='ocrx_word' id='word_1_427' title='bbox 890 3235 928 3284; x_wconf 75' lang='grc' dir='ltr'>ῥῖ1</span> <span class='ocrx_word' id='word_1_428' title='bbox 952 3249 986 3271; x_wconf 88' lang='grc' dir='ltr'>αι</span> <span class='ocrx_word' id='word_1_429' title='bbox 1004 3232 1048 3271; x_wconf 81' lang='grc' dir='ltr'>τὰ</span> <span class='ocrx_word' id='word_1_430' title='bbox 1064 3235 1145 3272; x_wconf 81' lang='grc' dir='ltr'>ὄντα</span> <span class='ocrx_word' id='word_1_431' title='bbox 1163 3250 1169 3257; x_wconf 93' lang='grc'><em>·</em></span> 
     </span>
    </p>
   </div>
   <div class='ocr_carea' id='block_1_8' title="bbox 185 3350 636 3398">
    <p class='ocr_par' dir='ltr' id='par_1_8' title="bbox 185 3350 636 3398">
     <span class='ocr_line' id='line_1_53' title="bbox 185 3350 636 3398; baseline 0.002 -16"><span class='ocrx_word' id='word_1_432' title='bbox 185 3352 197 3375; x_wconf 84' lang='lat' dir='ltr'><strong>s</strong></span> <span class='ocrx_word' id='word_1_433' title='bbox 214 3350 315 3383; x_wconf 74' lang='lat' dir='ltr'>Savil.</span> <span class='ocrx_word' id='word_1_434' title='bbox 336 3357 375 3386; x_wconf 72' lang='grc' dir='ltr'>τὰ</span> <span class='ocrx_word' id='word_1_435' title='bbox 390 3359 469 3398; x_wconf 59' lang='grc' dir='ltr'>περί.</span> <span class='ocrx_word' id='word_1_436' title='bbox 487 3352 601 3384; x_wconf 83' lang='lat' dir='ltr'>Morel.</span> <span class='ocrx_word' id='word_1_437' title='bbox 624 3370 636 3387; x_wconf 61' lang='grc' dir='ltr'>τ</span> 
     </span>
    </p>
   </div>
   <div class='ocr_carea' id='block_1_9' title="bbox 140 3353 1158 3450">
    <p class='ocr_par' dir='ltr' id='par_1_9' title="bbox 140 3353 1158 3450">
     <span class='ocr_line' id='line_1_54' title="bbox 644 3353 1158 3399; baseline 0.006 -13"><span class='ocrx_word' id='word_1_438' title='bbox 644 3366 677 3387; x_wconf 51' lang='grc' dir='ltr'>ω’,</span> <span class='ocrx_word' id='word_1_439' title='bbox 699 3370 773 3399; x_wconf 53' lang='grc' dir='ltr'>πη,</span> <span class='ocrx_word' id='word_1_440' title='bbox 791 3355 885 3397; x_wconf 75' lang='lat' dir='ltr'>[Mox</span> <span class='ocrx_word' id='word_1_441' title='bbox 903 3353 991 3388; x_wconf 85' lang='lat' dir='ltr'>idem</span> <span class='ocrx_word' id='word_1_442' title='bbox 1007 3355 1106 3389; x_wconf 65' lang='lat' dir='ltr'>savii.</span> <span class='ocrx_word' id='word_1_443' title='bbox 1125 3363 1158 3389; x_wconf 84' lang='lat' dir='ltr'>et</span> 
     </span>
     <span class='ocr_line' id='line_1_55' title="bbox 140 3401 582 3450; baseline 0.02 -20"><span class='ocrx_word' id='word_1_444' title='bbox 140 3401 250 3434; x_wconf 56' lang='lat' dir='ltr'>(cdd.</span> <span class='ocrx_word' id='word_1_445' title='bbox 266 3402 322 3435; x_wconf 80' lang='lat' dir='ltr'>c&#39;u.</span> <span class='ocrx_word' id='word_1_446' title='bbox 343 3406 582 3450; x_wconf 49' lang='lat' dir='ltr'>nhszstrzpow]</span> 
     </span>
    </p>
   </div>
   <div class='ocr_carea' id='block_1_10' title="bbox 2137 203 2159 214">
    <p class='ocr_par' dir='ltr' id='par_1_10' title="bbox 2137 203 2159 214">
     <span class='ocr_line' id='line_1_56' title="bbox 2137 203 2159 214; baseline 0 -3"><span class='ocrx_word' id='word_1_447' title='bbox 2137 203 2159 214; x_wconf 74' lang='lat'>,-</span> 
     </span>
    </p>
   </div>
   <div class='ocr_carea' id='block_1_11' title="bbox 1475 216 2185 246">
    <p class='ocr_par' dir='ltr' id='par_1_11' title="bbox 1475 216 2185 246">
     <span class='ocr_line' id='line_1_57' title="bbox 1475 216 2185 246; baseline 0.003 -2"><span class='ocrx_word' id='word_1_448' title='bbox 1475 216 1599 244; x_wconf 60' lang='lat' dir='ltr'>XVIII.</span> <span class='ocrx_word' id='word_1_449' title='bbox 2110 220 2185 246; x_wconf 83' lang='lat' dir='ltr'>l&#39;)[</span> 
     </span>
    </p>
   </div>
   <div class='ocr_carea' id='block_1_12' title="bbox 1168 295 2205 711">
    <p class='ocr_par' dir='ltr' id='par_1_12' title="bbox 1168 295 2205 711">
     <span class='ocr_line' id='line_1_58' title="bbox 1215 295 2196 343; baseline 0.003 -11"><span class='ocrx_word' id='word_1_450' title='bbox 1215 308 1276 332; x_wconf 84' lang='lat' dir='ltr'>nos</span> <span class='ocrx_word' id='word_1_451' title='bbox 1296 295 1363 333; x_wconf 84' lang='lat' dir='ltr'>hoc</span> <span class='ocrx_word' id='word_1_452' title='bbox 1384 295 1516 333; x_wconf 87' lang='lat' dir='ltr'>honore</span> <span class='ocrx_word' id='word_1_453' title='bbox 1535 295 1663 343; x_wconf 79' lang='lat' dir='ltr'>affecit,</span> <span class='ocrx_word' id='word_1_454' title='bbox 1681 296 1890 332; x_wconf 80' lang='lat' dir='ltr'>contumelia</span> <span class='ocrx_word' id='word_1_455' title='bbox 1907 297 2106 334; x_wconf 66' lang='lat' dir='ltr'>.¹1sl&#39;ici.¹itur&#39;.&#39;</span> <span class='ocrx_word' id='word_1_456' title='bbox 2128 301 2196 335; x_wconf 64' lang='lat' dir='ltr'>Au-</span> 
     </span>
     <span class='ocr_line' id='line_1_59' title="bbox 1215 355 2198 407; baseline 0.002 -15"><span class='ocrx_word' id='word_1_457' title='bbox 1215 368 1284 392; x_wconf 91' lang='lat' dir='ltr'>non</span> <span class='ocrx_word' id='word_1_458' title='bbox 1318 355 1564 407; x_wconf 81' lang='lat' dir='ltr'>imperatorios</span> <span class='ocrx_word' id='word_1_459' title='bbox 1585 355 1726 394; x_wconf 83' lang='lat' dir='ltr'><strong>ordines</strong></span> <span class='ocrx_word' id='word_1_460' title='bbox 1746 356 1866 404; x_wconf 82' lang='lat' dir='ltr'>nostis,</span> <span class='ocrx_word' id='word_1_461' title='bbox 1883 365 2116 405; x_wconf 77' lang='lat' dir='ltr'>scutatorum,</span> <span class='ocrx_word' id='word_1_462' title='bbox 2138 358 2198 394; x_wconf 76' lang='lat' dir='ltr'>hu-</span> 
     </span>
     <span class='ocr_line' id='line_1_60' title="bbox 1215 416 2201 470; baseline 0.002 -18"><span class='ocrx_word' id='word_1_463' title='bbox 1215 423 1403 466; x_wconf 84' lang='lat' dir='ltr'>statorum,</span> <span class='ocrx_word' id='word_1_464' title='bbox 1422 416 1483 466; x_wconf 86' lang='lat' dir='ltr'>qui</span> <span class='ocrx_word' id='word_1_465' title='bbox 1498 417 1751 468; x_wconf 71' lang='lat' dir='ltr'>Imperatorem</span> <span class='ocrx_word' id='word_1_466' title='bbox 1767 416 1913 468; x_wconf 83' lang='lat' dir='ltr'>stipant,</span> <span class='ocrx_word' id='word_1_467' title='bbox 1931 426 2062 467; x_wconf 77' lang='lat' dir='ltr'>quanto</span> <span class='ocrx_word' id='word_1_468' title='bbox 2078 431 2201 470; x_wconf 80' lang='lat' dir='ltr'>nempe</span> 
     </span>
     <span class='ocr_line' id='line_1_61' title="bbox 1214 476 2200 530; baseline 0.003 -17"><span class='ocrx_word' id='word_1_469' title='bbox 1214 476 1378 514; x_wconf 85' lang='lat' dir='ltr'>fruantur</span> <span class='ocrx_word' id='word_1_470' title='bbox 1394 476 1551 515; x_wconf 67' lang='lat' dir='ltr'>honore?</span> <span class='ocrx_word' id='word_1_471' title='bbox 1570 479 1622 515; x_wconf 78' lang='lat' dir='ltr'>Ita</span> <span class='ocrx_word' id='word_1_472' title='bbox 1641 487 1674 516; x_wconf 88' lang='lat' dir='ltr'>et</span> <span class='ocrx_word' id='word_1_473' title='bbox 1688 492 1763 527; x_wconf 92' lang='lat' dir='ltr'>nos,</span> <span class='ocrx_word' id='word_1_474' title='bbox 1777 477 1838 529; x_wconf 91' lang='lat' dir='ltr'>qui</span> <span class='ocrx_word' id='word_1_475' title='bbox 1853 478 1957 529; x_wconf 86' lang='lat' dir='ltr'>longe</span> <span class='ocrx_word' id='word_1_476' title='bbox 1972 478 2200 530; x_wconf 87' lang='lat' dir='ltr'>propinquio-</span> 
     </span>
     <span class='ocr_line' id='line_1_62' title="bbox 1168 537 2202 592; baseline 0.003 -18"><span class='ocrx_word' id='word_1_477' title='bbox 1168 553 1192 583; x_wconf 78' lang='grc' dir='ltr'>Ε</span> <span class='ocrx_word' id='word_1_478' title='bbox 1216 551 1269 574; x_wconf 89' lang='lat' dir='ltr'>res</span> <span class='ocrx_word' id='word_1_479' title='bbox 1302 537 1390 589; x_wconf 83' lang='lat' dir='ltr'>Regi</span> <span class='ocrx_word' id='word_1_480' title='bbox 1418 548 1535 577; x_wconf 84' lang='lat' dir='ltr'>nostro</span> <span class='ocrx_word' id='word_1_481' title='bbox 1563 553 1700 590; x_wconf 90' lang='lat' dir='ltr'>sumus,</span> <span class='ocrx_word' id='word_1_482' title='bbox 1724 549 1758 577; x_wconf 90' lang='lat' dir='ltr'>et</span> <span class='ocrx_word' id='word_1_483' title='bbox 1790 548 1887 577; x_wconf 83' lang='lat' dir='ltr'>tanto</span> <span class='ocrx_word' id='word_1_484' title='bbox 1915 539 2202 592; x_wconf 73' lang='lat' dir='ltr'>propinquiores,</span> 
     </span>
     <span class='ocr_line' id='line_1_63' title="bbox 1216 600 2204 653; baseline 0.002 -17"><span class='ocrx_word' id='word_1_485' title='bbox 1216 608 1348 649; x_wconf 87' lang='lat' dir='ltr'>quanto</span> <span class='ocrx_word' id='word_1_486' title='bbox 1376 600 1610 652; x_wconf 81' lang='lat' dir='ltr'>propinquius</span> <span class='ocrx_word' id='word_1_487' title='bbox 1640 611 1690 639; x_wconf 87' lang='lat' dir='ltr'>est</span> <span class='ocrx_word' id='word_1_488' title='bbox 1723 615 1848 653; x_wconf 87' lang='lat' dir='ltr'>corpus</span> <span class='ocrx_word' id='word_1_489' title='bbox 1882 601 2004 653; x_wconf 78' lang='lat' dir='ltr'>capiti,</span> <span class='ocrx_word' id='word_1_490' title='bbox 2022 600 2111 638; x_wconf 86' lang='lat' dir='ltr'>nihil</span> <span class='ocrx_word' id='word_1_491' title='bbox 2136 614 2204 638; x_wconf 90' lang='lat' dir='ltr'>non</span> 
     </span>
     <span class='ocr_line' id='line_1_64' title="bbox 1217 661 2205 711; baseline 0.001 -14"><span class='ocrx_word' id='word_1_492' title='bbox 1217 661 1330 699; x_wconf 80' lang='lat' dir='ltr'>acturi</span> <span class='ocrx_word' id='word_1_493' title='bbox 1361 675 1496 709; x_wconf 89' lang='lat' dir='ltr'>sumus,</span> <span class='ocrx_word' id='word_1_494' title='bbox 1511 671 1551 699; x_wconf 90' lang='lat' dir='ltr'>ut</span> <span class='ocrx_word' id='word_1_495' title='bbox 1580 662 1762 700; x_wconf 79' lang='lat' dir='ltr'>Christum</span> <span class='ocrx_word' id='word_1_496' title='bbox 1785 662 1978 700; x_wconf 81' lang='lat' dir='ltr'>imitemur.</span> <span class='ocrx_word' id='word_1_497' title='bbox 2000 661 2100 708; x_wconf 86' lang='lat' dir='ltr'>Quid</span> <span class='ocrx_word' id='word_1_498' title='bbox 2123 675 2205 711; x_wconf 73' lang='lat' dir='ltr'>ergo</span> 
     </span>
    </p>
   </div>
   <div class='ocr_carea' id='block_1_13' title="bbox 1218 720 2402 776">
    <p class='ocr_par' dir='ltr' id='par_1_13' title="bbox 1218 720 2402 776">
     <span class='ocr_line' id='line_1_65' title="bbox 1218 720 2402 776; baseline 0.002 -18"><span class='ocrx_word' id='word_1_499' title='bbox 1218 721 1267 758; x_wconf 75' lang='lat' dir='ltr'>ait</span> <span class='ocrx_word' id='word_1_500' title='bbox 1285 720 1473 759; x_wconf 72' lang='lat' dir='ltr'>Christus?</span> <span class='ocrx_word' id='word_1_501' title='bbox 1491 723 1781 776; x_wconf 74' lang='lat' dir='ltr'>Vzelpessoveas</span> <span class='ocrx_word' id='word_1_502' title='bbox 1802 724 1960 769; x_wconf 80' lang='lat' dir='ltr'>habent,</span> <span class='ocrx_word' id='word_1_503' title='bbox 1975 732 2011 760; x_wconf 79' lang='lat' dir='ltr'>et</span> <span class='ocrx_word' id='word_1_504' title='bbox 2027 724 2205 761; x_wconf 75' lang='lat' dir='ltr'>volucres</span> <span class='ocrx_word' id='word_1_505' title='bbox 2223 731 2293 757; x_wconf 72' lang='lat' dir='ltr'>Luc.</span> <span class='ocrx_word' id='word_1_506' title='bbox 2309 741 2337 768; x_wconf 68' lang='grc' dir='ltr'>ς).</span> <span class='ocrx_word' id='word_1_507' title='bbox 2356 729 2364 755; x_wconf 73' lang='lat' dir='ltr'>s&#39;</span> <span class='ocrx_word' id='word_1_508' title='bbox 2398 751 2402 756; x_wconf 84' lang='lat'><em>.</em></span> 
     </span>
    </p>
   </div>
   <div class='ocr_carea' id='block_1_14' title="bbox 1176 783 2223 2243">
    <p class='ocr_par' dir='ltr' id='par_1_14' title="bbox 1176 783 2223 2243">
     <span class='ocr_line' id='line_1_66' title="bbox 1220 783 2207 829; baseline 0.002 -10"><span class='ocrx_word' id='word_1_509' title='bbox 1220 783 1307 820; x_wconf 72' lang='lat' dir='ltr'>eseli</span> <span class='ocrx_word' id='word_1_510' title='bbox 1328 784 1462 829; x_wconf 81' lang='lat' dir='ltr'>nidos,</span> <span class='ocrx_word' id='word_1_511' title='bbox 1490 785 1616 821; x_wconf 77' lang='lat' dir='ltr'>Filius</span> <span class='ocrx_word' id='word_1_512' title='bbox 1643 793 1772 822; x_wconf 79' lang='lat' dir='ltr'>aulem</span> <span class='ocrx_word' id='word_1_513' title='bbox 1798 786 1964 822; x_wconf 75' lang='lat' dir='ltr'>hominis</span> <span class='ocrx_word' id='word_1_514' title='bbox 1991 798 2068 821; x_wconf 82' lang='lat' dir='ltr'>non</span> <span class='ocrx_word' id='word_1_515' title='bbox 2091 786 2207 821; x_wconf 78' lang='lat' dir='ltr'>habet</span> 
     </span>
     <span class='ocr_line' id='line_1_67' title="bbox 1181 845 2207 907; baseline 0.001 -27"><span class='ocrx_word' id='word_1_516' title='bbox 1181 845 1286 907; x_wconf 60' lang='lat' dir='ltr'>Mubi</span> <span class='ocrx_word' id='word_1_517' title='bbox 1304 853 1419 895; x_wconf 77' lang='lat' dir='ltr'>caput</span> <span class='ocrx_word' id='word_1_518' title='bbox 1452 858 1562 882; x_wconf 79' lang='lat' dir='ltr'>suum</span> <span class='ocrx_word' id='word_1_519' title='bbox 1583 846 1755 883; x_wconf 77' lang='lat' dir='ltr'>reclinet.</span> <span class='ocrx_word' id='word_1_520' title='bbox 1778 846 1850 883; x_wconf 78' lang='lat' dir='ltr'>Hoc</span> <span class='ocrx_word' id='word_1_521' title='bbox 1870 846 1898 882; x_wconf 86' lang='lat' dir='ltr'>si</span> <span class='ocrx_word' id='word_1_522' title='bbox 1920 861 1939 882; x_wconf 80' lang='lat' dir='ltr'>a</span> <span class='ocrx_word' id='word_1_523' title='bbox 1960 845 2062 883; x_wconf 69' lang='lat' dir='ltr'>vobis</span> <span class='ocrx_word' id='word_1_524' title='bbox 2086 845 2207 895; x_wconf 74' lang='lat' dir='ltr'>exiga-</span> 
     </span>
     <span class='ocr_line' id='line_1_68' title="bbox 1176 904 2208 955; baseline 0.002 -14"><span class='ocrx_word' id='word_1_525' title='bbox 1176 918 1201 947; x_wconf 72' lang='grc' dir='ltr'>Α</span> <span class='ocrx_word' id='word_1_526' title='bbox 1221 917 1311 953; x_wconf 87' lang='lat' dir='ltr'>mus,</span> <span class='ocrx_word' id='word_1_527' title='bbox 1329 904 1418 941; x_wconf 84' lang='lat' dir='ltr'>forte</span> <span class='ocrx_word' id='word_1_528' title='bbox 1447 918 1553 955; x_wconf 84' lang='lat' dir='ltr'>grave</span> <span class='ocrx_word' id='word_1_529' title='bbox 1570 908 1604 943; x_wconf 86' lang='lat' dir='ltr'>&#39;et</span> <span class='ocrx_word' id='word_1_530' title='bbox 1621 919 1807 943; x_wconf 85' lang='lat' dir='ltr'>onerosum</span> <span class='ocrx_word' id='word_1_531' title='bbox 1840 906 1962 944; x_wconf 84' lang='lat' dir='ltr'>multis</span> <span class='ocrx_word' id='word_1_532' title='bbox 2000 905 2179 944; x_wconf 77' lang='lat' dir='ltr'>videbitur</span> <span class='ocrx_word' id='word_1_533' title='bbox 2202 924 2208 943; x_wconf 91' lang='lat'>:</span> 
     </span>
     <span class='ocr_line' id='line_1_69' title="bbox 1221 967 2210 1017; baseline 0.004 -16"><span class='ocrx_word' id='word_1_534' title='bbox 1221 974 1437 1017; x_wconf 84' lang='lat' dir='ltr'>quapropter</span> <span class='ocrx_word' id='word_1_535' title='bbox 1467 975 1539 1004; x_wconf 80' lang='lat' dir='ltr'>tam</span> <span class='ocrx_word' id='word_1_536' title='bbox 1561 976 1763 1005; x_wconf 83' lang='lat' dir='ltr'>accuratam</span> <span class='ocrx_word' id='word_1_537' title='bbox 1792 967 2025 1006; x_wconf 85' lang='lat' dir='ltr'>imitationem</span> <span class='ocrx_word' id='word_1_538' title='bbox 2055 982 2121 1004; x_wconf 91' lang='lat' dir='ltr'>non</span> <span class='ocrx_word' id='word_1_539' title='bbox 2149 982 2210 1005; x_wconf 77' lang='lat' dir='ltr'>cx-</span> 
     </span>
     <span class='ocr_line' id='line_1_70' title="bbox 1224 1026 2209 1081; baseline 0.004 -19"><span class='ocrx_word' id='word_1_540' title='bbox 1224 1039 1380 1077; x_wconf 80' lang='lat' dir='ltr'>poscam,</span> <span class='ocrx_word' id='word_1_541' title='bbox 1404 1036 1443 1063; x_wconf 89' lang='lat' dir='ltr'>ut</span> <span class='ocrx_word' id='word_1_542' title='bbox 1464 1026 1665 1065; x_wconf 82' lang='lat' dir='ltr'>infirmitati</span> <span class='ocrx_word' id='word_1_543' title='bbox 1692 1037 1816 1066; x_wconf 78' lang='lat' dir='ltr'>vestrae</span> <span class='ocrx_word' id='word_1_544' title='bbox 1845 1043 1999 1080; x_wconf 82' lang='lat' dir='ltr'>parcam.</span> <span class='ocrx_word' id='word_1_545' title='bbox 2023 1030 2122 1081; x_wconf 80' lang='lat' dir='ltr'>Rogo</span> <span class='ocrx_word' id='word_1_546' title='bbox 2148 1044 2209 1066; x_wconf 84' lang='lat' dir='ltr'>uu-</span> 
     </span>
     <span class='ocr_line' id='line_1_71' title="bbox 1223 1088 2209 1142; baseline 0.004 -19"><span class='ocrx_word' id='word_1_547' title='bbox 1223 1095 1294 1123; x_wconf 87' lang='lat' dir='ltr'>tem</span> <span class='ocrx_word' id='word_1_548' title='bbox 1313 1100 1355 1124; x_wconf 88' lang='lat' dir='ltr'>ne</span> <span class='ocrx_word' id='word_1_549' title='bbox 1368 1088 1527 1138; x_wconf 88' lang='lat' dir='ltr'>pecuniis</span> <span class='ocrx_word' id='word_1_550' title='bbox 1542 1088 1648 1126; x_wconf 86' lang='lat' dir='ltr'>nimis</span> <span class='ocrx_word' id='word_1_551' title='bbox 1667 1089 1840 1139; x_wconf 76' lang='lat' dir='ltr'>haereatis3</span> <span class='ocrx_word' id='word_1_552' title='bbox 1856 1089 1916 1127; x_wconf 89' lang='lat' dir='ltr'>sed</span> <span class='ocrx_word' id='word_1_553' title='bbox 1939 1099 1977 1127; x_wconf 88' lang='lat' dir='ltr'>ut</span> <span class='ocrx_word' id='word_1_554' title='bbox 1995 1103 2060 1142; x_wconf 81' lang='lat' dir='ltr'>ego</span> <span class='ocrx_word' id='word_1_555' title='bbox 2082 1091 2127 1127; x_wconf 89' lang='lat' dir='ltr'>ob</span> <span class='ocrx_word' id='word_1_556' title='bbox 2152 1091 2209 1127; x_wconf 53' lang='lat' dir='ltr'>in⁴</span> 
     </span>
     <span class='ocr_line' id='line_1_72' title="bbox 1225 1147 2211 1190; baseline 0.004 -6"><span class='ocrx_word' id='word_1_557' title='bbox 1225 1147 1431 1185; x_wconf 82' lang='lat' dir='ltr'>firmitatem</span> <span class='ocrx_word' id='word_1_558' title='bbox 1458 1159 1611 1187; x_wconf 76' lang='lat' dir='ltr'>vestram</span> <span class='ocrx_word' id='word_1_559' title='bbox 1640 1159 1771 1188; x_wconf 78' lang='lat' dir='ltr'>tantam</span> <span class='ocrx_word' id='word_1_560' title='bbox 1792 1166 1810 1188; x_wconf 78' lang='lat' dir='ltr'>a</span> <span class='ocrx_word' id='word_1_561' title='bbox 1836 1150 1937 1190; x_wconf 78' lang='lat' dir='ltr'>vobis</span> <span class='ocrx_word' id='word_1_562' title='bbox 1956 1151 2125 1188; x_wconf 73' lang='lat' dir='ltr'>virtutem</span> <span class='ocrx_word' id='word_1_563' title='bbox 2143 1166 2211 1188; x_wconf 65' lang='lat' dir='ltr'>non</span> 
     </span>
     <span class='ocr_line' id='line_1_73' title="bbox 1226 1207 2213 1261; baseline 0.005 -17"><span class='ocrx_word' id='word_1_564' title='bbox 1226 1207 1349 1259; x_wconf 80' lang='lat' dir='ltr'>exigo:</span> <span class='ocrx_word' id='word_1_565' title='bbox 1383 1209 1433 1246; x_wconf 87' lang='lat' dir='ltr'>sic</span> <span class='ocrx_word' id='word_1_566' title='bbox 1467 1218 1501 1247; x_wconf 89' lang='lat' dir='ltr'>ct</span> <span class='ocrx_word' id='word_1_567' title='bbox 1536 1225 1598 1248; x_wconf 80' lang='lat' dir='ltr'>vos</span> <span class='ocrx_word' id='word_1_568' title='bbox 1633 1211 1747 1248; x_wconf 85' lang='lat' dir='ltr'>multo</span> <span class='ocrx_word' id='word_1_569' title='bbox 1769 1211 1884 1261; x_wconf 84' lang='lat' dir='ltr'>magis</span> <span class='ocrx_word' id='word_1_570' title='bbox 1901 1226 1921 1248; x_wconf 82' lang='lat' dir='ltr'>a</span> <span class='ocrx_word' id='word_1_571' title='bbox 1942 1211 2097 1261; x_wconf 80' lang='lat' dir='ltr'>nequitia</span> <span class='ocrx_word' id='word_1_572' title='bbox 2120 1226 2213 1249; x_wconf 78' lang='lat' dir='ltr'>recc-</span> 
     </span>
     <span class='ocr_line' id='line_1_74' title="bbox 1226 1268 2210 1323; baseline 0.003 -18"><span class='ocrx_word' id='word_1_573' title='bbox 1226 1268 1329 1306; x_wconf 72' lang='lat' dir='ltr'>datis.</span> <span class='ocrx_word' id='word_1_574' title='bbox 1351 1270 1427 1307; x_wconf 87' lang='lat' dir='ltr'>Non</span> <span class='ocrx_word' id='word_1_575' title='bbox 1449 1284 1573 1308; x_wconf 81' lang='lat' dir='ltr'>accuso</span> <span class='ocrx_word' id='word_1_576' title='bbox 1593 1285 1650 1309; x_wconf 90' lang='lat' dir='ltr'>cos</span> <span class='ocrx_word' id='word_1_577' title='bbox 1678 1271 1738 1322; x_wconf 85' lang='lat' dir='ltr'>qui</span> <span class='ocrx_word' id='word_1_578' title='bbox 1758 1271 1882 1308; x_wconf 87' lang='lat' dir='ltr'>domos</span> <span class='ocrx_word' id='word_1_579' title='bbox 1917 1271 2058 1320; x_wconf 79' lang='lat' dir='ltr'>habent,</span> <span class='ocrx_word' id='word_1_580' title='bbox 2093 1287 2210 1323; x_wconf 67' lang='lat' dir='ltr'>agros,</span> 
     </span>
     <span class='ocr_line' id='line_1_75' title="bbox 1227 1329 2214 1381; baseline 0.005 -16"><span class='ocrx_word' id='word_1_581' title='bbox 1227 1329 1406 1381; x_wconf 82' lang='lat' dir='ltr'>pecunias,</span> <span class='ocrx_word' id='word_1_582' title='bbox 1445 1344 1585 1379; x_wconf 86' lang='lat' dir='ltr'>servos;</span> <span class='ocrx_word' id='word_1_583' title='bbox 1604 1332 1663 1369; x_wconf 90' lang='lat' dir='ltr'>sed</span> <span class='ocrx_word' id='word_1_584' title='bbox 1695 1331 1778 1369; x_wconf 74' lang='lat' dir='ltr'>volo</span> <span class='ocrx_word' id='word_1_585' title='bbox 1805 1341 1843 1369; x_wconf 90' lang='lat' dir='ltr'>ut</span> <span class='ocrx_word' id='word_1_586' title='bbox 1866 1332 1962 1370; x_wconf 86' lang='lat' dir='ltr'>licite</span> <span class='ocrx_word' id='word_1_587' title='bbox 1994 1343 2025 1370; x_wconf 80' lang='lat' dir='ltr'>et</span> <span class='ocrx_word' id='word_1_588' title='bbox 2047 1347 2127 1370; x_wconf 86' lang='lat' dir='ltr'>cum</span> <span class='ocrx_word' id='word_1_589' title='bbox 2154 1334 2214 1370; x_wconf 87' lang='lat' dir='ltr'>de-</span> 
     </span>
     <span class='ocr_line' id='line_1_76' title="bbox 1229 1391 2215 1442; baseline 0.002 -15"><span class='ocrx_word' id='word_1_590' title='bbox 1229 1404 1308 1428; x_wconf 88' lang='lat' dir='ltr'>core</span> <span class='ocrx_word' id='word_1_591' title='bbox 1330 1391 1390 1428; x_wconf 89' lang='lat' dir='ltr'>illa</span> <span class='ocrx_word' id='word_1_592' title='bbox 1415 1392 1635 1442; x_wconf 78' lang='lat' dir='ltr'>possideatis.</span> <span class='ocrx_word' id='word_1_593' title='bbox 1659 1393 1757 1439; x_wconf 87' lang='lat' dir='ltr'>Quid</span> <span class='ocrx_word' id='word_1_594' title='bbox 1789 1402 1853 1441; x_wconf 88' lang='lat' dir='ltr'>est,</span> <span class='ocrx_word' id='word_1_595' title='bbox 1888 1407 1969 1431; x_wconf 86' lang='lat' dir='ltr'>cum</span> <span class='ocrx_word' id='word_1_596' title='bbox 1990 1394 2139 1431; x_wconf 59' lang='lat' dir='ltr'>decores)</span> <span class='ocrx_word' id='word_1_597' title='bbox 2168 1396 2215 1431; x_wconf 46' lang='lat' dir='ltr'>[Vt</span> 
     </span>
     <span class='ocr_line' id='line_1_77' title="bbox 1229 1450 2215 1505; baseline 0.004 -18"><span class='ocrx_word' id='word_1_598' title='bbox 1229 1450 1380 1501; x_wconf 86' lang='lat' dir='ltr'>domini,</span> <span class='ocrx_word' id='word_1_599' title='bbox 1405 1465 1473 1489; x_wconf 86' lang='lat' dir='ltr'>non</span> <span class='ocrx_word' id='word_1_600' title='bbox 1494 1453 1586 1491; x_wconf 87' lang='lat' dir='ltr'>servi</span> <span class='ocrx_word' id='word_1_601' title='bbox 1608 1453 1752 1490; x_wconf 88' lang='lat' dir='ltr'>illorum</span> <span class='ocrx_word' id='word_1_602' title='bbox 1783 1454 1874 1504; x_wconf 89' lang='lat' dir='ltr'>sitis,</span> <span class='ocrx_word' id='word_1_603' title='bbox 1909 1464 1947 1491; x_wconf 91' lang='lat' dir='ltr'>ut</span> <span class='ocrx_word' id='word_1_604' title='bbox 1975 1469 2013 1491; x_wconf 79' lang='lat' dir='ltr'>ea</span> <span class='ocrx_word' id='word_1_605' title='bbox 2037 1453 2215 1505; x_wconf 76' lang='lat' dir='ltr'>possidea-</span> 
     </span>
     <span class='ocr_line' id='line_1_78' title="bbox 1230 1512 2215 1565; baseline 0.003 -16"><span class='ocrx_word' id='word_1_606' title='bbox 1230 1512 1286 1559; x_wconf 83' lang='lat' dir='ltr'>tis,</span> <span class='ocrx_word' id='word_1_607' title='bbox 1306 1526 1374 1549; x_wconf 92' lang='lat' dir='ltr'>non</span> <span class='ocrx_word' id='word_1_608' title='bbox 1395 1512 1457 1549; x_wconf 75' lang='lat' dir='ltr'>illa</span> <span class='ocrx_word' id='word_1_609' title='bbox 1486 1527 1548 1551; x_wconf 85' lang='lat' dir='ltr'>vos</span> <span class='ocrx_word' id='word_1_610' title='bbox 1566 1514 1784 1565; x_wconf 84' lang='lat' dir='ltr'>possideant;</span> <span class='ocrx_word' id='word_1_611' title='bbox 1807 1515 1850 1552; x_wconf 87' lang='lat' dir='ltr'>iis</span> <span class='ocrx_word' id='word_1_612' title='bbox 1880 1515 2043 1564; x_wconf 85' lang='lat' dir='ltr'>utamini,</span> <span class='ocrx_word' id='word_1_613' title='bbox 2067 1530 2134 1552; x_wconf 90' lang='lat' dir='ltr'>non</span> <span class='ocrx_word' id='word_1_614' title='bbox 2155 1516 2215 1552; x_wconf 79' lang='lat' dir='ltr'>ab·</span> 
     </span>
     <span class='ocr_line' id='line_1_79' title="bbox 1231 1573 2216 1627; baseline 0.005 -18"><span class='ocrx_word' id='word_1_615' title='bbox 1231 1573 1394 1610; x_wconf 73' lang='lat' dir='ltr'>utamini.</span> <span class='ocrx_word' id='word_1_616' title='bbox 1416 1575 1513 1627; x_wconf 83' lang='lat' dir='ltr'>Opes</span> <span class='ocrx_word' id='word_1_617' title='bbox 1541 1574 1621 1612; x_wconf 86' lang='lat' dir='ltr'>ideo</span> <span class='ocrx_word' id='word_1_618' title='bbox 1645 1575 1695 1613; x_wconf 90' lang='lat' dir='ltr'>sic</span> <span class='ocrx_word' id='word_1_619' title='bbox 1716 1584 1903 1626; x_wconf 77' lang='lat' dir='ltr'>vocantur,</span> <span class='ocrx_word' id='word_1_620' title='bbox 1926 1585 1965 1612; x_wconf 87' lang='lat' dir='ltr'>ut</span> <span class='ocrx_word' id='word_1_621' title='bbox 1994 1575 2037 1613; x_wconf 86' lang='lat' dir='ltr'>iis</span> <span class='ocrx_word' id='word_1_622' title='bbox 2059 1576 2091 1612; x_wconf 89' lang='lat' dir='ltr'>in</span> <span class='ocrx_word' id='word_1_623' title='bbox 2114 1590 2216 1627; x_wconf 66' lang='lat' dir='ltr'>opera</span> 
     </span>
     <span class='ocr_line' id='line_1_80' title="bbox 1229 1635 2219 1685; baseline 0.001 -12"><span class='ocrx_word' id='word_1_624' title='bbox 1229 1635 1422 1673; x_wconf 81' lang='lat' dir='ltr'>necessaria</span> <span class='ocrx_word' id='word_1_625' title='bbox 1442 1645 1596 1685; x_wconf 84' lang='lat' dir='ltr'>utamur,</span> <span class='ocrx_word' id='word_1_626' title='bbox 1616 1650 1686 1674; x_wconf 89' lang='lat' dir='ltr'>non</span> <span class='ocrx_word' id='word_1_627' title='bbox 1708 1646 1746 1674; x_wconf 85' lang='lat' dir='ltr'>ut</span> <span class='ocrx_word' id='word_1_628' title='bbox 1771 1637 1850 1674; x_wconf 81' lang='lat' dir='ltr'>illas</span> <span class='ocrx_word' id='word_1_629' title='bbox 1873 1637 2126 1675; x_wconf 72' lang='lat' dir='ltr'>custodiamus.</span> <span class='ocrx_word' id='word_1_630' title='bbox 2145 1639 2219 1676; x_wconf 73' lang='lat' dir='ltr'>Hm·</span> 
     </span>
     <span class='ocr_line' id='line_1_81' title="bbox 1231 1695 2218 1748; baseline 0.004 -16"><span class='ocrx_word' id='word_1_631' title='bbox 1231 1695 1364 1748; x_wconf 82' lang='lat' dir='ltr'>quippe</span> <span class='ocrx_word' id='word_1_632' title='bbox 1383 1696 1475 1735; x_wconf 83' lang='lat' dir='ltr'>servi</span> <span class='ocrx_word' id='word_1_633' title='bbox 1498 1707 1564 1747; x_wconf 88' lang='lat' dir='ltr'>est,</span> <span class='ocrx_word' id='word_1_634' title='bbox 1594 1697 1685 1735; x_wconf 91' lang='lat' dir='ltr'>illud</span> <span class='ocrx_word' id='word_1_635' title='bbox 1704 1698 1793 1736; x_wconf 88' lang='lat' dir='ltr'>heri.</span> <span class='ocrx_word' id='word_1_636' title='bbox 1814 1697 2016 1743; x_wconf 75' lang='lat' dir='ltr'>custodire,</span> <span class='ocrx_word' id='word_1_637' title='bbox 2040 1699 2130 1737; x_wconf 73' lang='lat' dir='ltr'>servi</span> <span class='ocrx_word' id='word_1_638' title='bbox 2151 1709 2218 1744; x_wconf 78' lang='lat' dir='ltr'>es[;</span> 
     </span>
     <span class='ocr_line' id='line_1_82' title="bbox 1232 1756 2220 1810; baseline 0.006 -16"><span class='ocrx_word' id='word_1_639' title='bbox 1232 1756 1448 1810; x_wconf 73' lang='lat' dir='ltr'>impendere,</span> <span class='ocrx_word' id='word_1_640' title='bbox 1470 1757 1545 1795; x_wconf 91' lang='lat' dir='ltr'>heri</span> <span class='ocrx_word' id='word_1_641' title='bbox 1563 1767 1596 1795; x_wconf 91' lang='lat' dir='ltr'>et</span> <span class='ocrx_word' id='word_1_642' title='bbox 1623 1768 1831 1810; x_wconf 82' lang='lat' dir='ltr'>potestatem</span> <span class='ocrx_word' id='word_1_643' title='bbox 1849 1759 2024 1796; x_wconf 82' lang='lat' dir='ltr'>habentis.</span> <span class='ocrx_word' id='word_1_644' title='bbox 2041 1760 2119 1797; x_wconf 83' lang='lat' dir='ltr'>Non</span> <span class='ocrx_word' id='word_1_645' title='bbox 2144 1760 2220 1800; x_wconf 78' lang='lat' dir='ltr'>idco</span> 
     </span>
     <span class='ocr_line' id='line_1_83' title="bbox 1232 1818 2219 1870; baseline 0.002 -15"><span class='ocrx_word' id='word_1_646' title='bbox 1232 1818 1409 1870; x_wconf 80' lang='lat' dir='ltr'>accepisti,</span> <span class='ocrx_word' id='word_1_647' title='bbox 1427 1827 1466 1855; x_wconf 90' lang='lat' dir='ltr'>ut</span> <span class='ocrx_word' id='word_1_648' title='bbox 1482 1818 1516 1855; x_wconf 91' lang='lat' dir='ltr'>in</span> <span class='ocrx_word' id='word_1_649' title='bbox 1537 1827 1669 1856; x_wconf 84' lang='lat' dir='ltr'>terram</span> <span class='ocrx_word' id='word_1_650' title='bbox 1684 1818 1857 1869; x_wconf 83' lang='lat' dir='ltr'>defodias,</span> <span class='ocrx_word' id='word_1_651' title='bbox 1881 1819 1941 1857; x_wconf 86' lang='lat' dir='ltr'>sed</span> <span class='ocrx_word' id='word_1_652' title='bbox 1958 1829 1995 1856; x_wconf 88' lang='lat' dir='ltr'>ut</span> <span class='ocrx_word' id='word_1_653' title='bbox 2014 1819 2219 1858; x_wconf 73' lang='lat' dir='ltr'>distribuas.</span> 
     </span>
     <span class='ocr_line' id='line_1_84' title="bbox 1234 1878 2222 1929; baseline 0.002 -13"><span class='ocrx_word' id='word_1_654' title='bbox 1234 1879 1272 1916; x_wconf 85' lang='lat' dir='ltr'>Si</span> <span class='ocrx_word' id='word_1_655' title='bbox 1287 1878 1394 1917; x_wconf 77' lang='lat' dir='ltr'>vellet</span> <span class='ocrx_word' id='word_1_656' title='bbox 1414 1880 1511 1916; x_wconf 89' lang='lat' dir='ltr'>Deus</span> <span class='ocrx_word' id='word_1_657' title='bbox 1534 1888 1572 1917; x_wconf 89' lang='lat' dir='ltr'>ut</span> <span class='ocrx_word' id='word_1_658' title='bbox 1590 1879 1660 1917; x_wconf 81' lang='lat' dir='ltr'>illae</span> <span class='ocrx_word' id='word_1_659' title='bbox 1675 1889 1911 1929; x_wconf 78' lang='lat' dir='ltr'>servarentur,</span> <span class='ocrx_word' id='word_1_660' title='bbox 1926 1894 1993 1918; x_wconf 90' lang='lat' dir='ltr'>non</span> <span class='ocrx_word' id='word_1_661' title='bbox 2015 1881 2222 1919; x_wconf 85' lang='lat' dir='ltr'>hominibus</span> 
     </span>
     <span class='ocr_line' id='line_1_85' title="bbox 1233 1941 2219 1991; baseline 0.003 -13"><span class='ocrx_word' id='word_1_662' title='bbox 1233 1941 1398 1991; x_wconf 87' lang='lat' dir='ltr'>dedisset,</span> <span class='ocrx_word' id='word_1_663' title='bbox 1417 1941 1479 1980; x_wconf 85' lang='lat' dir='ltr'>sed</span> <span class='ocrx_word' id='word_1_664' title='bbox 1496 1942 1530 1980; x_wconf 89' lang='lat' dir='ltr'>in</span> <span class='ocrx_word' id='word_1_665' title='bbox 1548 1952 1640 1981; x_wconf 81' lang='lat' dir='ltr'>terra</span> <span class='ocrx_word' id='word_1_666' title='bbox 1660 1944 1798 1981; x_wconf 83' lang='lat' dir='ltr'>occulta</span> <span class='ocrx_word' id='word_1_667' title='bbox 1828 1943 2032 1981; x_wconf 79' lang='lat' dir='ltr'>dimisisset.</span> <span class='ocrx_word' id='word_1_668' title='bbox 2050 1944 2144 1990; x_wconf 78' lang='lat' dir='ltr'>Quia</span> <span class='ocrx_word' id='word_1_669' title='bbox 2160 1959 2219 1982; x_wconf 79' lang='lat' dir='ltr'>au-</span> 
     </span>
     <span class='ocr_line' id='line_1_86' title="bbox 1234 2005 2223 2059; baseline 0.003 -17"><span class='ocrx_word' id='word_1_670' title='bbox 1234 2015 1304 2043; x_wconf 87' lang='lat' dir='ltr'>tem</span> <span class='ocrx_word' id='word_1_671' title='bbox 1320 2005 1398 2043; x_wconf 79' lang='lat' dir='ltr'>vult</span> <span class='ocrx_word' id='word_1_672' title='bbox 1421 2005 1501 2043; x_wconf 82' lang='lat' dir='ltr'>illas</span> <span class='ocrx_word' id='word_1_673' title='bbox 1526 2006 1699 2058; x_wconf 80' lang='lat' dir='ltr'>impendi,</span> <span class='ocrx_word' id='word_1_674' title='bbox 1720 2006 1799 2045; x_wconf 88' lang='lat' dir='ltr'>ideo</span> <span class='ocrx_word' id='word_1_675' title='bbox 1821 2006 1981 2059; x_wconf 83' lang='lat' dir='ltr'>permisit</span> <span class='ocrx_word' id='word_1_676' title='bbox 1998 2016 2036 2044; x_wconf 86' lang='lat' dir='ltr'>ut</span> <span class='ocrx_word' id='word_1_677' title='bbox 2057 2006 2136 2044; x_wconf 87' lang='lat' dir='ltr'>illas</span> <span class='ocrx_word' id='word_1_678' title='bbox 2160 2007 2223 2045; x_wconf 83' lang='lat' dir='ltr'>ha-</span> 
     </span>
     <span class='ocr_line' id='line_1_87' title="bbox 1232 2068 2223 2117; baseline 0 -11"><span class='ocrx_word' id='word_1_679' title='bbox 1232 2068 1412 2117; x_wconf 86' lang='lat' dir='ltr'>beremus,</span> <span class='ocrx_word' id='word_1_680' title='bbox 1448 2077 1487 2105; x_wconf 88' lang='lat' dir='ltr'>ut</span> <span class='ocrx_word' id='word_1_681' title='bbox 1512 2068 1592 2105; x_wconf 83' lang='lat' dir='ltr'>illas</span> <span class='ocrx_word' id='word_1_682' title='bbox 1625 2078 1749 2106; x_wconf 86' lang='lat' dir='ltr'>mutuo</span> <span class='ocrx_word' id='word_1_683' title='bbox 1783 2069 2136 2108; x_wconf 80' lang='lat' dir='ltr'>communicaremus.</span> <span class='ocrx_word' id='word_1_684' title='bbox 2161 2069 2223 2107; x_wconf 87' lang='lat' dir='ltr'>Sin</span> 
     </span>
     <span class='ocr_line' id='line_1_88' title="bbox 1233 2128 2222 2182; baseline 0 -15"><span class='ocrx_word' id='word_1_685' title='bbox 1233 2128 1330 2182; x_wconf 79' lang='lat' dir='ltr'>apud</span> <span class='ocrx_word' id='word_1_686' title='bbox 1351 2143 1414 2167; x_wconf 90' lang='lat' dir='ltr'>nos</span> <span class='ocrx_word' id='word_1_687' title='bbox 1444 2129 1657 2167; x_wconf 84' lang='lat' dir='ltr'>retineamus</span> <span class='ocrx_word' id='word_1_688' title='bbox 1690 2143 1759 2167; x_wconf 89' lang='lat' dir='ltr'>non</span> <span class='ocrx_word' id='word_1_689' title='bbox 1788 2129 1882 2167; x_wconf 84' lang='lat' dir='ltr'>ultra</span> <span class='ocrx_word' id='word_1_690' title='bbox 1913 2130 2049 2168; x_wconf 89' lang='lat' dir='ltr'>domini</span> <span class='ocrx_word' id='word_1_691' title='bbox 2080 2130 2222 2167; x_wconf 84' lang='lat' dir='ltr'>illarum</span> 
     </span>
     <span class='ocr_line' id='line_1_89' title="bbox 1233 2191 2222 2243; baseline 0.001 -15"><span class='ocrx_word' id='word_1_692' title='bbox 1233 2205 1366 2229; x_wconf 89' lang='lat' dir='ltr'>sumus.</span> <span class='ocrx_word' id='word_1_693' title='bbox 1393 2191 1431 2229; x_wconf 87' lang='lat' dir='ltr'>Si</span> <span class='ocrx_word' id='word_1_694' title='bbox 1455 2200 1574 2229; x_wconf 85' lang='lat' dir='ltr'>autem</span> <span class='ocrx_word' id='word_1_695' title='bbox 1599 2191 1678 2229; x_wconf 81' lang='lat' dir='ltr'>illas</span> <span class='ocrx_word' id='word_1_696' title='bbox 1693 2205 1824 2243; x_wconf 80' lang='lat' dir='ltr'>augere</span> <span class='ocrx_word' id='word_1_697' title='bbox 1849 2191 1949 2240; x_wconf 86' lang='lat' dir='ltr'>velis,</span> <span class='ocrx_word' id='word_1_698' title='bbox 1976 2191 2123 2242; x_wconf 84' lang='lat' dir='ltr'>ideoque</span> <span class='ocrx_word' id='word_1_699' title='bbox 2152 2206 2222 2229; x_wconf 85' lang='lat' dir='ltr'>ser-</span> 
     </span>
    </p>
   </div>
   <div class='ocr_carea' id='block_1_15' title="bbox 1233 2254 2220 2307">
    <p class='ocr_par' dir='ltr' id='par_1_15' title="bbox 1233 2254 2220 2307">
     <span class='ocr_line' id='line_1_90' title="bbox 1233 2254 2220 2307; baseline -0.001 -14"><span class='ocrx_word' id='word_1_700' title='bbox 1233 2269 1325 2293; x_wconf 81' lang='lat' dir='ltr'>vas:</span> <span class='ocrx_word' id='word_1_701' title='bbox 1351 2255 1413 2292; x_wconf 81' lang='lat' dir='ltr'>illa</span> <span class='ocrx_word' id='word_1_702' title='bbox 1434 2255 1591 2306; x_wconf 84' lang='lat' dir='ltr'>profecto</span> <span class='ocrx_word' id='word_1_703' title='bbox 1621 2254 1755 2307; x_wconf 70' lang='lat' dir='ltr'>optima</span> <span class='ocrx_word' id='word_1_704' title='bbox 1789 2255 1855 2293; x_wconf 88' lang='lat' dir='ltr'>erit</span> <span class='ocrx_word' id='word_1_705' title='bbox 1885 2255 2037 2306; x_wconf 80' lang='lat' dir='ltr'>augendi</span> <span class='ocrx_word' id='word_1_706' title='bbox 2067 2255 2168 2302; x_wconf 83' lang='lat' dir='ltr'>ratio,</span> <span class='ocrx_word' id='word_1_707' title='bbox 2191 2270 2220 2292; x_wconf 69' lang='grc' dir='ltr'>ει</span> 
     </span>
    </p>
   </div>
   <div class='ocr_carea' id='block_1_16' title="bbox 2213 2251 2318 2281">
    <p class='ocr_par' dir='ltr' id='par_1_16' title="bbox 2213 2251 2318 2281">
     <span class='ocr_line' id='line_1_91' title="bbox 2213 2251 2318 2281; baseline 0 -9"><span class='ocrx_word' id='word_1_708' title='bbox 2213 2255 2218 2260; x_wconf 94' lang='grc'><em>·</em></span> <span class='ocrx_word' id='word_1_709' title='bbox 2236 2251 2318 2281; x_wconf 65' lang='lat' dir='ltr'>auge!</span> 
     </span>
    </p>
   </div>
   <div class='ocr_carea' id='block_1_17' title="bbox 2249 2204 2426 2323">
    <p class='ocr_par' dir='ltr' id='par_1_17' title="bbox 2249 2204 2426 2323">
     <span class='ocr_line' id='line_1_92' title="bbox 2287 2204 2424 2229; baseline 0 0"><span class='ocrx_word' id='word_1_710' title='bbox 2287 2204 2424 2229; x_wconf 57' lang='lat' dir='ltr'>pecunius</span> 
     </span>
     <span class='ocr_line' id='line_1_93' title="bbox 2374 2245 2424 2279; baseline 0.02 -10"><span class='ocrx_word' id='word_1_711' title='bbox 2374 2245 2424 2279; x_wconf 81' lang='lat' dir='ltr'>qui</span> 
     </span>
     <span class='ocr_line' id='line_1_94' title="bbox 2249 2286 2426 2323; baseline 0 -12"><span class='ocrx_word' id='word_1_712' title='bbox 2249 2286 2426 2323; x_wconf 62' lang='lat' dir='ltr'>paupe-iilum</span> 
     </span>
    </p>
   </div>
   <div class='ocr_carea' id='block_1_18' title="bbox 1187 2316 2401 2369">
    <p class='ocr_par' dir='ltr' id='par_1_18' title="bbox 1187 2316 2401 2369">
     <span class='ocr_line' id='line_1_95' title="bbox 1187 2316 2401 2369; baseline -0.002 -14"><span class='ocrx_word' id='word_1_713' title='bbox 1187 2335 1211 2366; x_wconf 80' lang='lat' dir='ltr'>C</span> <span class='ocrx_word' id='word_1_714' title='bbox 1233 2316 1417 2369; x_wconf 82' lang='lat' dir='ltr'>dispergas</span> <span class='ocrx_word' id='word_1_715' title='bbox 1450 2326 1483 2355; x_wconf 89' lang='lat' dir='ltr'>et</span> <span class='ocrx_word' id='word_1_716' title='bbox 1526 2316 1684 2367; x_wconf 87' lang='lat' dir='ltr'>undique</span> <span class='ocrx_word' id='word_1_717' title='bbox 1716 2316 1927 2354; x_wconf 80' lang='lat' dir='ltr'>distribuas.</span> <span class='ocrx_word' id='word_1_718' title='bbox 1964 2316 2097 2353; x_wconf 84' lang='lat' dir='ltr'>Nullus</span> <span class='ocrx_word' id='word_1_719' title='bbox 2130 2316 2401 2356; x_wconf 70' lang='lat' dir='ltr'>enimdisu-ihuu.</span> 
     </span>
    </p>
   </div>
   <div class='ocr_carea' id='block_1_19' title="bbox 1234 2376 2232 3281">
    <p class='ocr_par' dir='ltr' id='par_1_19' title="bbox 1234 2376 2232 3281">
     <span class='ocr_line' id='line_1_96' title="bbox 1234 2376 2225 2431; baseline 0 -16"><span class='ocrx_word' id='word_1_720' title='bbox 1234 2387 1428 2431; x_wconf 85' lang='lat' dir='ltr'>proventus</span> <span class='ocrx_word' id='word_1_721' title='bbox 1454 2378 1528 2415; x_wconf 90' lang='lat' dir='ltr'>sine</span> <span class='ocrx_word' id='word_1_722' title='bbox 1558 2386 1692 2426; x_wconf 88' lang='lat' dir='ltr'>sumtu,</span> <span class='ocrx_word' id='word_1_723' title='bbox 1708 2378 1816 2414; x_wconf 83' lang='lat' dir='ltr'>nullae</span> <span class='ocrx_word' id='word_1_724' title='bbox 1844 2376 1979 2415; x_wconf 66' lang='lat' dir='ltr'>divitiae</span> <span class='ocrx_word' id='word_1_725' title='bbox 2004 2376 2079 2413; x_wconf 88' lang='lat' dir='ltr'>sine</span> <span class='ocrx_word' id='word_1_726' title='bbox 2095 2391 2225 2429; x_wconf 81' lang='lat' dir='ltr'>expen-</span> 
     </span>
     <span class='ocr_line' id='line_1_97' title="bbox 1234 2436 2226 2490; baseline 0 -14"><span class='ocrx_word' id='word_1_727' title='bbox 1234 2454 1271 2477; x_wconf 83' lang='lat' dir='ltr'>sa</span> <span class='ocrx_word' id='word_1_728' title='bbox 1289 2455 1295 2475; x_wconf 93' lang='lat'>:</span> <span class='ocrx_word' id='word_1_729' title='bbox 1331 2438 1368 2476; x_wconf 84' lang='lat' dir='ltr'>id</span> <span class='ocrx_word' id='word_1_730' title='bbox 1386 2438 1482 2490; x_wconf 89' lang='lat' dir='ltr'>quod</span> <span class='ocrx_word' id='word_1_731' title='bbox 1502 2439 1537 2476; x_wconf 91' lang='lat' dir='ltr'>in</span> <span class='ocrx_word' id='word_1_732' title='bbox 1558 2439 1662 2476; x_wconf 84' lang='lat' dir='ltr'>rebus</span> <span class='ocrx_word' id='word_1_733' title='bbox 1691 2438 1921 2475; x_wconf 66' lang='lat' dir='ltr'>saecularibus</span> <span class='ocrx_word' id='word_1_734' title='bbox 1943 2436 2063 2475; x_wconf 85' lang='lat' dir='ltr'>videre</span> <span class='ocrx_word' id='word_1_735' title='bbox 2081 2446 2143 2475; x_wconf 87' lang='lat' dir='ltr'>est.</span> <span class='ocrx_word' id='word_1_736' title='bbox 2167 2438 2226 2476; x_wconf 77' lang='lat' dir='ltr'>Sic</span> 
     </span>
     <span class='ocr_line' id='line_1_98' title="bbox 1235 2498 2225 2551; baseline -0.001 -14"><span class='ocrx_word' id='word_1_737' title='bbox 1235 2509 1422 2549; x_wconf 85' lang='lat' dir='ltr'>mereator,</span> <span class='ocrx_word' id='word_1_738' title='bbox 1446 2500 1496 2537; x_wconf 86' lang='lat' dir='ltr'>sic</span> <span class='ocrx_word' id='word_1_739' title='bbox 1522 2499 1676 2550; x_wconf 81' lang='lat' dir='ltr'>agricola</span> <span class='ocrx_word' id='word_1_740' title='bbox 1708 2498 1814 2548; x_wconf 64' lang='lat' dir='ltr'>facit,</span> <span class='ocrx_word' id='word_1_741' title='bbox 1836 2498 1895 2535; x_wconf 86' lang='lat' dir='ltr'>hic</span> <span class='ocrx_word' id='word_1_742' title='bbox 1926 2498 2073 2549; x_wconf 83' lang='lat' dir='ltr'>semina,</span> <span class='ocrx_word' id='word_1_743' title='bbox 2089 2498 2150 2536; x_wconf 90' lang='lat' dir='ltr'>ille</span> <span class='ocrx_word' id='word_1_744' title='bbox 2170 2514 2225 2551; x_wconf 86' lang='lat' dir='ltr'>pe-</span> 
     </span>
     <span class='ocr_line' id='line_1_99' title="bbox 1236 2558 2227 2611; baseline -0.001 -13"><span class='ocrx_word' id='word_1_745' title='bbox 1236 2560 1357 2598; x_wconf 85' lang='lat' dir='ltr'>cunias</span> <span class='ocrx_word' id='word_1_746' title='bbox 1391 2559 1553 2611; x_wconf 79' lang='lat' dir='ltr'>spargit:</span> <span class='ocrx_word' id='word_1_747' title='bbox 1580 2559 1640 2595; x_wconf 86' lang='lat' dir='ltr'>ille</span> <span class='ocrx_word' id='word_1_748' title='bbox 1673 2558 1818 2609; x_wconf 79' lang='lat' dir='ltr'>navigat</span> <span class='ocrx_word' id='word_1_749' title='bbox 1841 2568 1875 2596; x_wconf 90' lang='lat' dir='ltr'>et</span> <span class='ocrx_word' id='word_1_750' title='bbox 1894 2559 2061 2611; x_wconf 82' lang='lat' dir='ltr'>pecunias</span> <span class='ocrx_word' id='word_1_751' title='bbox 2090 2560 2227 2611; x_wconf 85' lang='lat' dir='ltr'>impen-</span> 
     </span>
     <span class='ocr_line' id='line_1_100' title="bbox 1235 2618 2222 2672; baseline -0.001 -14"><span class='ocrx_word' id='word_1_752' title='bbox 1235 2621 1299 2669; x_wconf 81' lang='lat' dir='ltr'>dit,</span> <span class='ocrx_word' id='word_1_753' title='bbox 1315 2621 1373 2658; x_wconf 89' lang='lat' dir='ltr'>hic</span> <span class='ocrx_word' id='word_1_754' title='bbox 1401 2634 1463 2672; x_wconf 87' lang='lat' dir='ltr'>per</span> <span class='ocrx_word' id='word_1_755' title='bbox 1493 2629 1607 2657; x_wconf 87' lang='lat' dir='ltr'>totum</span> <span class='ocrx_word' id='word_1_756' title='bbox 1633 2618 1771 2657; x_wconf 82' lang='lat' dir='ltr'>laborat</span> <span class='ocrx_word' id='word_1_757' title='bbox 1801 2633 1944 2670; x_wconf 85' lang='lat' dir='ltr'>annum,</span> <span class='ocrx_word' id='word_1_758' title='bbox 1967 2620 2063 2670; x_wconf 87' lang='lat' dir='ltr'>serit,</span> <span class='ocrx_word' id='word_1_759' title='bbox 2077 2621 2222 2658; x_wconf 79' lang='lat' dir='ltr'>excolit.</span> 
     </span>
     <span class='ocr_line' id='line_1_101' title="bbox 1237 2681 2227 2734; baseline 0 -15"><span class='ocrx_word' id='word_1_760' title='bbox 1237 2682 1305 2720; x_wconf 88' lang='lat' dir='ltr'>Hic</span> <span class='ocrx_word' id='word_1_761' title='bbox 1335 2690 1454 2718; x_wconf 85' lang='lat' dir='ltr'>autem</span> <span class='ocrx_word' id='word_1_762' title='bbox 1477 2681 1577 2718; x_wconf 88' lang='lat' dir='ltr'>nullo</span> <span class='ocrx_word' id='word_1_763' title='bbox 1596 2694 1717 2718; x_wconf 89' lang='lat' dir='ltr'>eorum</span> <span class='ocrx_word' id='word_1_764' title='bbox 1737 2689 1788 2718; x_wconf 87' lang='lat' dir='ltr'>est</span> <span class='ocrx_word' id='word_1_765' title='bbox 1807 2694 1915 2733; x_wconf 80' lang='lat' dir='ltr'>opus;</span> <span class='ocrx_word' id='word_1_766' title='bbox 1932 2696 2000 2720; x_wconf 89' lang='lat' dir='ltr'>non</span> <span class='ocrx_word' id='word_1_767' title='bbox 2023 2681 2227 2734; x_wconf 79' lang='lat' dir='ltr'>apparanda</span> 
     </span>
     <span class='ocr_line' id='line_1_102' title="bbox 1238 2741 2227 2794; baseline -0.001 -14"><span class='ocrx_word' id='word_1_768' title='bbox 1238 2742 1338 2780; x_wconf 86' lang='lat' dir='ltr'>navis</span> <span class='ocrx_word' id='word_1_769' title='bbox 1365 2751 1428 2791; x_wconf 88' lang='lat' dir='ltr'>est,</span> <span class='ocrx_word' id='word_1_770' title='bbox 1451 2755 1521 2780; x_wconf 91' lang='lat' dir='ltr'>non</span> <span class='ocrx_word' id='word_1_771' title='bbox 1545 2741 1721 2794; x_wconf 82' lang='lat' dir='ltr'>jungendi</span> <span class='ocrx_word' id='word_1_772' title='bbox 1746 2741 1856 2781; x_wconf 88' lang='lat' dir='ltr'>boves</span> <span class='ocrx_word' id='word_1_773' title='bbox 1883 2752 1976 2792; x_wconf 90' lang='lat' dir='ltr'>sunt,</span> <span class='ocrx_word' id='word_1_774' title='bbox 1996 2756 2065 2781; x_wconf 89' lang='lat' dir='ltr'>non</span> <span class='ocrx_word' id='word_1_775' title='bbox 2096 2743 2227 2780; x_wconf 74' lang='lat' dir='ltr'>aranda</span> 
     </span>
     <span class='ocr_line' id='line_1_103' title="bbox 1237 2803 2228 2856; baseline 0 -15"><span class='ocrx_word' id='word_1_776' title='bbox 1237 2814 1343 2852; x_wconf 81' lang='lat' dir='ltr'>terra,</span> <span class='ocrx_word' id='word_1_777' title='bbox 1351 2817 1420 2842; x_wconf 91' lang='lat' dir='ltr'>non</span> <span class='ocrx_word' id='word_1_778' title='bbox 1431 2803 1521 2842; x_wconf 84' lang='lat' dir='ltr'>aeris</span> <span class='ocrx_word' id='word_1_779' title='bbox 1535 2803 1758 2856; x_wconf 86' lang='lat' dir='ltr'>intemperies</span> <span class='ocrx_word' id='word_1_780' title='bbox 1767 2803 2000 2855; x_wconf 82' lang='lat' dir='ltr'>observanda,</span> <span class='ocrx_word' id='word_1_781' title='bbox 2010 2818 2078 2842; x_wconf 91' lang='lat' dir='ltr'>non</span> <span class='ocrx_word' id='word_1_782' title='bbox 2093 2803 2228 2855; x_wconf 79' lang='lat' dir='ltr'>grando</span> 
     </span>
     <span class='ocr_line' id='line_1_104' title="bbox 1240 2864 2230 2917; baseline 0 -15"><span class='ocrx_word' id='word_1_783' title='bbox 1240 2865 1408 2903; x_wconf 84' lang='lat' dir='ltr'>timenda.</span> <span class='ocrx_word' id='word_1_784' title='bbox 1429 2865 1508 2902; x_wconf 88' lang='lat' dir='ltr'>Non</span> <span class='ocrx_word' id='word_1_785' title='bbox 1533 2864 1593 2903; x_wconf 87' lang='lat' dir='ltr'>hic</span> <span class='ocrx_word' id='word_1_786' title='bbox 1622 2864 1754 2902; x_wconf 85' lang='lat' dir='ltr'>fluctus</span> <span class='ocrx_word' id='word_1_787' title='bbox 1778 2873 1872 2914; x_wconf 87' lang='lat' dir='ltr'>sunt,</span> <span class='ocrx_word' id='word_1_788' title='bbox 1888 2878 1958 2902; x_wconf 89' lang='lat' dir='ltr'>non</span> <span class='ocrx_word' id='word_1_789' title='bbox 1981 2865 2128 2917; x_wconf 82' lang='lat' dir='ltr'>scopuli.</span> <span class='ocrx_word' id='word_1_790' title='bbox 2147 2865 2230 2902; x_wconf 81' lang='lat' dir='ltr'>Haec</span> 
     </span>
     <span class='ocr_line' id='line_1_105' title="bbox 1240 2925 2230 2979; baseline 0 -16"><span class='ocrx_word' id='word_1_791' title='bbox 1240 2926 1434 2977; x_wconf 82' lang='lat' dir='ltr'>navigatiO,</span> <span class='ocrx_word' id='word_1_792' title='bbox 1453 2925 1528 2964; x_wconf 82' lang='lat' dir='ltr'>haec</span> <span class='ocrx_word' id='word_1_793' title='bbox 1554 2925 1732 2976; x_wconf 86' lang='lat' dir='ltr'>sementis,</span> <span class='ocrx_word' id='word_1_794' title='bbox 1748 2925 1817 2964; x_wconf 88' lang='lat' dir='ltr'>hoc</span> <span class='ocrx_word' id='word_1_795' title='bbox 1842 2940 1911 2963; x_wconf 90' lang='lat' dir='ltr'>uno</span> <span class='ocrx_word' id='word_1_796' title='bbox 1936 2940 2027 2979; x_wconf 87' lang='lat' dir='ltr'>opus</span> <span class='ocrx_word' id='word_1_797' title='bbox 2050 2926 2170 2974; x_wconf 78' lang='lat' dir='ltr'>habet,</span> <span class='ocrx_word' id='word_1_798' title='bbox 2191 2935 2230 2963; x_wconf 86' lang='lat' dir='ltr'>ut</span> 
     </span>
     <span class='ocr_line' id='line_1_106' title="bbox 1240 2986 2230 3039; baseline -0.002 -14"><span class='ocrx_word' id='word_1_799' title='bbox 1240 2988 1423 3026; x_wconf 79' lang='lat' dir='ltr'>facultates</span> <span class='ocrx_word' id='word_1_800' title='bbox 1446 2986 1709 3039; x_wconf 84' lang='lat' dir='ltr'>dispergantur;</span> <span class='ocrx_word' id='word_1_801' title='bbox 1731 2995 1854 3024; x_wconf 83' lang='lat' dir='ltr'>caetera</span> <span class='ocrx_word' id='word_1_802' title='bbox 1887 3000 1971 3024; x_wconf 82' lang='lat' dir='ltr'>vero</span> <span class='ocrx_word' id='word_1_803' title='bbox 1997 2986 2114 3024; x_wconf 85' lang='lat' dir='ltr'>omnia</span> <span class='ocrx_word' id='word_1_804' title='bbox 2131 2986 2230 3037; x_wconf 71' lang='lat' dir='ltr'>agri-</span> 
     </span>
     <span class='ocr_line' id='line_1_107' title="bbox 1243 3047 2230 3098; baseline -0.003 -12"><span class='ocrx_word' id='word_1_805' title='bbox 1243 3049 1318 3087; x_wconf 88' lang='lat' dir='ltr'>cola</span> <span class='ocrx_word' id='word_1_806' title='bbox 1333 3048 1394 3086; x_wconf 87' lang='lat' dir='ltr'>ille</span> <span class='ocrx_word' id='word_1_807' title='bbox 1412 3047 1564 3097; x_wconf 81' lang='lat' dir='ltr'>curabit,</span> <span class='ocrx_word' id='word_1_808' title='bbox 1577 3047 1622 3085; x_wconf 91' lang='lat' dir='ltr'>de</span> <span class='ocrx_word' id='word_1_809' title='bbox 1639 3061 1710 3098; x_wconf 90' lang='lat' dir='ltr'>quo</span> <span class='ocrx_word' id='word_1_810' title='bbox 1726 3047 1775 3085; x_wconf 82' lang='lat' dir='ltr'>ait</span> <span class='ocrx_word' id='word_1_811' title='bbox 1790 3047 1954 3085; x_wconf 85' lang='lat' dir='ltr'>Christus</span> <span class='ocrx_word' id='word_1_812' title='bbox 1968 3063 1975 3083; x_wconf 91' lang='lat'>:</span> <span class='ocrx_word' id='word_1_813' title='bbox 1991 3049 2113 3085; x_wconf 79' lang='lat' dir='ltr'>Pater</span> <span class='ocrx_word' id='word_1_814' title='bbox 2125 3060 2230 3084; x_wconf 76' lang='lat' dir='ltr'>meus</span> 
     </span>
     <span class='ocr_line' id='line_1_108' title="bbox 1241 3107 2230 3163; baseline -0.005 -14"><span class='ocrx_word' id='word_1_815' title='bbox 1241 3109 1415 3163; x_wconf 71' lang='lat' dir='ltr'>agricola</span> <span class='ocrx_word' id='word_1_816' title='bbox 1431 3119 1500 3148; x_wconf 83' lang='lat' dir='ltr'>est.</span> <span class='ocrx_word' id='word_1_817' title='bbox 1519 3108 1708 3156; x_wconf 87' lang='lat' dir='ltr'>Quomodo</span> <span class='ocrx_word' id='word_1_818' title='bbox 1728 3108 1926 3146; x_wconf 81' lang='lat' dir='ltr'>absurdum</span> <span class='ocrx_word' id='word_1_819' title='bbox 1945 3122 2013 3146; x_wconf 90' lang='lat' dir='ltr'>non</span> <span class='ocrx_word' id='word_1_820' title='bbox 2036 3107 2154 3156; x_wconf 88' lang='lat' dir='ltr'>fuerit,</span> <span class='ocrx_word' id='word_1_821' title='bbox 2168 3107 2230 3144; x_wconf 85' lang='lat' dir='ltr'>uhi</span> 
     </span>
     <span class='ocr_line' id='line_1_109' title="bbox 1241 3168 2232 3221; baseline -0.004 -11"><span class='ocrx_word' id='word_1_822' title='bbox 1241 3172 1317 3211; x_wconf 87' lang='lat' dir='ltr'>sine</span> <span class='ocrx_word' id='word_1_823' title='bbox 1341 3171 1462 3210; x_wconf 83' lang='lat' dir='ltr'>labore</span> <span class='ocrx_word' id='word_1_824' title='bbox 1485 3170 1603 3209; x_wconf 83' lang='lat' dir='ltr'>omnia</span> <span class='ocrx_word' id='word_1_825' title='bbox 1631 3183 1769 3208; x_wconf 89' lang='lat' dir='ltr'>sumere</span> <span class='ocrx_word' id='word_1_826' title='bbox 1796 3184 1997 3221; x_wconf 86' lang='lat' dir='ltr'>possumus,</span> <span class='ocrx_word' id='word_1_827' title='bbox 2021 3168 2165 3221; x_wconf 87' lang='lat' dir='ltr'>supinos</span> <span class='ocrx_word' id='word_1_828' title='bbox 2198 3177 2232 3206; x_wconf 89' lang='lat' dir='ltr'>ct</span> 
     </span>
     <span class='ocr_line' id='line_1_110' title="bbox 1242 3228 2230 3281; baseline -0.006 -8"><span class='ocrx_word' id='word_1_829' title='bbox 1242 3233 1431 3273; x_wconf 85' lang='lat' dir='ltr'>oscitantes</span> <span class='ocrx_word' id='word_1_830' title='bbox 1449 3245 1590 3271; x_wconf 85' lang='lat' dir='ltr'>manere</span> <span class='ocrx_word' id='word_1_831' title='bbox 1602 3246 1612 3281; x_wconf 89' lang='lat'>;</span> <span class='ocrx_word' id='word_1_832' title='bbox 1632 3230 1694 3269; x_wconf 84' lang='lat' dir='ltr'>ubi</span> <span class='ocrx_word' id='word_1_833' title='bbox 1713 3245 1797 3269; x_wconf 88' lang='lat' dir='ltr'>vero</span> <span class='ocrx_word' id='word_1_834' title='bbox 1818 3229 1922 3267; x_wconf 86' lang='lat' dir='ltr'>multi</span> <span class='ocrx_word' id='word_1_835' title='bbox 1946 3229 2105 3278; x_wconf 80' lang='lat' dir='ltr'>sudores,</span> <span class='ocrx_word' id='word_1_836' title='bbox 2126 3228 2230 3267; x_wconf 78' lang='lat' dir='ltr'>laho-</span> 
     </span>
    </p>
   </div>
   <div class='ocr_carea' id='block_1_20' title="bbox 1194 3054 1218 3083">
    <p class='ocr_par' dir='ltr' id='par_1_20' title="bbox 1194 3054 1218 3083">
     <span class='ocr_line' id='line_1_111' title="bbox 1194 3054 1218 3083; baseline 0 0"><span class='ocrx_word' id='word_1_837' title='bbox 1194 3054 1218 3083; x_wconf 92' lang='lat' dir='ltr'>D</span> 
     </span>
    </p>
   </div>
   <div class='ocr_carea' id='block_1_21' title="bbox 1266 3355 2014 3452">
    <p class='ocr_par' dir='ltr' id='par_1_21' title="bbox 1266 3355 2014 3452">
     <span class='ocr_line' id='line_1_112' title="bbox 1266 3355 2014 3399; baseline -0.003 -12"><span class='ocrx_word' id='word_1_838' title='bbox 1266 3367 1279 3381; x_wconf 61' lang='grc' dir='ltr'>ι·</span> <span class='ocrx_word' id='word_1_839' title='bbox 1304 3355 1364 3388; x_wconf 76' lang='lat' dir='ltr'>Alii</span> <span class='ocrx_word' id='word_1_840' title='bbox 1379 3359 1539 3399; x_wconf 58' lang='grc' dir='ltr'>ἀσφαλείας</span> <span class='ocrx_word' id='word_1_841' title='bbox 1555 3357 1666 3391; x_wconf 76' lang='grc' dir='ltr'>τούτοις</span> <span class='ocrx_word' id='word_1_842' title='bbox 1682 3357 1842 3397; x_wconf 68' lang='grc' dir='ltr'>κεχρῆσθαι</span> <span class='ocrx_word' id='word_1_843' title='bbox 1852 3355 2014 3394; x_wconf 65' lang='grc' dir='ltr'>βούλομαι.</span> 
     </span>
     <span class='ocr_line' id='line_1_113' title="bbox 1268 3402 1898 3452; baseline -0.014 -10"><span class='ocrx_word' id='word_1_844' title='bbox 1268 3409 1281 3422; x_wconf 62' lang='grc'><strong>“</strong></span> <span class='ocrx_word' id='word_1_845' title='bbox 1299 3409 1397 3449; x_wconf 71' lang='grc' dir='ltr'>[ὥστε</span> <span class='ocrx_word' id='word_1_846' title='bbox 1416 3422 1518 3452; x_wconf 62' lang='lat' dir='ltr'>cmpre-</span> <span class='ocrx_word' id='word_1_847' title='bbox 1537 3405 1636 3439; x_wconf 74' lang='lat' dir='ltr'>Savil.</span> <span class='ocrx_word' id='word_1_848' title='bbox 1654 3412 1687 3437; x_wconf 78' lang='lat' dir='ltr'>et</span> <span class='ocrx_word' id='word_1_849' title='bbox 1699 3402 1807 3437; x_wconf 80' lang='lat' dir='ltr'>Codd¹</span> <span class='ocrx_word' id='word_1_850' title='bbox 1822 3404 1898 3445; x_wconf 57' lang='lat' dir='ltr'>cit]</span> 
     </span>
    </p>
   </div>
  </div>
 </body>
</html>
