2481 3678
622 209 665 238 m
704 207 914 237 JOANNEM
952 205 1109 235 HOMIL.

89 295 198 344 οἱρχῆς
217 296 326 330 ταῦτα
342 292 435 329 ἰδεῖν.
463 282 591 335 Εἶπεν,
612 287 656 326 Ὁ
676 288 803 339 Πατήρ
821 303 886 338 μου
911 287 1109 340 ἐργάζεται,

88 353 186 405 κάγὼ
201 354 388 406 ἐργάζομαι
399 367 406 374 ·
422 349 553 393 δεικνὺς
572 352 610 388 ἐκ
629 348 748 387 τούτου
762 349 801 386 τὸ
814 348 885 387 ἴσον
902 348 961 386 καὶ
976 347 1015 384 τὸ
1029 345 1110 397 ὁμό-

86 430 199 466 τιμον·
219 415 287 453 Καὶ
301 413 440 459 ἐζήτουν
461 412 562 450 αὑτὸν
586 413 797 451 ἀποκτεῖναι.
814 410 988 450 Τίλοιπὸν
999 412 1089 447 ποιεῖ
1100 423 1110 454 ;

85 477 141 526 Ῑῇ
157 476 247 519 λέξει
264 474 325 525 μὲν
347 473 536 526 καθυφίησι
549 504 558 521 ,
586 472 630 511 τὰ
650 472 809 523 νοήματα
827 472 862 510 δὲ
883 471 928 509 τὰ
948 470 1036 507 αὐτὰ
1054 468 1108 506 τί·

86 541 198 584 Οησιν,
214 536 303 574 οὕτω
320 535 443 586 λέγων·
454 537 506 573 Οὐ
521 534 663 572 δύναται
675 535 784 577 ὁΥἱὸς
793 538 903 571 ποιεῖν
918 534 975 582 ἀφ’
987 533 1109 567 ἑαυτοῦ

83 597 193 636 οὐδέν.
209 590 298 634 Εἶτα
322 595 426 634 πάλιν
447 595 505 634 ἐπὶ
528 596 572 633 τὰ
591 595 708 647 ὑψηλὰ
723 594 842 645 ἀνάγει
861 592 919 630 τὸν
934 591 1048 642 λόγον,
1067 590 1109 629 Ἃ

82 659 149 711 γὰρ
170 659 209 696 ἂν
228 661 354 702 ἐκεῖνος
376 661 458 710 ποιῇ
470 688 479 705 ,
507 662 616 695 ταῦτα
634 657 693 695 καὶ
708 659 725 694 ὃ
744 656 827 698 Υἱὸς
851 653 977 704 ὁμοίως
995 658 1109 700 ποιεῖ,

81 719 204 771 λέγων.
221 713 309 757 Εἶτα
327 719 430 757 πάλιν
447 718 502 757 ἐπὶ
516 718 555 756 τὸ
574 716 812 768 ταπεινότερον
825 731 833 738 ·
843 715 887 753 Ὁ
901 714 967 767 γὰρ
982 714 1109 767 Πατὴρ

82 782 203 832 ἀγαπᾷ
217 780 274 817 τὸν
290 779 387 827 Υἱὸν,
413 779 472 817 καὶ
496 778 609 816 πάντα
634 776 801 815 δείκνυσιν
823 778 918 827 αὐτῷ
949 775 971 813 ἃ
1008 775 1109 818 αὐτὸς

82 846 191 878 ποιεῖ·
212 840 270 877 καὶ
294 840 434 890 μείζονα
461 838 588 877 τούτων
617 836 718 880 δείξει
741 839 846 890 αὐτῷ.
882 829 971 874 Εἶτα
1001 836 1108 874 πάλιν

82 903 140 940 ἐπὶ
165 902 204 940 τὸ
225 901 452 953 ὑψηλότερον·
466 900 606 952 Ἵξσπερ
624 899 690 952 γὰρ
714 902 731 937 ὃ
748 898 873 951 Πατὴρ
890 899 1013 952 ἐγείρει
1031 898 1110 942 τοὺς

81 961 220 1015 νεκροὺς
238 962 296 999 καὶ
313 965 492 1007 ζωοποιεῖ,
514 960 604 999 οὕτω
624 960 683 997 καὶ
703 962 720 997 ὃ
736 959 817 1003 Υἱὸς
835 959 891 1003 οὒς
913 960 1003 998 θέλει
1023 962 1108 1004 ζωο-

81 1030 183 1061 ποιεῖ.
201 1023 270 1061 Καὶ
287 1023 375 1074 μετὰ
393 1027 493 1061 τοῦτο
507 1022 612 1060 πάλιν
628 1021 685 1059 ἐπὶ
702 1021 740 1059 τὸ
760 1023 921 1061 ταπεινὸν
941 1025 1027 1074 ὁμοῦ
1049 1021 1109 1060 καὶ

83 1083 228 1138 ὑψηλόν·
247 1083 340 1123 Οὐδὲ
362 1083 428 1136 γὰρ
450 1087 467 1121 ὃ
489 1083 616 1136 Πατὴρ
634 1082 741 1134 κρίνει
765 1083 906 1130 οὐδένα,
934 1082 1024 1120 ἀλλὰ
1043 1081 1108 1128 τὴν

80 1146 193 1197 κρίσιν
212 1152 328 1184 πᾶσαν
340 1146 447 1183 ἔδωκε
460 1148 510 1197 τῷ
526 1145 614 1197 Υἱῷ.
632 1138 721 1182 Εἶτα
737 1144 794 1181 ἐπὶ
816 1144 855 1182 τὸ
874 1144 1085 1197 ὑψηλότερον
1099 1159 1106 1166 ·

81 1206 158 1244 Ἵνα
171 1207 297 1250 πάντες
315 1208 444 1257 τιμῶσι
464 1206 521 1244 τὸν
539 1206 636 1253 Υἱὸν,
653 1204 766 1248 καθὼς
794 1207 924 1256 τιμῶσι
955 1206 1012 1244 τὸν
1030 1206 1106 1242 Πα-

1150 206 1307 234 xxxnx.
1347 188 1407 233 al.
1447 204 1633 234 xxxviu.
2075 192 2155 238 261

1181 298 1277 323 vare.
1305 284 1427 322 Dixit.
1449 286 1571 322 Pater
1590 298 1695 323 meus
1716 293 1908 335 operatur,
1938 294 1973 322 et
1995 301 2061 337 ego
2081 301 2166 339 ope-

1181 358 1267 391 ror,·
1285 354 1319 384 et
1336 346 1393 384 his
1413 346 1533 384 verbis
1552 346 1790 397 aequalitatem
1808 355 1842 383 et
1857 360 1977 397 parem
1995 347 2165 386 honorem

1181 407 1334 446 ostendit
1354 425 1362 446 z
1388 410 1442 447 Et
1461 410 1684 461 quaerebant
1704 422 1789 447 eum
1808 408 2034 460 interficere.
2065 410 2166 455 Quid

1180 469 1346 522 deinceps
1369 471 1466 522 agit‘:>
1498 470 1620 510 Verba
1644 479 1869 522 attemperat,
1901 470 2066 509 eumdem
2085 486 2163 509 sen-

1180 543 1260 567 sum
1276 530 1448 579 retinens,
1469 531 1558 569 dum
1582 531 1650 569 ait:
1670 533 1760 570 Non
1776 540 1900 583 potest
1916 533 2043 571 Filius
2064 547 2089 570 a
2109 547 2163 571 se-

1179 594 1260 642 ipso
1279 594 1421 645 facere
1445 594 1668 646 quidquam.
1702 592 1839 631 Deinde
1863 607 2008 632 rursum
2038 595 2084 633 ad
2108 610 2167 633 su-

1179 653 1304 692 blimia
1326 654 1420 692 redit
1436 671 1443 692 :
1469 657 1561 706 Quoe
1581 658 1682 693 enim
1694 656 1926 708 illesecerit,
1947 658 2028 694 hoec
2047 666 2083 695 et
2098 660 2136 695 F
2136 661 2166 695 i-

1181 714 1254 753 lius
1276 717 1454 754 similiter
1461 717 1583 770 facit.
1607 717 1690 754 Post
1708 717 1785 754 haec
1809 730 1932 755 rursus
1949 717 1995 755 ad
2015 718 2166 756 humilia

1179 775 1380 815 descendit:
1401 779 1523 816 Pater
1536 781 1640 816 enim
1655 779 1784 830 diligit
1797 779 1944 816 Filium
1952 809 1964 826 ,
1987 788 2023 817 et
2035 782 2167 817 omnia

1179 839 1417 877 demonstrat
1435 842 1469 876 ei
1485 853 1732 892 quaecumque
1734 840 1842 892 facit
1850 856 1865 885 ;
1885 848 1921 878 et
1940 843 2091 894 majora
2107 843 2168 879 his

1178 901 1459 940 demonstrabit
1478 904 1525 939 ei.
1550 901 1644 939 Hinc
1663 915 1807 940 rursum
1827 901 2034 940 sublimiora
2051 902 2138 941 dicit
2157 919 2165 939 :

1177 962 1282 1000 Sicut
1300 965 1404 1000 enim
1423 964 1546 1001 Patet·
1564 965 1725 1001 suscitat
1740 972 1909 1002 mortuos
1921 972 1957 1001 et
1972 964 2164 1016 vivificat,

1178 1026 1233 1063 sic
1253 1033 1289 1063 et
1320 1024 1447 1062 Filius
1468 1038 1562 1076 quos
1582 1025 1671 1062 vult
1691 1025 1882 1078 vivificat.
1911 1025 1988 1063 Sub
2009 1025 2084 1062 haec
2103 1025 2167 1062 ite-

1176 1099 1258 1123 rum
1280 1085 1434 1124 humilia
1452 1085 1561 1124 simul
1579 1094 1613 1123 et
1635 1085 1803 1123 sublimia
1829 1086 1974 1137 attingit
1996 1102 2003 1122 :
2033 1088 2168 1139 Neque

1176 1150 1278 1184 enim
1297 1149 1420 1185 Pater
1446 1148 1601 1200 judicat
1620 1159 1870 1199 quemquam,
1894 1148 1962 1185 sed
1980 1161 2090 1185 omne
2101 1151 2167 1200 ju-

1178 1208 1322 1246 dicium
1342 1209 1447 1246 dedit
1466 1209 1584 1246 Filio.
1610 1208 1703 1245 Hinc
1722 1208 1771 1245 ad.
1792 1208 2001 1246 sublimiora
2026 1210 2165 1260 pergit:

82 1268 178 1320 τέρα.
203 1262 303 1311 Εἶδες
318 1271 393 1311 πῶς
422 1268 479 1305 τὸν
505 1266 605 1318 λόγον
631 1265 819 1315 ποικίλλει,
844 1267 887 1303 δι’
907 1268 1049 1318 ὑψηλῶν
1068 1282 1105 1304 τε
1116 1296 1165 1320 227
1183 1271 1232 1307 Ut
1253 1283 1382 1307 omnes
1399 1270 1652 1323 honorificent
1665 1271 1826 1316 Filium,
1851 1280 1891 1308 ut
1905 1272 2167 1324 honorificant

81 1329 140 1366 καὶ
160 1331 332 1367 ταπεινῶν
356 1328 457 1366 αὐτὸν
477 1327 628 1380 ὑφαίνων
649 1327 828 1377 ὀνομάτων
851 1343 889 1364 τε
913 1328 971 1365 καὶ
995 1327 1108 1379 ῥημά-

80 1406 162 1440 των,
181 1392 270 1428 ὥστε
308 1390 367 1428 καὶ
387 1395 458 1432 τοῖς
482 1388 560 1426 τότε
582 1387 740 1439 γενέσθαι
759 1388 1030 1439 εὐπαράδεκτον,
1049 1389 1107 1426 καὶ

81 1450 159 1494 τοὺς
193 1452 282 1501 μετὰ
301 1455 413 1488 ταῦτα
446 1449 554 1500 μηδὲν
576 1449 768 1500 βλαὸἧναι,
786 1449 855 1486 ἀπὸ
879 1451 948 1486 τῶν
964 1450 1106 1500 ὑψηλῶν

80 1511 139 1549 καὶ
166 1511 247 1562 περὶ
270 1513 339 1548 τῶν
356 1509 482 1562 ἑτέρων
503 1509 565 1556 τὴν
585 1508 830 1561 προσήκουσαν
850 1509 1020 1553 λαὸόντας
1048 1509 1106 1547 ἔν-

79 1588 194 1619 νοιαν,
213 1573 257 1610 Εἰ
275 1572 342 1624 γὰρ
364 1571 412 1623 μὴ
433 1570 535 1609 τοῦτό
568 1572 663 1615 ἐστι,
686 1569 774 1620 μηδὲ
812 1571 1106 1621 συγκαταὸάσεως

79 1633 194 1671 ἕνεκεν
227 1633 361 1685 εἴρηται
390 1632 435 1670 τὰ
460 1631 627 1683 εἰρημένα
641 1661 650 1674 ,
685 1630 775 1674 τίνος
794 1631 909 1670 ἕνεκεν
926 1631 970 1670 τὰ
987 1632 1105 1685 ὑψηλὰ

79 1694 299 1747 προσέκειτο,
314 1693 383 1732 a‘O
402 1692 464 1744 μὲν
483 1692 551 1745 γὰρ
571 1691 717 1745 ὀφείλων
735 1694 870 1744 μεγάλα
884 1693 964 1745 περὶ
981 1696 1103 1733 ἑαυτοῦ

78 1754 303 1807 φθέγγεσθαι,
323 1754 404 1793 ὅταν
433 1749 561 1806 μικρόν
575 1769 609 1791 τι
625 1753 706 1804 εἴπῃ
732 1753 790 1791 καὶ
821 1754 996 1802 ταπεινὸν,
1015 1755 1104 1807 πρό-

77 1830 181 1866 φασιν
201 1815 425 1868 εὐπρόσωπον
442 1815 533 1867 ἔχει,
555 1814 750 1865 οἰκονομίας
765 1815 856 1859 τινὸς
876 1815 989 1854 ἕνεκεν
1003 1820 1105 1855 τοῦτο

77 1880 185 1915 ποιῶν
199 1894 206 1901 ·
226 1881 244 1915 ὃ
273 1878 308 1916 δὲ
337 1878 459 1923 εὐτελῆ
493 1877 606 1928 λέγειν
633 1876 778 1929 ὀφείλων
798 1878 878 1929 περὶ
900 1880 1042 1925 ἑαυτοῦ,
1064 1878 1103 1916 ἂν

79 1938 170 1989 μέγα
184 1955 217 1976 τι
238 1939 318 1991 εἴπῃ
335 1968 344 1984 ,
356 1938 447 1982 τίνος
464 1937 578 1975 ἕνεκεν
591 1938 635 1975 τὰ
653 1937 906 1990 ὑπερὸαίνοντα
918 1941 1023 1978 αὐτοῦ
1040 1940 1103 1987 τὴν

77 1999 178 2051 φύσιν
201 1999 217 2020 ¹³
230 1999 440 2052 φθέγγεται,
460 2001 574 2038 Τοῦτο
595 1998 662 2050 γὰρ
682 2001 744 2037 οὐκ
763 2000 814 2038 ἔτι
836 2000 1035 2052 οἰκονομίας
1052 2017 1104 2039 τι-

77 2059 153 2109 νὸς,
174 2062 250 2099 ἀλλ’
269 2060 422 2113 ἐσχάτης
441 2060 601 2104 ἀσεὸείας
622 2060 730 2099 ἐστίν.

130 2193 240 2232 Ὥστε
267 2198 368 2244 ἡμεῖς
398 2195 460 2246 μὲν
480 2193 616 2233 δικαίαν
634 2194 693 2233 καὶ
714 2197 764 2248 τῷ
786 2197 869 2249 Θεῷ
900 2197 1104 2250 πρέπουσαν

75 2255 189 2292 αἰτίαν
203 2255 330 2306 ἔχομεν
347 2258 454 2295 εἰπεῖν
471 2259 540 2294 τῶν
555 2259 726 2295 ταπεινῶν
743 2258 923 2309 ῥημάτων,
939 2258 1003 2306 τὴν
1018 2275 1105 2311 συγ-

74 2315 281 2363 κατάὸασιν,
305 2317 364 2354 καὶ
393 2317 432 2355 τὸ
461 2317 636 2356 παιδεύειν
658 2319 868 2371 μετριάζειν,
888 2320 947 2358 καὶ
964 2320 1027 2368 τὴν
1048 2320 1105 2358 διὰ

73 2376 203 2423 ταύτης
232 2380 317 2426 ἡμῖν
346 2377 638 2429 οἰκονομουμένην
669 2379 862 2431 σωτηρίαν·
882 2381 900 2420 ὃ
921 2382 980 2420 καὶ
1001 2382 1103 2426 αὐτὸς

74 2438 187 2485 δηλῶν
207 2440 362 2490 ἀλλαχοῦ
390 2439 505 2490 ἔλεγε·
534 2442 658 2478 Ταῦτα
674 2441 709 2478 δὲ
723 2441 816 2493 λέγω
827 2471 837 2488 ,
854 2442 910 2479 ἵνα
926 2446 1024 2494 ὑμεῖς
1041 2460 1103 2482 σω-

73 2501 168 2544 θῆτε.
192 2498 338 2546 Ἐπειδὴ
359 2500 427 2551 γὰρ
448 2502 496 2543 εἷς
511 2500 574 2547 τὴν
596 2500 756 2539 Ἰωάννου
778 2504 951 2555 κατέφυγε
969 2520 1103 2556 μαρτυ-

75 2559 165 2610 ρίαν,
181 2558 244 2605 τὴν
265 2561 387 2597 ἑαυτοῦ
406 2559 502 2611 ἀφείς
516 2575 524 2583 ·
543 2559 628 2612 ὅπερ
644 2560 779 2605 ἀνάξιον
806 2565 911 2601 αὐτοῦ
940 2567 1002 2610 τῆς
1034 2581 1102 2615 με-

72 2618 277 2670 γαλωσύνης
293 2614 354 2666 ἦν·
375 2623 436 2667 τ’ῆς
455 2620 629 2663 εὐτελείας
649 2624 711 2667 τῆς
740 2623 911 2670 τοσαύτης
932 2627 1002 2662 τῶν
1040 2629 1101 2677 ῥη-

73 2679 191 2730 μάτων
212 2680 317 2723 τιθεὶς
336 2680 399 2728 τὴν
416 2680 542 2726 αἰτίαν,
568 2675 645 2719 εἶπε
664 2681 704 2719 τὸ
720 2711 729 2728 ,
763 2685 886 2721 Ταῦτα
924 2685 960 2723 δὲ
986 2685 1099 2736 λέγω,

71 2739 127 2778 ἵνα
146 2743 245 2791 ὑμεῖς
267 2744 415 2787 σωθῆτε.
440 2741 563 2792 (Υμεῖς
583 2741 619 2779 δὲ
637 2744 667 2780 οἱ
684 2741 841 2793 λέγοντες
860 2744 908 2794 μὴ
933 2746 1025 2797 ἔχειν
1040 2748 1100 2784 αὖ·

71 2802 129 2839 τὸν
150 2801 213 2849 τὴν
233 2802 340 2850 αὐτὴν
372 2802 527 2847 ἐξουσίαν
548 2802 607 2840 καὶ
627 2802 690 2849 τὴν
714 2803 858 2855 δύναμιν
874 2809 923 2858 τῷ
943 2823 1101 2858 γεγεννη-

73 2863 167 2908 κότι,
188 2863 222 2900 τί
242 2863 280 2901 ἂν
297 2864 419 2911 εἴπητε
442 2863 523 2902 ὅταν
541 2864 714 2912 ἀκούσητε
729 2867 833 2905 αὐτοῦ
850 2869 1100 2919 φθεγγομένου,

73 2924 116 2960 δι’
133 2918 181 2960 ὧν
200 2924 279 2971 ἴσην
298 2925 448 2963 δείκνυσι
469 2925 532 2972 τὴν
549 2925 635 2977 πρὸς
661 2927 718 2964 τὸν
742 2927 886 2979 Πατέρα
922 2930 981 2967 καὶ
1000 2930 1100 2969 δύνα-

73 3000 131 3033 μιν
152 2984 212 3022 καὶ
232 2984 387 3029 ἐξουσίαν
416 2986 475 3024 καὶ
495 2986 617 3034 δόξαν;
638 2988 741 3032 Τίνος
761 2988 795 3027 δὲ
816 2990 929 3028 ἕνεκεν
948 2992 1006 3029 καὶ
1035 2992 1098 3040 τὴν

115 3130 128 3143 ³¹
145 3119 259 3152 Morel.
281 3124 338 3164 μὲν
351 3128 409 3167 γὰρ
426 3132 582 3169 προσήκων
599 3129 680 3169 αὐτῷ
698 3140 769 3168 ,uz-s.

117 3174 133 3196 b
150 3171 251 3207 Savil.
271 3177 446 3219 φθέγγεται,
472 3175 588 3210 Morel.
614 3183 809 3221 fies-sevena.)
835 3185 868 3209 et
884 3177 981 3219 paulo
1003 3186 1080 3220 post

72 3223 173 3257 Savil.
189 3230 316 3268 ἐσχάτης
330 3231 481 3269 &eea-tog,
499 3228 613 3261 Morel.
629 3235 756 3273 ἐσχάτης
766 3236 940 3274 παρανοίας.
953 3232 1080 3263 Neutra

71 3275 171 3307 lectio
196 3277 324 3318 placet3
353 3284 480 3322 ἐσχάτης
506 3286 641 3319 &efflatas
672 3283 705 3313 in
729 3283 805 3316 Mss.
829 3281 985 3314 omnibns
997 3294 1080 3326 quos

74 3326 216 3360 vidimus
233 3328 366 3373 legitur,
382 3331 507 3364 sedhic
524 3345 592 3366 non
608 3334 773 3376 quadrare
789 3334 931 3368 videtur.
951 3337 999 3367 An
1013 3335 1081 3369 dici

74 3387 183 3421 potest
195 3381 375 3424 generatim
397 3382 564 3427 loquendo
586 3393 740 3418 extremce
758 3385 936 3429 impietatis
952 3398 1038 3428 esse,
1057 3389 1083 3420 si

1130 1334 1155 1362 A
1176 1332 1347 1368 Patrem.
1374 1330 1502 1371 Viden'
1517 1331 1696 1382 quomodo
1715 1346 1912 1369 sermonem
1924 1332 2056 1382 variet,
2076 1332 2165 1370 dum

1177 1392 1345 1430 sublimia
1357 1393 1466 1430 verba
1485 1402 1519 1430 et
1535 1393 1678 1430 nomina
1696 1393 1896 1430 humilibus
1915 1393 2101 1443 admiscet,
2124 1403 2164 1431 ut

1176 1461 1209 1490 et
1227 1468 1246 1490 a
1262 1453 1495 1504 praesentibus
1510 1453 1652 1492 facilius
1668 1453 1953 1500 admitterentur,
1973 1464 2006 1492 et
2025 1469 2044 1492 a
2067 1456 2163 1493 sutu—

1175 1514 1226 1550 ris
1250 1513 1343 1551 nihil
1358 1513 1480 1551 damni
1496 1514 1727 1566 acciperetur,
1752 1514 1865 1552 sedhi
1882 1530 1902 1552 a
1926 1516 2161 1566 sublimibus,

1176 1574 1221 1613 de
1242 1574 1323 1613 aliis
1353 1589 1494 1625 quoque
1518 1584 1787 1614 consentaneam
1820 1576 2023 1628 opinionem
2053 1577 2162 1615 habe-

1174 1637 1272 1676 rent?
1293 1637 1387 1675 Nam
1411 1637 1441 1675 si
1469 1652 1523 1675 res
1545 1651 1615 1675 non
1645 1637 1694 1675 ita
1724 1651 1759 1675 se
1782 1637 1925 1686 habeat,
1948 1647 1982 1677 et
2006 1638 2035 1676 si
2055 1640 2164 1677 verba

1173 1712 1243 1736 non
1254 1712 1317 1750 per
1333 1698 1659 1751 attemperationcm
1672 1698 1864 1750 quamdam
1876 1698 1971 1737 dicta
1990 1709 2085 1747 sunt,
2100 1714 2164 1738 cur

1175 1759 1344 1797 sublimia
1361 1759 1578 1798 admiscuit?
1602 1761 1694 1798 Nam
1713 1760 1775 1811 qui
1797 1774 1926 1812 magna
1943 1760 1988 1799 de
2007 1775 2043 1799 se
2065 1762 2163 1813 loqui

1174 1821 1298 1870 debet,
1318 1822 1347 1860 si
1370 1822 1543 1860 humilius
1565 1822 1752 1875 quidpiam
1771 1823 1983 1874 protulerit,
2008 1824 2163 1863 occasio-

1175 1892 1256 1924 nem
1274 1885 1336 1923 dat
1350 1885 1502 1938 putandi
1519 1900 1554 1924 se
1575 1901 1639 1938 per
1654 1885 1952 1938 dispensationem
1969 1887 2164 1937 quamdam

1175 1947 1243 1986 hoc
1261 1961 1364 2000 agere
1385 1964 1392 1985 :
1418 1948 1480 1999 qui
1501 1957 1621 1986 autem
1636 1948 1724 1987 vilia
1742 1948 1786 1986 de
1809 1964 1844 1987 se
1865 1949 1963 1999 loqui
1982 1949 2103 1999 debet,
2133 1950 2164 1987 si

1176 2023 1346 2062 magnum
1366 2009 1554 2062 quidpiam
1573 2009 1724 2058 dixerit,
1744 2025 1807 2048 cur
1836 2025 1876 2048 ea
1903 2010 2064 2061 loquitur
2085 2025 2165 2062 quae

1176 2085 1277 2108 suam
1291 2080 1455 2109 naturam
1471 2072 1663 2124 superant?
1681 2071 1757 2110 Hoc
1771 2071 1865 2110 enim
1879 2086 1948 2109 non
1964 2086 2009 2110 ex
2026 2085 2163 2110 cecono-

1174 2133 1247 2172 mia
1259 2134 1433 2185 quadam,
1455 2133 1517 2172 sed
1533 2149 1577 2172 ex
1596 2149 1734 2172 summa
1754 2134 1935 2186 impietate
1951 2133 2084 2186 prodit.

1227 2198 1265 2233 (2.
1308 2196 1433 2246 Itaque
1460 2209 1522 2233 nos
1551 2196 1686 2248 justam
1727 2196 1873 2246 Deoque
1912 2204 2163 2246 congruentem

1174 2272 1331 2307 causam,
1357 2272 1421 2296 cur
1433 2272 1559 2310 nempe
1577 2257 1697 2296 verbis
1720 2266 1841 2294 utatur
1862 2257 2076 2306 humilibus,
2104 2257 2161 2294 di-

1174 2333 1252 2356 cere
1270 2333 1472 2371 possumus,
1493 2333 1618 2371 nempe
1641 2318 1738 2369 quod
1751 2332 1823 2356 sese
1836 2317 2013 2367 demittat,
2029 2332 2162 2368 nosque

1175 2380 1299 2419 doceat
1323 2390 1363 2419 ut
1386 2380 1543 2418 modeste
1567 2394 1727 2432 agamus,
1751 2380 1872 2429 sicque
1893 2388 2020 2416 nostrae
2053 2380 2161 2418 saluti

1173 2442 1362 2494 provideat
1378 2458 1384 2477 :
1403 2442 1499 2492 quod
1522 2451 1555 2480 et
1574 2442 1649 2493 ipse
1661 2441 1749 2478 alibi
1760 2440 1917 2477 declarat
1939 2440 1994 2477 his
2013 2441 2157 2479 verbis:

1174 2506 1268 2540 Hoec
1289 2512 1418 2540 autem
1436 2503 1521 2540 dieo
1550 2511 1592 2540 ut
1611 2515 1682 2539 vos
1708 2502 1810 2539 salvi
1824 2503 1919 2539 sitis.
1943 2501 2038 2547 Quia
2066 2502 2161 2540 enim

1172 2564 1219 2602 ad
1230 2566 1251 2603 J
1253 2563 1375 2602 oannis
1389 2563 1630 2601 testimonium
1639 2562 1810 2613 confugit,
1825 2576 1889 2600 suo
1899 2562 2048 2602 omisso:
2064 2564 2162 2614 quod

1173 2624 1419 2677 magnitudine
1442 2639 1505 2662 sua
1529 2623 1719 2675 indignum
1741 2632 1840 2673 erat,
1862 2637 2004 2662 causam
2023 2638 2087 2662 cur
2105 2625 2161 2663 vi-

1171 2687 1219 2724 lia
1242 2686 1351 2724 verba
1370 2684 1573 2737 protulerit,
1601 2683 1724 2736 adjicit
1731 2700 1744 2734 3
1761 2698 1900 2737 nempe,
1916 2686 2012 2723 Haec
2031 2695 2162 2724 autem

1170 2750 1269 2795 dico,
1291 2757 1331 2787 ut
1356 2762 1420 2786 vos
1445 2748 1548 2785 salvi
1570 2749 1667 2785 sitis.
1690 2748 1767 2786 Vos
1797 2756 1916 2784 autem
1947 2748 2009 2798 qui
2042 2748 2161 2787 dicitis

1171 2809 1289 2861 ipsum
1311 2823 1381 2846 non
1399 2809 1530 2846 habere
1552 2808 1712 2845 eamdem
1736 2822 1844 2858 quam
1868 2809 1972 2846 Pater
2007 2819 2159 2861 potesta-

1125 2886 1148 2917 ρ
1172 2880 1254 2919 tem,
1274 2869 1363 2920 quid
1377 2869 1503 2907 dicetis
1526 2883 1608 2907 cum
1627 2868 1813 2907 audieritis
1841 2869 1945 2906 illum
1964 2869 2160 2921 dicentem,

1171 2946 1207 2970 se
1229 2945 1351 2983 parem
1383 2930 1514 2968 habere
1542 2939 1696 2982 paternae
1719 2929 1905 2981 virtutem,
1930 2940 2155 2983 potestatem,

1172 2992 1346 3045 gloriam?
1372 2992 1445 3030 Cur
1466 2991 1634 3030 eumdem
1649 2991 1762 3044 exigit
1773 2992 1957 3041 honorem,
1971 2991 2016 3044 si,
2034 3002 2073 3030 ut
2091 3008 2155 3031 vos

1146 3127 1172 3159 is
1189 3126 1245 3170 qui
1262 3125 1396 3159 humilia
1413 3126 1455 3159 de
1471 3139 1504 3160 se
1517 3128 1607 3170 loqui
1625 3125 1736 3166 debet,
1751 3138 1870 3170 magna
1887 3126 1928 3159 de
1944 3139 1977 3159 se
1994 3125 2159 3169 proferat?

1146 3178 1257 3211 Altera
1274 3178 1372 3211 lectio
1389 3184 1570 3225 παρανοίας,
1586 3190 1657 3221 quae
1672 3177 1760 3209 haud
1777 3177 1876 3209 dubie
1897 3189 1936 3210 ex
1950 3177 2074 3210 Codice
2093 3179 2156 3210 ali-

1147 3243 1213 3275 quo
1226 3231 1399 3275 prodierit,
1426 3243 1493 3264 non
1513 3229 1643 3264 videtur
1661 3229 1736 3261 huic
1750 3237 1829 3272 apta
1847 3229 1933 3262 loco.
1958 3229 2046 3270 Quid
2064 3231 2091 3262 si
2107 3229 2154 3262 le-

1146 3292 1276 3327 geretur
1287 3282 1454 3323 ἀπονοίαςΡ
1471 3291 1550 3316 ωηο
1567 3289 1656 3315 certe
1671 3293 1784 3314 sensus
1801 3289 1982 3315 constaret.
1997 3281 2063 3316 Sed
2086 3284 2155 3316 sine

1148 3337 1362 3379 Manuscripti
1379 3336 1559 3368 autoritate
1573 3333 1653 3367 nihil
1670 3341 1850 3367 mutamus.

2205 2207 2265 2235 Cur
2276 2207 2364 2234 Chri-

2176 2255 2235 2276 stus
2266 2250 2363 2276 verbis

2177 2294 2270 2317 utitur
2311 2291 2366 2317 liu-

2176 2332 2308 2358 milibus.

2175 2518 2202 2535 v.
2220 2506 2271 2544 34.
