2481 3678
309 190 396 250 392
735 204 773 234 5.
810 203 996 233 somnis
1031 200 1273 231 cnm'sos'r.

305 285 419 330 derat,
441 293 578 321 tantum
594 283 735 322 fiduciae
754 283 873 321 statim
889 281 1042 321 ostendit
1061 290 1140 320 ante
1155 279 1286 319 Christi

305 346 540 395 hortamenta,
567 354 661 383 stans
679 353 799 383 contra
818 344 991 396 populum
1007 353 1134 392 totum,
1156 342 1288 381 caedem

307 408 515 459 spirantem,
535 423 554 445 a
572 407 732 445 daemone
761 416 895 456 actum,
925 407 1111 453 furentem,
1140 420 1184 443 ex
1213 406 1288 456 ejus

306 483 392 507 voce
411 470 594 507 Christum
619 468 787 506 damnare
814 468 1012 520 cupientem
1031 483 1038 504 :
1057 481 1167 518 neque
1187 466 1290 504 cessit

306 529 378 577 ille,
409 544 519 580 neque
539 529 695 577 recessit,
720 528 781 567 sed
802 528 952 566 fidenter
970 528 1050 565 illos
1071 526 1288 574 confutavit,

307 590 502 640 maluitque
532 590 625 626 foras
651 589 746 640 ejici,
773 603 881 639 qnam
908 588 1093 626 veritatem
1111 586 1286 639 prodere:

307 659 439 700 quanto
468 650 582 700 magis
601 664 685 698 nos,
706 649 767 700 qni
799 648 932 686 tamdiu
959 648 997 686 in
1022 647 1093 686 fide
1118 647 1290 694 viximus,

307 710 367 760 qui
386 724 448 761 per
466 710 574 747 fidem
589 719 751 747 sexcenta
765 709 935 746 miracula
949 708 1122 757 vidimus,
1139 707 1200 758 qui
1217 721 1292 744 ma-

303 772 382 822 jora
398 786 504 821 quam
525 771 585 809 ille
610 771 780 809 beneficia
800 771 1013 823 accepimus,
1032 770 1094 821 qui
1115 768 1293 806 interiori-

307 832 374 869 bus
393 832 505 869 oculis
523 846 651 869 arcana
670 831 840 884 mysteria
856 830 1025 879 vidimus,
1045 839 1078 867 01
1095 830 1139 867 ad
1154 839 1293 867 tantum

308 891 476 929 honorem
496 892 609 931 vocati
627 906 764 940 snmus,
782 905 922 929 omnem
938 890 1106 928 fiduciam
1125 889 1294 928 exhibere

308 962 442 1004 oportet
462 952 634 990 adversus
660 966 717 989 cos
736 952 797 1002 qui
820 950 1038 988 Christianos
1052 959 1229 998 accusant,
1251 949 1294 986 il-

308 1013 430 1063 losque
452 1014 643 1060 confutare,
664 1026 774 1062 neque
799 1011 847 1048 eis
869 1020 999 1047 temere
1024 1010 1196 1061 parcere?
1218 1009 1295 1046 Hoc

310 1088 392 1110 vcro
414 1074 525 1110 facere
546 1073 760 1124 poterimus,
778 1071 807 1108 si
828 1070 997 1108 fiduciam
1020 1084 1242 1106 assumamus
1263 1078 1295 1106 et

308 1133 502 1184 Scripturis
534 1131 771 1180 attendamus,
807 1144 921 1180 neque
949 1129 1185 1181 perfunctorie
1217 1129 1297 1167 illas

307 1193 509 1241 audiamus,
544 1194 635 1230 Nam
663 1192 692 1229 si
720 1191 800 1242 quis
829 1190 968 1228 assidue
995 1189 1128 1239 veniat,
1159 1190 1297 1227 etiamsi

307 1253 404 1291 domi
420 1267 488 1290 11011
504 1253 610 1303 legat,
628 1251 689 1289 sed
706 1251 765 1289 hic
781 1251 887 1288 dictis
902 1249 1076 1288 attendat:
1091 1250 1173 1287 anni
1192 1250 1297 1288 unius

309 1314 422 1366 spatio
436 1314 563 1365 poterit
579 1313 691 1350 multa
704 1312 850 1350 discere.
862 1312 985 1362 Neque
1000 1310 1094 1348 enim
1102 1309 1210 1348 hodie
1217 1311 1296 1360 has,

309 1389 384 1412 cras
397 1375 485 1412 alias
501 1375 703 1426 Scripturas
728 1373 895 1425 legimus,
914 1372 976 1410 sed
989 1386 1127 1424 semper
1144 1371 1296 1410 easdem.

310 1438 472 1473 Attamen
489 1435 593 1472 multi
608 1435 656 1473 ita
671 1435 796 1472 misere
812 1433 928 1471 affecti
949 1442 1046 1483 sunt,
1061 1441 1101 1470 ut
1119 1441 1198 1485 post
1220 1441 1298 1470 tan-

308 1505 381 1533 tam
401 1496 587 1534 lectionem
608 1511 650 1533 ne
671 1496 812 1533 nomina
826 1494 972 1546 quidem
982 1494 1156 1531 librorum
1170 1493 1296 1543 sciant,

311 1572 374 1596 nec
397 1567 576 1607 verentur,
591 1572 701 1609 neque
713 1556 906 1594 formidant
925 1565 996 1592 tam
1012 1555 1227 1606 negligenter
1252 1554 1299 1592 ad

309 1618 471 1657 divinam
502 1618 642 1669 ingredi
665 1618 880 1656 concionem.
897 1616 968 1655 Sed
984 1616 1013 1653 si
1027 1615 1257 1663 citharoedus,
1270 1615 1298 1653 si

310 1679 618 1717 saltat01·velalius
630 1678 748 1729 quivis
757 1678 954 1715 adscenam
964 1676 1099 1716 vocarit
1108 1675 1299 1725 civitatem,

310 1739 500 1790 diligenter
513 1753 632 1777 omnes
654 1748 855 1789 accurrunt,
876 1747 908 1776 et
928 1737 1060 1789 gratias
1081 1737 1214 1774 habent
1237 1751 1300 1774 vo-

313 1800 419 1849 canti,
428 1810 531 1851 atque
547 1800 580 1837 in
593 1800 793 1852 spectaculo
805 1798 1012 1852 hujusmodi
1022 1797 1218 1835 dimidium
1230 1796 1301 1835 diei

192 1870 299 1896 emma
315 1862 515 1899 insumunt:
528 1863 602 1899 Deo
618 1870 735 1899 autem
751 1876 812 1899 nos
833 1875 896 1912 per
914 1859 1104 1912 prophetas
1113 1867 1146 1896 et
1161 1868 1302 1910 aposto-

114 1912 291 1948 spectaculo·

115 1964 180 1980 runi
246 1953 303 1979 sre-

114 1995 273 2031 qucnuam.
316 1998 406 2022 mus.
430 1984 470 2020 In
490 1993 608 2021 atstate
626 1983 771 2034 quidem
792 1992 826 2021 et
844 1992 930 2020 aestu
961 1995 1088 2033 magno
1107 1981 1224 2019 forum
1243 1994 1303 2032 pe-

316 1923 370 1960 los
389 1922 600 1973 alloquente,
626 1924 832 1972 oscitamus,
856 1936 918 1959 nos
938 1920 1146 1972 scalpimus,
1165 1919 1302 1957 fastidi-

315 2045 438 2093 timus;
455 2044 615 2082 11111101110
635 2058 717 2082 vero
729 2059 748 2081 a
764 2044 887 2096 pluvia
903 2052 936 2081 et
951 2043 1027 2080 luto
1039 2042 1135 2079 domi
1151 2041 1304 2079 contine-

313 2119 405 2142 mur.
434 2107 479 2142 At
499 2105 533 2142 in
554 2104 820 2157 hippodromis,
841 2103 904 2141 ubi
934 2102 1074 2140 nullum
1101 2111 1152 2139 est
1174 2110 1306 2139 tectum

313 2168 409 2218 quod
426 2183 446 2205 a
466 2168 591 2220 pluvia
610 2167 789 2217 defendat,
807 2166 1052 2215 multi‚imbre
1067 2166 1237 2204 urceatim
1252 2165 1305 2202 la-

312 2228 430 2278 bente,
461 2238 566 2267 vento
596 2242 725 2280 aquam
756 2228 791 2264 in
819 2227 963 2266 vultum
993 2226 1140 2274 serente,
1170 2224 1306 2262 insania

314 2288 411 2325 ducti
433 2298 539 2335 stant,
558 2289 703 2340 frigore,
722 2287 861 2340 pluvia,
884 2287 974 2334 luto,
995 2286 1061 2325 vice
1083 2285 1306 2336 longitudine

315 2350 506 2403 despecti53
527 2350 616 2388 nihil
644 2364 702 2388 eos
727 2349 825 2386 domi
847 2348 986 2395 retinet,
1010 2347 1101 2385 nihil
1123 2362 1142 2384 a
1165 2356 1304 2399 specta—

313 2412 392 2450 culo
421 2412 584 2449 cohibere
602 2419 737 2463 potest:
760 2409 832 2447 huc
853 2417 970 2446 autem
992 2408 1054 2447 ubi
1076 2417 1220 2455 tectum,
1243 2407 1305 2444 ubi

314 2474 402 2511 niirc
423 2482 639 2525 temperatus
660 2471 769 2521 calor,
792 2471 914 2509 venire
933 2469 1129 2521 refugiunt,
1149 2483 1232 2506 cum
1261 2467 1305 2506 de

313 2534 439 2570 animat
460 2534 573 2570 salute
592 2542 731 2583 agatur.
750 2530 925 2580 Haeccine,
946 2544 1075 2581 quaeso,
1097 2529 1303 2568 toleranda?

316 2593 398 2630 Ideo
416 2593 449 2629 in
470 2593 542 2630 11115
554 2593 716 2645 apprime
732 2591 865 2640 edocti,
887 2591 923 2628 in
943 2590 1148 2628 necessariis
1160 2590 1304 2642 imperi-

318 2654 420 2692 tiores
438 2668 544 2706 quani
564 2654 705 2706 pueruli
721 2667 855 2691 sumus.
888 2651 995 2698 Quod
1015 2650 1042 2690 si
1061 2652 1140 2703 quis
1157 2660 1189 2688 te
1207 2650 1304 2689 auri-

316 2730 396 2765 gam
424 2715 479 2754 vel
499 2716 702 2753 saltatorem
729 2714 900 2767 appellet,
920 2714 961 2753 id
979 2713 1230 2751 contumeliam
1250 2712 1303 2751 di-

316 2776 377 2824 015,
399 2776 479 2812 licet
497 2776 585 2813 nihil
599 2790 667 2813 non
688 2789 772 2827 agas
790 2783 828 2813 ut
848 2774 911 2812 tibi
930 2774 998 2812 hoc
1012 2774 1232 2826 vituperium
1249 2783 1303 2812 at-

317 2836 449 2882 trahas;
472 2836 499 2873 si
518 2850 600 2874 vero
618 2836 663 2873 ad
680 2836 729 2873 rei
748 2835 990 2889 spectaculum
1005 2844 1140 2884 evocet,
1163 2848 1231 2872 non
1249 2849 1302 2873 rc-

316 2897 390 2935 silis
400 2912 410 2946 ;
434 2906 624 2947 artemque,
639 2898 739 2948 cujus
767 2910 893 2934 nomen
922 2896 1072 2947 refugis,
1093 2904 1201 2933 totam
1230 2896 1301 2933 fere

316 2957 547 3009 prosequeris.
570 2957 640 2995 Ubi
662 2971 744 2995 vero
764 2967 798 2995 et
813 2972 888 2995 rem
907 2966 941 2995 et
960 2970 1086 2995 nomen
1105 2965 1222 2995 tenere
1239 2956 1301 2995 de-

316 3021 391 3068 1105,
417 3028 520 3069 atque
549 3032 622 3056 esse
649 3028 681 3055 ct
701 3019 820 3056 vocari
852 3018 1094 3067 Christianus,
1117 3018 1306 3070 nequidem

317 3080 402 3132 quid
424 3079 461 3117 id
480 3080 526 3118 sit
558 3078 741 3130 intelligis.
783 3079 881 3125 Quid
911 3079 978 3116 hac
1008 3079 1160 3117 amentia
1179 3078 1304 3131 pejus?

320 3142 401 3179 llaec
430 3141 630 3191 frequenter
651 3139 750 3177 vohis
768 3139 885 3177 dicere
906 3139 1012 3179 velim
1022 3155 1032 3190 5
1056 3139 1117 3177 sed
1137 3140 1243 3178 timeo
1263 3154 1306 3177 ne

362 3291 373 3304 t
402 3278 492 3311 1110111
509 3286 566 3324 πρὸ
580 3289 630 3318 τῆς
644 3286 726 3324 παρὰ
741 3285 791 3312 τοῦ
806 3287 940 3324 Χριστοῦ.

365 3344 375 3354 ³
394 3333 596 3373 11.υι».,μ,;-ν
614 3340 653 3374 τῷ
673 3337 759 3376 Θέρει,
780 3329 898 3364 desunt
915 3332 946 3362 in
966 3328 1162 3372 quibusdan]
1181 3331 1254 3362 Mss.

1313 199 1497 229 ausint-:1²
1506 219 1515 228 .
1553 199 1638 227 Com
1647 198 1831 228 S'rAN'rm
1840 198 1895 227 ΟΡ
1904 219 1913 227 .

1309 1045 1356 1070 3¹⁴2

1363 279 1532 325 τοσαύτην
1554 278 1676 323 εὐθέως
1698 279 1897 331 παῤῥησίαν
1917 278 2113 322 ἐπεδείξατο
2132 283 2145 298 ⁰
2159 279 2226 330 προ
2244 282 2303 324 τῆς
2322 282 2380 317 τοῦ

1365 342 1517 393 Χριστοῦ
1540 340 1813 392 παρακλήσεως,
1835 341 1920 394 πρὸς
1941 340 2130 391 ὁλόκληρον
2150 340 2258 390 δῆμον
2273 340 2356 382 στὰς
2369 369 2378 386 ,

1362 405 1518 454 φονῶντα
1534 401 1594 440 καὶ
1615 403 1833 452 δαιμονῶντα
1848 402 1907 439 καὶ
1926 401 2144 452 μαινόμενον,
2161 399 2219 438 καὶ
2235 398 2303 436 ἀπὸ
2319 402 2381 445 τῆς

1363 462 1493 500 ἐκείνου
1513 463 1630 514 φωνῆς
1653 461 1858 512 βουλόμενον
1886 461 2118 499 καταδικάσαι
2139 459 2196 497 τὸν
2219 458 2382 512 Χριστὸν,

1364 522 1423 562 καὶ
1443 524 1504 561 οὐκ
1519 517 1616 570 εἶξεν,
1631 521 1708 560 οὐδὲ
1724 521 1961 574 ὑπεχώρησεν,
1975 521 2065 560 ἀλλὰ
2085 519 2173 572 μετὰ
2187 519 2384 572 παρρησίας

1363 584 1501 631 ἁπάσης
1521 583 1640 627 αὐτοὺς
1662 582 1898 633 ἐπεστόμισεν,
1918 581 1976 620 καὶ
1999 581 2108 620 εἵλετο
2133 583 2302 632 βληθῆναι
2321 580 2384 624 ἔξω

1366 645 1510 695 μᾶλλον,
1542 644 1564 690 ἢ
1594 646 1780 697 προδοῦναι
1813 642 1875 690 τὴν
1908 643 2069 690 ἀλήθειαν
2083 657 2091 665 ·
2126 641 2223 693 πόσῳ
2253 642 2384 691 μᾶλλον

1364 711 1458 757 ἡμᾶς
1484 706 1560 749 τοὺς
1582 707 1640 744 ἐπὶ
1661 710 1819 744 τοσοῦτον
1848 705 1971 758 χρόνον
1992 706 2027 742 ἐν
2059 704 2175 741 πίστει
2195 704 2386 750 ζήσαντας,

1365 767 1444 811 τοὺς
1472 767 1577 820 μυρία
1616 767 1775 818 θαύματα
1810 766 1866 804 διὰ
1896 769 1958 812 τῆς
1991 764 2140 807 πίστεως
2173 763 2386 816 ἑωρακότας,

1365 826 1443 871 τοὺς
1460 827 1598 878 μείζονα
1615 826 1897 878 εὐεργετηθέντας
1913 825 2040 864 ἐκείνου
2054 856 2063 873 ,
2086 826 2146 864 καὶ
2160 824 2236 869 τοὺς
2256 825 2387 862 ἔνδοθεν

1366 887 1562 940 ὀφθαλμοὺς
1582 888 1867 940 ἀναέλέψαντας,
1890 887 1950 924 καὶ
1978 886 2021 924 τὰ
2050 886 2232 939 ἀπόρρητα
2259 889 2389 923 θεασα-

1369 948 1489 1000 μένους
1509 949 1702 1000 μυστήρια,
1725 948 1784 986 καὶ
1806 950 1852 992 εἰς
1872 947 2042 993 τοσαύτην
2062 947 2250 993 κληθέντας
2269 946 2388 997 τιμὴν,

1368 1010 1508 1048 ἅπασαν
1543 1010 1740 1062 παρρησίαν
1773 1009 1860 1061 ὑπὲρ
1893 1012 1995 1047 αὐτοῦ
2029 1008 2284 1047 ἐπιδείκνυσθαι
2321 1008 2389 1060 χρὴ

1322 1081 1348 1110 A
1368 1068 1453 1122 πρὸς
1487 1069 1565 1111 τοὺς
1594 1072 1750 1121 ἐγκαλεῖν
1784 1073 2042 1122 ἐπιχειροῦντας
2074 1069 2133 1106 καὶ
2164 1068 2326 1119 λέγοντάς
2358 1085 2392 1106 τι

1369 1130 1460 1168 κατὰ
1479 1131 1710 1183 Χριστιανῶν,
1727 1131 1787 1168 καὶ
1809 1130 2055 1180 ἐπιστομίζειν,
2078 1130 2167 1168 ἀλλὰ
2190 1130 2238 1180 μὴ
2269 1146 2392 1182 συγγι-

1369 1190 1514 1229 νώσκειν
1533 1192 1673 1236 ἁπλῶς·7
1691 1190 1919 1241 Δυνησόμεθα
1943 1190 1977 1228 δὲ
1997 1194 2099 1228 τοῦτο
2123 1196 2246 1236 ποιεῖν,
2262 1191 2320 1229 ἐὰν
2335 1191 2394 1229 καὶ

1370 1250 1569 1304 παρρησίαν
1599 1249 1749 1303 ἔχωμεν,
1778 1251 1837 1289 καὶ
1862 1255 1938 1293 ταῖς
1967 1252 2123 1302 Γραφαῖς
2153 1251 2394 1303 προσέχωμεν,

1370 1312 1430 1350 καὶ
1458 1311 1506 1362 μὴ
1526 1311 1710 1364 παρέργως
1730 1311 1835 1355 αὐτὰς
1868 1310 2060 1362 ἀκούωμεν.
2082 1313 2125 1349 Εἰ
2144 1311 2210 1364 γάρ
2228 1328 2280 1355 τις
2296 1313 2395 1365 ἀκρι-

1371 1374 1442 1417 ὅῶς
1462 1376 1607 1411 ἐνταῦθα
1626 1372 1838 1425 εἷσέρχοιτο,
1859 1371 1922 1410 κᾶν
1950 1371 2039 1410 οἴκοι
2072 1371 2120 1423 μὴ
2154 1372 2373 1425 ἀναγινώσκῃ
2387 1403 2396 1420 ,

1371 1434 1528 1487 προσέχῃ
1547 1433 1581 1472 δὲ
1599 1440 1669 1477 τοῖς
1689 1435 1835 1472 ἐνταῦθα
1851 1432 2069 1483 λεγομένοις,
2090 1435 2189 1486 ἀρκεῖ
2207 1433 2266 1470 καὶ
2286 1435 2396 1471 ἐνιαυ-

1371 1495 1427 1538 τὸς
1455 1489 1502 1538 εἷς
1526 1497 1573 1538 εἷς
1595 1494 1778 1547 ἐμπειρίαν
1803 1494 1904 1532 αὐτὸν
1932 1497 2152 1540 καταστῆσαι
2174 1494 2318 1540 πολλήν.
2343 1495 2395 1532 Οὐ

1370 1555 1438 1608 γὰρ
1456 1560 1513 1594 νῦν
1532 1555 1592 1606 μὲν
1609 1554 1737 1599 ταύτας
1749 1585 1758 1603 ,
1780 1554 1896 1608 αὔριον
1917 1554 1956 1592 ’δὲ
1977 1554 2096 1606 ἑτέρας
2115 1554 2397 1606 ἀναγινώσκομεν

1372 1615 1531 1670 Γραφάς·
1563 1618 1639 1656 ἀλλ’
1670 1616 1723 1654 ἀεὶ
1757 1616 1820 1659 τὰς
1852 1615 1957 1659 αὐτὰς
1988 1616 2048 1653 καὶ
2078 1615 2275 1659 διαπαντός.
2304 1615 2394 1653 Ἀλλ’

1372 1677 1466 1727 ὅμως
1480 1677 1588 1721 οὕτως
1608 1677 1733 1720 ἀθλίως
1754 1679 1784 1715 οἱ
1803 1676 1925 1715 πολλοὶ
1942 1676 2154 1724 διάκεινται,
2171 1679 2217 1719 ὡς
2235 1675 2322 1726 μετὰ
2336 1691 2397 1713 το-

1372 1738 1502 1785 σαύτην
1520 1738 1713 1790 ἀνάγνωσιν
1736 1737 1823 1788 μηδὲ
1849 1736 1893 1775 τὰ
1908 1737 2064 1788 ὀνόματα
2093 1737 2220 1775 εἰδέναι
2245 1739 2312 1774 τῶν
2339 1739 2396 1787 βι-

1373 1798 1499 1838 ὅλίων·
1520 1799 1580 1838 καὶ
1602 1801 1662 1837 οὐκ
1691 1798 1932 1850 αἰσχύνονται,
1960 1797 2036 1835 οὐδὲ
2066 1797 2276 1851 φρίττουσιν,
2309 1797 2399 1835 οὕτω

1373 1859 1555 1914 παρέργως
1575 1861 1621 1903 εἷς
1642 1859 1870 1914 ἀκροατήριον
1887 1863 1973 1897 θεῖον
1990 1858 2235 1912 εἰσερχόμενοι.
2253 1858 2343 1896 Ἀλλ’
2359 1857 2398 1896 ἂν

1376 1920 1438 1972 μὲν
1467 1921 1678 1974 κιθαρῳδὸς,
1705 1920 1728 1967 ἢ
1758 1920 1952 1972 ὀρχηστὴς,
1985 1919 2007 1966 ἢ
2037 1921 2139 1963 ἄλλος
2164 1922 2232 1958 τῶν
2262 1919 2319 1957 ἐπὶ
2339 1922 2400 1966 τῆς

1376 1986 1506 2030 σκηνῆς
1542 1982 1673 2033 καλέσῃ
1705 1981 1770 2029 τὴν
1805 1981 1920 2029 πόλιν,
1954 1981 2042 2032 μετὰ
2071 1982 2222 2027 σπουδῆς
2250 1980 2400 2023 ἅπαντες

1375 2043 1557 2096 τρέχουσι,
1572 2042 1632 2082 καὶ
1640 2043 1743 2097 χάριν
1761 2045 1852 2095 αὐτῷ
1864 2046 1924 2089 τ’ἧς
1937 2043 2091 2090 κλήσεως
2107 2041 2226 2087 ἴσασι,
2242 2041 2301 2080 καὶ
2313 2041 2400 2092 ἠμέ-

1378 2121 1439 2157 ρας
1457 2105 1647 2157 ὁλοκλήρου
1671 2104 1711 2142 τὸ
1736 2103 1846 2154 ἥμισυ
1875 2103 1977 2156 μέρος
2003 2102 2259 2150 ἀναλίσκουσιν,
2279 2102 2399 2154 ἐκείνῳ

1378 2166 1472 2217 μόνῳ
1502 2165 1750 2218 προσέχοντες·
1780 2167 1839 2202 τοῦ
1865 2164 1901 2201 δὲ
1925 2166 2016 2203 Θεοῦ
2037 2163 2093 2202 διὰ
2122 2166 2308 2215 προφητῶν
2340 2162 2399 2200 καὶ

1377 2226 1579 2264 ἀποστόλων
1593 2229 1676 2274 ἡμῖν
1689 2223 1932 2275 διαλεγομένου
1945 2254 1954 2271 ,
1968 2223 2190 2276 χασμώμεθα
2199 2253 2209 2271 ,
2224 2222 2399 2273 κνώμεθα,

1378 2287 1590 2337 ἷλιγγιῶμεν.
1620 2283 1689 2322 Καὶ
1715 2288 1729 2304 ³
1745 2286 1778 2321 ἐν
1810 2284 1871 2335 μὲν
1894 2286 1942 2335 τῷ
1967 2283 2058 2334 θέρει
2089 2283 2197 2326 πολὺς
2224 2287 2241 2321 ὅ
2266 2284 2399 2335 αὐχμὸς

1376 2340 1464 2385 εἶναι
1484 2347 1595 2392 δοκεῖ,
1616 2345 1676 2383 καὶ
1695 2344 1757 2391 τὴν
1778 2345 1906 2396 ἀγορὰν
1924 2344 2242 2396 καταλαμδάνομεν
2254 2359 2261 2368 ’
2278 2345 2338 2382 καὶ
2363 2347 2398 2382 ἐν

1376 2409 1524 2460 χειμῶνι
1538 2407 1657 2453 πάλιν,
1676 2409 1693 2444 ὁ
1711 2405 1807 2449 ὑετὸς
1822 2405 1967 2456 κώλυμα
1982 2404 2041 2443 καὶ
2061 2409 2077 2444 ὅ
2093 2405 2202 2452 πηλὸς
2213 2436 2222 2453 ,
2239 2406 2298 2443 καὶ
2312 2405 2398 2444 οἴκοι

1376 2468 1569 2520 καθήμεθα.
1590 2465 1660 2505 Καὶ
1680 2469 1713 2505 ἐν
1735 2464 1796 2516 μὲν
1816 2471 1891 2510 ταῖς
1908 2466 2172 2519 ἱπποδρομίαις,
2192 2468 2255 2504 οὐκ
2273 2467 2396 2520 ὀρόφου

1375 2528 1595 2580 ἐπικειμένου
1608 2533 1667 2566 τοῦ
1681 2527 1737 2565 τὸν
1753 2526 1847 2565 ὑετὸν
1867 2527 2045 2578 στέγοντος
2057 2556 2066 2573 ,
2084 2531 2115 2566 οἱ
2128 2527 2266 2571 πλείους
2285 2527 2398 2566 ι’πολ-

1374 2592 1443 2629 λῶν
1459 2588 1600 2642 ὅμὲρων
1628 2587 1930 2640 καταφερομένων,
1952 2588 2011 2626 καὶ
2033 2588 2160 2639 ἀνέμου
2180 2588 2220 2626 τὸ
2237 2587 2329 2640 ὕδωρ
2351 2590 2399 2632 εἰς

1373 2651 1436 2694 τὰς
1454 2650 1547 2702 ὄψεις
1574 2647 1779 2700 ῥιπίζοντος,
1800 2647 1966 2696 ἑστήκασι
1989 2649 2213 2699 μαινόμενοι,
2242 2649 2302 2686 καὶ
2331 2648 2397 2700 ψύ-

1373 2727 1473 2764 χους,
1492 2710 1551 2748 καὶ
1572 2713 1669 2748 ὑετοῦ
1685 2739 1695 2758 ,
1722 2708 1781 2746 καὶ
1800 2710 1912 2756 πηλοῦ
1926 2739 1936 2757 ,
1955 2709 2014 2746 καὶ
2037 2710 2167 2759 μήκους
2185 2711 2263 2748 ὁδοῦ
2282 2726 2396 2747 κατα-

1373 2775 1592 2824 φρονοῦντες,
1627 2769 1686 2807 καὶ
1726 2767 1821 2807 οὐδὲν
1856 2769 1977 2813 αὐτοὺς
2007 2771 2084 2807 οὔτε
2116 2770 2202 2808 οἴκοι
2233 2770 2394 2822 κατέχει,

1373 2832 1474 2872 “οὔτε
1502 2835 1571 2870 ἐκεῖ
1598 2831 1724 2868 κωλύει
1751 2831 1936 2876 διαδῆναι·
1959 2832 2105 2868 ἐνταῦθα
2128 2830 2163 2868 δὲ
2185 2830 2245 2868 καὶ
2264 2831 2394 2884 ὀρόφων

1375 2892 1616 2944 ἐπικειμένων,
1640 2891 1699 2929 καὶ
1719 2890 1849 2944 θέρμης
1865 2889 1969 2938 οὔσης
1985 2892 2187 2942 θαυμαστῆς
2199 2920 2208 2937 ,
2229 2890 2396 2929 ἀναδύον-

1374 2971 1432 2994 ται
1448 2953 1507 2992 καὶ
1523 2955 1559 2992 οὐ
1580 2951 1823 3005 συντρέχουσι·
1852 2952 1912 2989 καὶ
1927 2955 2036 2990 ταῦτα
2057 2951 2114 2990 ἐπὶ
2133 2951 2248 3005 κέρδει
2262 2955 2323 2998 τῆς
2343 2955 2396 2990 οἷ·

1374 3015 1469 3058 κείας
1489 3016 1613 3066 ψυχῆς.
1631 3014 1705 3050 Ποῦ
1725 3016 1833 3050 ταῦτα
1854 3012 1995 3058 ἀνεκτὰ,
2015 3012 2090 3050 εἶπέ
2110 3029 2189 3063 μοι,
2211 3011 2279 3050 Διὰ
2297 3016 2397 3051 τοῦτο

1375 3079 1407 3116 ἐν
1425 3075 1564 3117 ἐκείνοις
1579 3073 1718 3112 πάντων
1750 3071 1842 3116 ὄντες
1863 3072 2125 3124 ἐμπειρότεροι,
2146 3075 2179 3111 ἐν
2197 3078 2268 3115 τοῖς
2288 3075 2395 3124 ἀναγ-

1369 3138 1485 3181 καίοις
1504 3135 1635 3174 παίδων
1654 3133 1756 3184 ἐσμὲν
1787 3134 2030 3185 ἀμαθέστεροι.
2046 3134 2120 3173 Κᾶν
2143 3134 2204 3184 μέν
2223 3150 2274 3177 τις
2295 3135 2392 3180 ἡνιό-

1424 3280 1438 3301 b
1463 3278 1526 3309 Ms.
1546 3275 1673 3307 orient.
1697 3277 1812 3307 πολλῶν
1827 3278 1874 3305 καὶ
1893 3276 2033 3318 σφοδρῶν-

1424 3341 1434 3353 12
1466 3329 1557 3362 [deul
1575 3333 1639 3362 οὗτε
1658 3329 1760 3360 κωλύει
1777 3328 1953 3362 [magiam.
