2481 3678
634 192 923 223 ιΝαοΛΝΝΕΜ
962 189 1116 221 nomn„
1156 185 1312 217 vanL
1351 169 1411 216 aL

106 289 163 328 φον
179 275 448 327 κατακειμένους
462 278 543 326 ὃρᾷν
567 274 670 314 καλόν
687 292 696 322 ;
717 276 885 328 Περιττὸν
905 273 966 325 μὲν
990 265 1047 311 οῧν
1067 270 1126 310 καὶ

106 337 279 384 ἀνόνητον.
303 335 426 374 ’Έστιν
461 335 550 373 ἄλλα
585 335 870 386 οἰκοδομήματα,
899 331 1128 384 λαμπρότερα

106 400 223 449 πολλῷ
246 398 306 435 καὶ
333 395 524 447 σεμνότερα
547 394 696 433 τούτων·
713 396 770 433 ἐπὶ
796 401 866 438 τοῖς
885 392 1049 434 τοιούτοις
1075 392 1130 427 εὖ·

1449 186 1589 216 xnvn.
2086 167 2175 215 325

1195 267 1338 305 didiora
1359 275 1392 303 et
1408 266 1610 304 honestiora
1632 281 1639 301 :
1664 266 1720 304 his
1732 266 1851 303 oeulos
1871 265 2045 303 oblectare
2066 279 2180 315 opera:

1196 328 1353 381 pretium
1376 327 1508 364 fucrit:
1531 341 1571 364 ac
1599 340 1704 363 nemo
1733 335 1784 363 est
1812 326 1872 376 qui
1903 325 2086 376 impediat.
2115 325 2182 363 Vis

1196 397 1329 426 tectum
1344 387 1626 439 pulcherrimum
1646 386 1803 424 intueri?
1822 388 2018 437 Appetente
2037 398 2183 436 vespera

107 459 260 510 φραίνειν
284 457 359 501 τοὺς
389 456 584 508 ὀφθαλμοὺς
604 459 790 508 ἀναγκαῖον
804 471 811 479 ·
839 459 857 493 ὁ
875 454 943 505 γὰρ
965 451 1129 490 κωλύσων
1151 456 1175 485 C
1197 448 1280 488 vide
1299 449 1426 486 caelum
1442 448 1552 486 stellis
1573 457 1749 485 ornatum.
1775 446 1845 485 Sed
1874 460 1944 484 non
1977 455 2028 483 est
2055 454 2186 482 tectum

108 518 227 562 οὐδείς.
244 518 366 556 Βούλει
382 518 567 556 κάλλιστον
595 518 716 571 ὄροφον
739 517 820 554 ἰδεῖν
829 532 839 563 ;
869 512 1044 565 (Εσπέρας
1070 528 1133 550 κα-

106 579 344 626 ταλαὸούσης,
371 579 420 616 ἴδε
440 577 754 630 κατηστερισμένον
774 577 830 614 τὸν
860 573 1016 626 οὐρανόν.
1041 572 1132 609 Ἀλλ’

107 642 167 678 οὐκ
187 639 278 677 ἔστιν
309 639 390 690 ἐμὸς
409 639 548 692 ὄροφος,
571 638 668 691 φησί.
698 638 767 676 Καὶ
790 636 857 688 μὴν
885 629 981 677 οὗτος
1003 635 1134 685 μᾶλλον

109 700 186 747 σὸς,
209 699 228 745 ἢ
252 702 389 743 ἐκεῖνος.
408 700 476 738 Καὶ
496 699 563 752 γὰρ
580 700 636 738 διὰ
665 698 701 737 σὲ
720 697 857 749 γέγονε,
873 695 933 734 καὶ
951 694 1062 737 κοινός
1083 709 1136 731 σοι

111 761 198 811 μετὰ
219 764 287 799 τῶν
309 763 465 813 ἀδελφῶν
482 764 592 799 ἐστιν·
609 753 706 802 οὗτος
732 758 767 796 δὲ
786 760 823 796 οὐ
851 757 928 804 σὸς,
948 754 1039 793 ἀλλὰ
1066 757 1135 792 τῶν

112 823 200 873 μετὰ
221 822 284 869 τὴν
315 821 477 868 τελευτὴν
510 818 831 873 κληρονομούντων.
854 817 923 856 Καὶ
954 820 971 854 ὃ
1004 815 1064 866 μὲν
1092 815 1137 853 τὰ

109 884 257 935 μέγιστα
276 884 455 935 ὠφελῆσαι
478 880 680 928 δυνήσεται,
702 879 758 918 διὰ
783 884 842 918 τοῦ
876 879 1024 921 κάλλους
1053 877 1138 930 πρὸς

108 944 166 981 τὸν
187 943 396 995 δημιουργὸν
418 941 666 993 παραπέμπων
681 956 688 964 ·
710 933 807 984 οὗτος
822 939 859 978 δὲ
877 939 921 978 τὰ
937 938 1086 991 μέγιστοί
1101 954 1139 976 σε

109 1004 346 1055 καταὲλοίψει,
367 1002 560 1055 κατήγορός
586 1018 645 1040 σου
678 1001 838 1053 μέγιστος
875 1003 908 1039 ἐν
948 1003 991 1052 τῇ
1022 998 1139 1052 ἡμέρᾳ

111 1067 173 1110 τῆς
188 1064 334 1116 κρίσεως
346 1063 523 1115 γινόμενος
535 1094 543 1110 ,
558 1062 641 1101 ὅταν
660 1062 761 1106 αὐτὸς
783 1061 844 1112 μὲν
860 1063 980 1114 χρυσῷ
996 1061 1139 1112 περιδε-

111 1126 282 1177 ὅλημένος
303 1119 344 1177 ᾗ,
366 1128 383 1163 ὃ
403 1125 440 1163 δὲ
461 1125 612 1176 Χριστος
633 1123 721 1174 μηδὲ
741 1127 929 1174 ἀναγκαῖον
949 1122 1038 1174 ἔχων
1056 1122 1139 1173 ἱμά-

111 1202 194 1224 τιον.
231 1184 294 1232 Μὴ
332 1184 372 1231 δὴ
403 1184 575 1230 τοσαύτην
616 1183 733 1220 ἄνοιαν
768 1182 995 1232 ὑπομένωμεν
1008 1197 1016 1204 ·
1051 1179 1139 1231 μηδὲ

1198 524 1330 558 meum,
1359 509 1511 561 inquies.
1544 511 1622 547 Imo
1651 508 1763 559 magis
1797 517 1914 557 tuum,
1951 520 2061 557 quam
2095 504 2188 543 illud

1199 570 1310 608 aliud.
1334 572 1527 622 propterte
1538 583 1691 620 namque
1703 569 1837 606 factum
1855 577 1920 618 est,
1942 577 1976 605 et
2003 580 2189 604 commune

1199 631 1329 669 tibiest
1342 645 1423 669 eum
1442 630 1614 668 fratribus
1635 630 1717 667 tuis.
1747 630 1823 667 Hoc
1844 638 1962 666 autem
1992 626 2093 665 aliud
2119 640 2188 664 non

1200 702 1304 730 tuum
1320 702 1384 743 est,
1408 692 1469 730 sed
1490 691 1664 730 heredum
1685 700 1763 744 post
1788 699 1939 728 mortem
1955 699 2068 728 tuam.
2094 687 2191 726 Illud

1201 755 1358 793 maxime
1371 754 1440 792 tibi
1461 768 1534 792 esse
1551 754 1639 791 utile
1658 753 1801 806 poterit,
1820 766 1903 790 cum
1924 766 1969 790 ex
1988 750 2191 804 pulchritu-

1200 817 1284 855 dine
1302 831 1366 856 sua
1392 825 1425 854 te
1461 815 1506 853 ad
1539 816 1743 853 Creatorem
1772 814 1919 853 advocet
1927 829 1937 863 3
1972 813 2039 851 hoc
2073 821 2191 850 autem

1201 877 1303 916 aliud
1322 877 1479 915 maxime
1493 876 1653 927 nocebit,
1679 886 1784 927 teque
1795 875 1952 928 graviter
1967 875 2002 912 in
2023 874 2081 911 die
2092 873 2193 926 judi-

1201 943 1247 980 cii
1258 942 1457 992 accusabit,
1476 941 1620 992 quando
1634 941 1755 993 ipsum
1768 940 1913 991 quidem
1932 953 2018 976 auro
2036 937 2195 989 undique

1201 1003 1364 1055 fulgebit,
1382 1003 1544 1054 Christus
1565 1017 1650 1042 vero
1665 1017 1708 1040 ne
1725 1011 1821 1041 veste
1835 1001 1981 1052 quidem
2000 999 2195 1038 necessaria

1202 1074 1382 1104 contectus
1401 1065 1482 1102 erit.
1504 1065 1557 1102 Ne
1574 1064 1693 1114 itaque
1707 1063 1744 1101 in
1758 1073 1893 1101 tantam
1911 1062 2086 1100 insaniam
2106 1061 2195 1098 inci-

1201 1128 1350 1177 damus,
1389 1142 1431 1165 nc
1467 1127 1700 1177 insequamur
1728 1125 1915 1176 fugientia,
1946 1139 1989 1162 ne
2017 1123 2196 1175 fugiamus

1204 1189 1395 1238 manentia,
1420 1202 1463 1225 ne
1477 1187 1671 1240 prodamus
1696 1187 1846 1224 salutem
1865 1195 2036 1235 nostram,
2059 1184 2121 1222 sed
2142 1185 2196 1220 fu-

114 1246 295 1297 3U5M⁰³1²⁵V
325 1246 369 1284 τὰ
398 1245 584 1297 φεύγοντα,
605 1244 664 1282 καὶ
693 1244 874 1296 φεύγωμεν
893 1244 937 1280 τὰ
971 1242 1118 1294 μένοντα
1131 1257 1138 1264 '
1158 1254 1183 1282 D
1204 1260 1291 1288 turae
1305 1250 1379 1302 spei
1396 1250 1721 1296 haereamus‚senes
1737 1247 1853 1298 :quod
1872 1247 2026 1284 sciamus
2046 1259 2198 1298 parvum

114 1307 202 1358 μηδὲ
231 1308 414 1359 προδῶμεν
434 1309 534 1357 ἡμῶν
558 1304 620 1352 τὴν
652 1305 841 1356 σωτηρίαν,
874 1305 950 1342 ἀλλ’
987 1302 1142 1355 ἀντεχώ-

116 1372 204 1419 μεΟα
227 1371 290 1413 τῆς
325 1366 516 1417 μελλούσης
544 1366 699 1409 ἐλπίδος·
720 1369 751 1404 οἱ
785 1364 846 1416 μὲν
882 1363 1141 1416 γεγηρακότες,

115 1430 175 1467 ἅτε
206 1428 330 1471 εἰδότες
363 1430 540 1480 φανερῶς,
569 1426 623 1464 ὅτι
657 1426 769 1477 ὀλίγος
796 1429 880 1475 ἡμῖν
916 1424 1143 1462 ὑπολείπεται

517 1486 545 1502 ΝΣ

114 1493 176 1536 τῆς
195 1491 285 1534 ζωῆς
302 1488 444 1540 χρόνος·
463 1491 493 1525 οἱ
514 1497 547 1525 οε
567 1486 638 1525 νέοι
652 1516 661 1532 ,
686 1486 745 1523 ἅτε
761 1485 987 1536 πεπεισμένοι
1008 1487 1143 1536 σαφῶς,

113 1550 166 1588 ὅτι
185 1552 222 1587 οὖ
239 1548 326 1587 πολὺ
342 1549 380 1586 τὸ
395 1547 612 1598 λειπόμενον.
633 1547 693 1590 Ὡς
708 1545 775 1598 γὰρ
796 1546 948 1592 κλέπτης
969 1548 1003 1584 ἐν
1030 1545 1144 1592 νυκτὶ,

114 1611 224 1654 οὕτως
243 1614 265 1656 ἡ
281 1609 397 1661 ἡμέρα
417 1608 529 1655 ἐκείνη
547 1608 700 1661 ἔρχεται.
716 1609 826 1646 Ταῦτ’
844 1600 900 1645 οἶν
918 1606 1063 1654 εἰδότες,
1085 1606 1146 1644 καὶ

116 1678 276 1723 γυναῖκες
301 1670 427 1722 ἄνδρας
451 1671 728 1722 παρακαλῶμεν,
748 1668 808 1706 καὶ
840 1668 960 1720 ἄνδρες
979 1672 1146 1720 γυναῖκας

116 1734 342 1782 νουΟετῶμεν,
370 1730 430 1768 καὶ
452 1729 640 1782 νεωτέρους
662 1729 722 1768 καὶ
754 1729 946 1782 παρθένους
968 1728 1147 1767 διδάσκω-

120 1809 195 1844 μεν,
211 1793 271 1830 καὶ
299 1792 425 1835 πάντες
448 1791 619 1838 ἀλλήλους
638 1790 875 1841 παιδεύωμεν,
894 1793 962 1828 τῶν
999 1789 1060 1841 μὲν
1081 1805 1148 1828 πα-

121 1855 247 1907 ρόντων
277 1858 472 1905 ὑπερορᾷν,
505 1855 574 1891 τῶν
605 1852 639 1892 δὲ
676 1852 872 1904 μελλόντων
901 1851 1074 1904 ἐφίεσθαι,
1093 1850 1150 1888 ἵνα

120 1915 179 1953 καὶ
195 1920 335 1967 ἃτυχεῖν
360 1916 474 1952 αὐτῶν
495 1915 712 1965 δυνηθῶμεν,
728 1912 927 1966 χάριτι,καὶ
951 1914 1150 1966 φιλανθρω-

120 1976 184 2028 πίᾳ
202 1981 260 2015 τοῦ
290 1975 420 2027 Κυρίου
448 1978 547 2026 ἡμῶν
578 1976 694 2022 Ἰησοῦ
725 1976 899 2027 Χριστοῦ,
934 1976 976 2012 δι’
1015 1978 1053 2012 οὑ
1089 1973 1148 2012 καὶ
1172 1987 1196 2016 Ε

121 2040 196 2088 {230⁵
214 2041 251 2077 0¹3
275 2041 324 2090 Τῷ
350 2037 467 2089 Πατρὶ
487 2040 508 2083 ἦ
536 2036 639 2082 δόξα,
661 2037 736 2088 ἅμα
758 2040 808 2089 τῷ
835 2036 923 2089 ἁγίῳ
944 2035 1149 2086 Πνεύματι,

121 2104 177 2137 *zv
198 2099 256 2138 καὶ
274 2098 345 2146 ἀεὶ,
366 2098 425 2135 καὶ
455 2100 503 2142 εἷς
518 2096 597 2142 τοὺς
612 2099 738 2141 αἰῶνας
764 2100 833 2135 τῶν
855 2096 1001 2135 αἰώνων.
1027 2096 1148 2147 Ἀμήν.

168 2232 180 2245 ἔ·
205 2221 319 2253 Morel.
340 2229 437 2264 τυχεῖν
454 2225 634 2264 δυνηθῶμεν.

1203 1311 1308 1349 nobis
1327 1311 1411 1349 vitae
1431 1325 1577 1348 cursum
1601 1323 1781 1361 superesse
1788 1324 1798 1358 3
1817 1309 1977 1361 juvenes,
1996 1307 2092 1359 quod
2117 1321 2197 1359 per-

1205 1372 1299 1410 suasi
1317 1371 1386 1409 sint
1404 1385 1472 1408 non
1493 1371 1649 1408 multum
1665 1370 1735 1407 sibi
1751 1384 1931 1421 superesse
1950 1368 2130 1420 temporis.
2149 1369 2199 1406 Ut

1208 1433 1398 1483 enimsur
1421 1434 1462 1468 in
1495 1440 1617 1477 nocte,
1639 1433 1695 1467 ita
1711 1431 1792 1467 dies
1814 1430 1882 1467 ille
1902 1431 2095 1467 adveniet.
2113 1429 2199 1466 Haec

1208 1492 1327 1543 itaque
1346 1506 1430 1529 cum
1449 1491 1619 1540 sciamus,
1637 1499 1669 1528 et
1684 1505 1814 1527 uxores
1830 1491 1928 1527 viros
1947 1490 2149 1540 hortentur,
2167 1499 2200 1527 et

1209 1554 1282 1594 viri
1302 1568 1431 1591 uxores
1452 1561 1629 1601 moneant,
1646 1551 1806 1604 juniores
1830 1565 1870 1589 ac
1894 1551 2053 1601 virgines
2075 1550 2202 1588 docea-

1212 1629 1302 1663 mus,
1315 1628 1447 1665 nosque
1462 1628 1582 1652 omnes
1594 1622 1721 1650 mutuo
1741 1612 1971 1650 instituamus
1983 1612 2030 1649 ad
2050 1626 2204 1664 praesen-

1215 1676 1265 1714 tia
1284 1674 1554 1724 contemnenda,
1573 1683 1606 1711 et
1625 1674 1747 1711 futura
1768 1672 2064 1725 concupiscenda,
2086 1682 2123 1710 ut
2143 1672 2206 1710 illa

1213 1736 1379 1787 consequi
1410 1735 1597 1787 possimus,
1623 1734 1737 1785 gratia
1767 1743 1800 1771 et
1819 1733 2037 1785 benignitate
2060 1733 2206 1771 Domini

1213 1797 1324 1836 nostri
1350 1799 1434 1836 Jesu
1468 1795 1614 1844 Christi,
1633 1810 1694 1847 per
1715 1809 1823 1845 quem
1851 1804 1884 1832 et
1910 1809 1992 1832 cum
2016 1809 2084 1845 quo
2110 1795 2207 1833 Patri

1215 1858 1341 1910 gloria,
1372 1871 1513 1908 unaque
1538 1856 1691 1908 Spiritui
1708 1865 1844 1905 saneto,
1868 1870 1964 1894 nunc
1995 1865 2028 1893 et
2051 1869 2206 1908 semper,

1216 1928 1250 1958 et
1266 1919 1302 1957 in
1317 1919 1446 1957 saecula
1461 1918 1688 1957 saeculorum,
1714 1918 1838 1955 Amen.

499 2482 679 2520 ΟΜΙΛῙΑ
708 2480 781 2532 μη’.

127 2605 197 2643 Καὶ
210 2605 414 2656 περιεπάτει
433 2607 450 2642 ὃ
464 2604 599 2652 Ἰησοῦς
621 2604 710 2655 μετὰ
726 2608 836 2642 ταῦτα
853 2606 886 2642 ἐν
902 2608 944 2657 τῇ
962 2604 1153 2658 Γαλιλαίᾳ·

179 2669 216 2704 οὐ
235 2666 301 2718 γὰρ
321 2666 441 2711 ἤθελεν
464 2670 498 2706 ἐν
527 2669 569 2714 τῆ
590 2665 742 2718 Ἰουδαίᾳ
769 2671 987 2717 περιπατεῖν,
1003 2665 1055 2703 ὅτι
1077 2665 1155 2712 ἐζή-

178 2742 258 2765 τουν
276 2727 377 2765 αὐτὸν
396 2729 426 2765 οἱ
452 2727 612 2764 Ἰουδαῖοι
633 2729 846 2764 ἀποκτεῖναι.
862 2719 932 2764 ὟΗν
957 2725 990 2766 δὲ
1011 2725 1110 2777 ἐγγὺς
1131 2729 1152 2771 ἡ

181 2787 281 2841 ἑορτὴ
309 2791 377 2826 τῶν
398 2787 590 2836 Ἰουδαίων,
609 2790 631 2833 ἡ
653 2786 885 2838 σκηνοπηγία.

180 2975 290 3013 Οὐδὲν
309 2975 430 3027 ιρΟόνου
445 2981 561 3028 χεῖρον
580 2976 639 3014 καὶ
662 2974 871 3027 βασκανίας·
896 2974 1003 3018 οὕτως
1019 2977 1036 3013 ὃ
1052 2974 1155 3013 θάνα-

129 3053 184 3081 τος
203 3039 249 3079 εἷς
270 3036 327 3074 τὸν
349 3035 479 3087 κόσμον
505 3038 674 3083 εἰσῆλθεν.
697 3036 843 3083 Ἐπειδὴ
865 3036 931 3088 γὰρ
952 3029 1037 3073 εἶδεν
1055 3038 1072 3073 ὃ
1089 3035 1157 3072 διά-

1166 2479 1213 2503 283

1519 2480 1732 2518 HOMILIA
1757 2479 1929 2520 XLVIII.

1225 2602 1315 2639 CAP.
1350 2601 1430 2640 VII.
1451 2615 1486 2639 v.
1513 2603 1550 2637 1.
1582 2602 1679 2638 Post
1716 2602 1797 2639 hoee
1828 2610 1958 2639 autem
1985 2603 2212 2642 ambulabat

1292 2663 1406 2700 Jesus
1433 2664 1476 2699 in
1505 2661 1675 2699 Galiloea
1694 2677 1705 2697 .·
1737 2676 1814 2699 non
1845 2664 1948 2700 enim
1984 2664 2141 2702 volebat
2173 2668 2213 2703 in

1276 2723 1419 2760 Judoea
1434 2723 1649 2768 ambulare,
1671 2725 1764 2774 quia
1781 2725 2004 2774 quaerebant
2029 2739 2114 2762 eum
2141 2727 2212 2764 Ju-

1277 2785 1352 2821 doei
1378 2783 1655 2835 interficere&
1674 2785 1776 2821 Erat
1804 2792 1932 2822 autem
1963 2788 2004 2822 in
2037 2789 2213 2837 proximo

1277 2846 1357 2882 dies
1375 2846 1508 2897 festus
1537 2845 1779 2891 chdaeorum‚
1803 2845 2046 2898 Scenopegia.

1279 2970 1313 3005 1.
1346 2967 1449 3005 Nihil
1480 2967 1609 3017 livore,
1642 2967 1735 3005 nihil
1766 2966 1905 3006 invidia
1938 2967 2117 3020 deterius,
2150 2983 2213 3021 per

1224 3043 1302 3066 eam
1320 3043 1416 3066 mors
1433 3028 1469 3065 in
1488 3027 1665 3066 mundum
1694 3027 1855 3066 intravit.
1876 3028 1970 3074 Quia
2000 3029 2095 3066 enim
2120 3030 2214 3068 vidit

130 3099 228 3142 ὅολος
246 3098 303 3135 τὸν
324 3097 502 3148 ἄνθρωπον
527 3098 737 3149 τιμώμενον,
757 3100 819 3136 οὐκ
836 3096 981 3149 ἐνεγκὼν
997 3096 1060 3142 τὴν
1081 3099 1158 3143 εὐη-
1179 3105 1202 3134 Β
1227 3092 1393 3130 diabolus
1411 3091 1594 3129 hominem
1610 3091 1645 3129 in
1664 3091 1798 3129 honore
1814 3091 1954 3141 haberi,
1972 3093 2046 3144 ejus
2063 3092 2214 3130 felicita-

132 3158 270 3212 μερίαν,
289 3158 405 3196 πάντα
421 3156 589 3210 ἔπραττεν
604 3157 694 3196 ὥστε
709 3158 811 3196 αὐτὸν
828 3160 970 3196 ἀνελεῖν.
988 3156 1057 3195 Καὶ
1072 3173 1160 3195 παν-

131 3222 241 3270 ταχοῦ
261 3222 323 3265 τῆς
340 3218 434 3271 ῥίζης
447 3218 574 3266 ταύτης
594 3222 713 3257 τοῦτον
733 3219 797 3258 ἴδοι
815 3235 867 3262 τις
887 3217 925 3256 ἂν
947 3217 1004 3255 τὸν
1025 3217 1158 3269 καρπὸν

200 3279 208 3293 l
376 3279 393 3294 (l
511 3280 518 3292 ἱ
542 3279 557 3292 >l
665 3282 675 3293 3
740 3280 748 3293 Ι
854 3278 871 3290 ‘¹'
1126 3279 1159 3294 *N

135 3295 324 3331 γινομενον.
341 3281 447 3318 Ουτω
464 3296 524 3318 και
554 3280 646 3318 Αόελ
660 3295 813 3332 εσεραγη,
835 3295 922 3316 ουτω
942 3278 1001 3316 καὶ
1017 3282 1035 3316 ὁ
1051 3281 1158 3317 Δαυιο

135 3342 288 3391 ἔμελλεν,
310 3340 399 3379 οὕτω
425 3342 483 3378 καὶ
511 3342 610 3380 ἄλλοι
630 3340 750 3379 πολλοὶ
772 3343 840 3378 τῶν
862 3339 1003 3378 δικαίων
1017 3356 1024 3363 ·
1046 3343 1160 3379 ἐντεῦ-

136 3406 190 3439 θεν
208 3402 267 3439 καὶ
283 3402 441 3440 Ἰουδαῖοι
457 3402 694 3453 χριστοκτόνοι
711 3401 882 3451 γεγόνασι.
901 3400 969 3439 Καὶ
986 3405 1085 3439 τοῦτο
1101 3403 1160 3447 δη·

1230 3163 1299 3192 tem
1317 3168 1387 3191 non
1409 3154 1538 3203 ferens,
1570 3153 1664 3191 nihil
1692 3167 1762 3190 non
1785 3153 1858 3204 egit
1881 3162 1921 3190 ut
1939 3168 2021 3190 eum
2037 3154 2212 3205 perderet.

1229 3216 1258 3252 A
1279 3214 1340 3252 tali
1357 3213 1477 3252 radice
1498 3214 1606 3251 talem
1622 3214 1780 3251 fructum
1799 3228 1983 3265 erumpere
2001 3228 2138 3265 semper
2157 3215 2213 3253 vi-

1227 3278 1364 3317 demus.
1383 3278 1450 3316 Per
1472 3278 1563 3316 hanc
1585 3278 1673 3315 Abel
1696 3277 1831 3315 occisus
1853 3286 1925 3325 est,
1948 3291 2011 3328 per
2037 3278 2128 3315 hanc
2146 3280 2218 3317 Da-

1229 3339 1293 3378 vid
1319 3340 1354 3377 in
1383 3339 1507 3377 mortis
1539 3338 1740 3390 perieulum
1769 3337 1886 3385 venit,
1909 3338 2083 3388 perhanc
2113 3340 2215 3378 multi

1231 3401 1290 3439 alii
1313 3401 1398 3451 justi
1424 3400 1516 3451 passi
1548 3408 1653 3444 sun13
1681 3412 1744 3448 per
1773 3398 1862 3435 hanc
1886 3398 2069 3436 Christum
2098 3400 2215 3438 Judaxi

2217 1368 2397 1398 1.leess.5‚

2214 1420 2244 1440 2.

2227 2607 2296 2644 Cap.
2310 2615 2339 2643 7.

2300 2977 2415 3007 Invidia

2267 3026 2409 3055 quantum

2229 3060 2348 3087 malum.

2227 3117 2304 3156 Sap.
2320 3124 2349 3144 2.
2364 3117 2413 3153 24.
