<?xml version="1.0" encoding="UTF-8"?>
<!DOCTYPE html PUBLIC "-//W3C//DTD XHTML 1.0 Transitional//EN"
    "http://www.w3.org/TR/xhtml1/DTD/xhtml1-transitional.dtd">
<html xmlns="http://www.w3.org/1999/xhtml" xml:lang="en" lang="en">
 <head>
  <title>
</title>
<meta http-equiv="Content-Type" content="text/html;charset=utf-8" />
  <meta name='ocr-system' content='tesseract 3.04.00' />
  <meta name='ocr-capabilities' content='ocr_page ocr_carea ocr_par ocr_line ocrx_word'/>
</head>
<body>
  <div class='ocr_page' id='page_1' title='image "./operaomniaquaeex08johnuoft_0398.png"; bbox 0 0 2481 3678; ppageno 0'>
   <div class='ocr_carea' id='block_1_1' title="bbox 76 313 265 504">
    <p class='ocr_par' dir='ltr' id='par_1_1' title="bbox 76 313 265 504">
     <span class='ocr_line' id='line_1_1' title="bbox 96 313 262 341; baseline 0.006 -1"><span class='ocrx_word' id='word_1_1' title='bbox 96 313 131 340; x_wconf 83' lang='lat' dir='ltr'>Iu</span> <span class='ocrx_word' id='word_1_2' title='bbox 146 314 262 341; x_wconf 78' lang='lat' dir='ltr'>Christo</span> 
     </span>
     <span class='ocr_line' id='line_1_2' title="bbox 77 363 262 392; baseline 0 -10"><span class='ocrx_word' id='word_1_3' title='bbox 77 363 146 382; x_wconf 76' lang='lat' dir='ltr'>vox.</span> <span class='ocrx_word' id='word_1_4' title='bbox 178 365 262 392; x_wconf 68' lang='lat' dir='ltr'>sum,</span> 
     </span>
     <span class='ocr_line' id='line_1_3' title="bbox 76 399 257 432; baseline 0.006 -10"><span class='ocrx_word' id='word_1_5' title='bbox 76 399 257 432; x_wconf 79' lang='lat' dir='ltr'>perpetuita-</span> 
     </span>
     <span class='ocr_line' id='line_1_4' title="bbox 76 439 265 475; baseline 0.016 -13"><span class='ocrx_word' id='word_1_6' title='bbox 76 443 135 463; x_wconf 70' lang='lat' dir='ltr'>tem</span> <span class='ocrx_word' id='word_1_7' title='bbox 157 439 265 475; x_wconf 74' lang='lat' dir='ltr'>signiti-</span> 
     </span>
     <span class='ocr_line' id='line_1_5' title="bbox 79 483 133 504; baseline 0.019 -1"><span class='ocrx_word' id='word_1_8' title='bbox 79 483 133 504; x_wconf 75' lang='lat' dir='ltr'>cat.</span> 
     </span>
    </p>
   </div>
   <div class='ocr_carea' id='block_1_2' title="bbox 74 1605 257 1636">
    <p class='ocr_par' dir='ltr' id='par_1_2' title="bbox 74 1605 257 1636">
     <span class='ocr_line' id='line_1_6' title="bbox 74 1605 257 1636; baseline 0 -2"><span class='ocrx_word' id='word_1_9' title='bbox 74 1607 166 1634; x_wconf 48' lang='lat' dir='ltr'>Helu*¹</span> <span class='ocrx_word' id='word_1_10' title='bbox 185 1608 213 1636; x_wconf 83' lang='lat'>3.</span> <span class='ocrx_word' id='word_1_11' title='bbox 227 1605 257 1634; x_wconf 79' lang='grc'>8.</span> 
     </span>
    </p>
   </div>
   <div class='ocr_carea' id='block_1_3' title="bbox 706 218 726 239">
    <p class='ocr_par' dir='ltr' id='par_1_3' title="bbox 706 218 726 239">
     <span class='ocr_line' id='line_1_7' title="bbox 706 218 726 239; baseline 0 -4"><span class='ocrx_word' id='word_1_12' title='bbox 706 218 726 239; x_wconf 68' lang='grc' dir='ltr'>ς</span> 
     </span>
    </p>
   </div>
   <div class='ocr_carea' id='block_1_4' title="bbox 278 204 1243 263">
    <p class='ocr_par' dir='ltr' id='par_1_4' title="bbox 278 204 1243 263">
     <span class='ocr_line' id='line_1_8' title="bbox 278 204 1243 263; baseline -0.002 -16"><span class='ocrx_word' id='word_1_13' title='bbox 278 204 366 263; x_wconf 78' lang='lat'>572</span> <span class='ocrx_word' id='word_1_14' title='bbox 707 238 743 247; x_wconf 48' lang='grc' dir='ltr'>ε.</span> <span class='ocrx_word' id='word_1_15' title='bbox 783 217 966 247; x_wconf 49' lang='grc'>1011111115</span> <span class='ocrx_word' id='word_1_16' title='bbox 1001 216 1243 246; x_wconf 67' lang='grc'>0111115051.</span> 
     </span>
    </p>
   </div>
   <div class='ocr_carea' id='block_1_5' title="bbox 273 298 1262 2006">
    <p class='ocr_par' dir='ltr' id='par_1_5' title="bbox 273 298 1262 2006">
     <span class='ocr_line' id='line_1_9' title="bbox 276 298 1258 351; baseline -0.002 -15"><span class='ocrx_word' id='word_1_17' title='bbox 276 298 361 336; x_wconf 81' lang='lat' dir='ltr'>Haec</span> <span class='ocrx_word' id='word_1_18' title='bbox 381 299 512 351; x_wconf 85' lang='lat' dir='ltr'>quippe</span> <span class='ocrx_word' id='word_1_19' title='bbox 538 312 609 337; x_wconf 78' lang='lat' dir='ltr'>vox</span> <span class='ocrx_word' id='word_1_20' title='bbox 639 298 818 349; x_wconf 82' lang='lat' dir='ltr'>significat</span> <span class='ocrx_word' id='word_1_21' title='bbox 844 298 960 350; x_wconf 88' lang='lat' dir='ltr'>ipsum</span> <span class='ocrx_word' id='word_1_22' title='bbox 980 307 1150 350; x_wconf 85' lang='lat' dir='ltr'>perpetuo</span> <span class='ocrx_word' id='word_1_23' title='bbox 1165 310 1258 347; x_wconf 85' lang='lat' dir='ltr'>esse,</span> 
     </span>
     <span class='ocr_line' id='line_1_10' title="bbox 277 356 1260 412; baseline -0.003 -14"><span class='ocrx_word' id='word_1_24' title='bbox 277 360 323 398; x_wconf 86' lang='lat' dir='ltr'>ab</span> <span class='ocrx_word' id='word_1_25' title='bbox 342 360 437 398; x_wconf 89' lang='lat' dir='ltr'>omni</span> <span class='ocrx_word' id='word_1_26' title='bbox 452 359 605 398; x_wconf 88' lang='lat' dir='ltr'>liberum</span> <span class='ocrx_word' id='word_1_27' title='bbox 622 370 797 412; x_wconf 77' lang='lat' dir='ltr'>tempore3</span> <span class='ocrx_word' id='word_1_28' title='bbox 820 359 968 409; x_wconf 84' lang='lat' dir='ltr'>ideoque</span> <span class='ocrx_word' id='word_1_29' title='bbox 989 359 1076 410; x_wconf 87' lang='lat' dir='ltr'>ipsis</span> <span class='ocrx_word' id='word_1_30' title='bbox 1096 356 1260 410; x_wconf 82' lang='lat' dir='ltr'>blasphe-</span> 
     </span>
     <span class='ocr_line' id='line_1_11' title="bbox 279 420 1260 471; baseline -0.004 -11"><span class='ocrx_word' id='word_1_31' title='bbox 279 437 335 460; x_wconf 85' lang='lat' dir='ltr'>ma</span> <span class='ocrx_word' id='word_1_32' title='bbox 354 437 427 461; x_wconf 79' lang='lat' dir='ltr'>vox</span> <span class='ocrx_word' id='word_1_33' title='bbox 447 436 519 460; x_wconf 85' lang='lat' dir='ltr'>esse</span> <span class='ocrx_word' id='word_1_34' title='bbox 544 421 743 460; x_wconf 68' lang='lat' dir='ltr'>videbatur.</span> <span class='ocrx_word' id='word_1_35' title='bbox 768 421 839 467; x_wconf 90' lang='lat' dir='ltr'>Qui</span> <span class='ocrx_word' id='word_1_36' title='bbox 858 433 941 458; x_wconf 81' lang='lat' dir='ltr'>vero</span> <span class='ocrx_word' id='word_1_37' title='bbox 962 420 1260 471; x_wconf 78' lang='lat' dir='ltr'>comparationem</span> 
     </span>
     <span class='ocr_line' id='line_1_12' title="bbox 278 480 1260 529; baseline -0.005 -7"><span class='ocrx_word' id='word_1_38' title='bbox 278 484 378 522; x_wconf 86' lang='lat' dir='ltr'>illam</span> <span class='ocrx_word' id='word_1_39' title='bbox 396 498 477 522; x_wconf 87' lang='lat' dir='ltr'>cum</span> <span class='ocrx_word' id='word_1_40' title='bbox 500 483 700 520; x_wconf 71' lang='lat' dir='ltr'>Abraliamo</span> <span class='ocrx_word' id='word_1_41' title='bbox 720 496 788 519; x_wconf 89' lang='lat' dir='ltr'>non</span> <span class='ocrx_word' id='word_1_42' title='bbox 813 480 985 529; x_wconf 85' lang='lat' dir='ltr'>serebant,</span> <span class='ocrx_word' id='word_1_43' title='bbox 1007 480 1087 517; x_wconf 89' lang='lat' dir='ltr'>licet</span> <span class='ocrx_word' id='word_1_44' title='bbox 1109 480 1170 517; x_wconf 87' lang='lat' dir='ltr'>illa</span> <span class='ocrx_word' id='word_1_45' title='bbox 1191 494 1260 518; x_wconf 89' lang='lat' dir='ltr'>non</span> 
     </span>
     <span class='ocr_line' id='line_1_13' title="bbox 279 541 1260 594; baseline -0.006 -11"><span class='ocrx_word' id='word_1_46' title='bbox 279 554 374 583; x_wconf 83' lang='lat' dir='ltr'>tanta</span> <span class='ocrx_word' id='word_1_47' title='bbox 394 553 506 593; x_wconf 86' lang='lat' dir='ltr'>esset;</span> <span class='ocrx_word' id='word_1_48' title='bbox 531 544 560 581; x_wconf 87' lang='lat' dir='ltr'>si</span> <span class='ocrx_word' id='word_1_49' title='bbox 581 557 672 594; x_wconf 78' lang='lat' dir='ltr'>saepe</span> <span class='ocrx_word' id='word_1_50' title='bbox 697 556 732 580; x_wconf 88' lang='lat' dir='ltr'>se</span> <span class='ocrx_word' id='word_1_51' title='bbox 764 541 860 580; x_wconf 85' lang='lat' dir='ltr'>Patri</span> <span class='ocrx_word' id='word_1_52' title='bbox 883 549 1117 591; x_wconf 72' lang='lat' dir='ltr'>coaequasset,</span> <span class='ocrx_word' id='word_1_53' title='bbox 1145 554 1260 578; x_wconf 89' lang='lat' dir='ltr'>annon</span> 
     </span>
     <span class='ocr_line' id='line_1_14' title="bbox 279 601 1262 658; baseline -0.006 -14"><span class='ocrx_word' id='word_1_54' title='bbox 279 608 383 644; x_wconf 86' lang='lat' dir='ltr'>illum</span> <span class='ocrx_word' id='word_1_55' title='bbox 412 615 579 658; x_wconf 85' lang='lat' dir='ltr'>perpetuo</span> <span class='ocrx_word' id='word_1_56' title='bbox 616 603 871 656; x_wconf 75' lang='lat' dir='ltr'>impetiissenti‘</span> <span class='ocrx_word' id='word_1_57' title='bbox 905 601 1041 639; x_wconf 80' lang='lat' dir='ltr'>Deinde</span> <span class='ocrx_word' id='word_1_58' title='bbox 1072 602 1162 652; x_wconf 80' lang='lat' dir='ltr'>fugit</span> <span class='ocrx_word' id='word_1_59' title='bbox 1199 602 1262 639; x_wconf 75' lang='lat' dir='ltr'>ite-</span> 
     </span>
     <span class='ocr_line' id='line_1_15' title="bbox 279 663 1262 713; baseline -0.005 -7"><span class='ocrx_word' id='word_1_60' title='bbox 279 683 358 706; x_wconf 89' lang='lat' dir='ltr'>rum</span> <span class='ocrx_word' id='word_1_61' title='bbox 376 668 530 706; x_wconf 87' lang='lat' dir='ltr'>humano</span> <span class='ocrx_word' id='word_1_62' title='bbox 561 680 682 713; x_wconf 84' lang='lat' dir='ltr'>more,</span> <span class='ocrx_word' id='word_1_63' title='bbox 703 675 735 703; x_wconf 89' lang='lat' dir='ltr'>ct</span> <span class='ocrx_word' id='word_1_64' title='bbox 767 663 951 702; x_wconf 70' lang='lat' dir='ltr'>abscondit</span> <span class='ocrx_word' id='word_1_65' title='bbox 985 678 1045 713; x_wconf 85' lang='lat' dir='ltr'>se,</span> <span class='ocrx_word' id='word_1_66' title='bbox 1074 677 1154 700; x_wconf 79' lang='lat' dir='ltr'>cum</span> <span class='ocrx_word' id='word_1_67' title='bbox 1177 663 1262 701; x_wconf 82' lang='lat' dir='ltr'>satis</span> 
     </span>
     <span class='ocr_line' id='line_1_16' title="bbox 279 723 1258 778; baseline -0.005 -13"><span class='ocrx_word' id='word_1_68' title='bbox 279 743 335 767; x_wconf 84' lang='lat' dir='ltr'>cos</span> <span class='ocrx_word' id='word_1_69' title='bbox 354 728 532 766; x_wconf 85' lang='lat' dir='ltr'>docuisset</span> <span class='ocrx_word' id='word_1_70' title='bbox 553 736 586 765; x_wconf 85' lang='lat' dir='ltr'>et</span> <span class='ocrx_word' id='word_1_71' title='bbox 604 741 667 765; x_wconf 85' lang='lat' dir='ltr'>sua</span> <span class='ocrx_word' id='word_1_72' title='bbox 690 726 891 778; x_wconf 80' lang='lat' dir='ltr'>iinplcsset3</span> <span class='ocrx_word' id='word_1_73' title='bbox 914 724 1027 762; x_wconf 77' lang='lat' dir='ltr'>exivit</span> <span class='ocrx_word' id='word_1_74' title='bbox 1046 723 1090 761; x_wconf 91' lang='lat' dir='ltr'>de</span> <span class='ocrx_word' id='word_1_75' title='bbox 1112 723 1258 775; x_wconf 83' lang='lat' dir='ltr'>templo,</span> 
     </span>
     <span class='ocr_line' id='line_1_17' title="bbox 278 783 1259 838; baseline -0.005 -12"><span class='ocrx_word' id='word_1_76' title='bbox 278 800 310 828; x_wconf 82' lang='grc'>01</span> <span class='ocrx_word' id='word_1_77' title='bbox 326 789 464 828; x_wconf 86' lang='lat' dir='ltr'>secessit</span> <span class='ocrx_word' id='word_1_78' title='bbox 478 789 525 827; x_wconf 90' lang='lat' dir='ltr'>ad</span> <span class='ocrx_word' id='word_1_79' title='bbox 545 789 625 827; x_wconf 67' lang='lat' dir='ltr'>cccci</span> <span class='ocrx_word' id='word_1_80' title='bbox 642 787 871 835; x_wconf 84' lang='lat' dir='ltr'>curationem,</span> <span class='ocrx_word' id='word_1_81' title='bbox 882 786 1048 838; x_wconf 85' lang='lat' dir='ltr'>operibus</span> <span class='ocrx_word' id='word_1_82' title='bbox 1068 783 1175 822; x_wconf 77' lang='lat' dir='ltr'>Iidem</span> <span class='ocrx_word' id='word_1_83' title='bbox 1191 784 1259 821; x_wconf 89' lang='lat' dir='ltr'>sibi</span> 
     </span>
     <span class='ocr_line' id='line_1_18' title="bbox 277 845 1261 902; baseline -0.007 -13"><span class='ocrx_word' id='word_1_84' title='bbox 277 851 480 902; x_wconf 78' lang='lat' dir='ltr'>concilians,</span> <span class='ocrx_word' id='word_1_85' title='bbox 501 850 598 902; x_wconf 90' lang='lat' dir='ltr'>quod</span> <span class='ocrx_word' id='word_1_86' title='bbox 615 863 739 900; x_wconf 84' lang='lat' dir='ltr'>nempe</span> <span class='ocrx_word' id='word_1_87' title='bbox 765 857 845 886; x_wconf 88' lang='lat' dir='ltr'>ante</span> <span class='ocrx_word' id='word_1_88' title='bbox 871 846 1050 884; x_wconf 83' lang='lat' dir='ltr'>Abraham</span> <span class='ocrx_word' id='word_1_89' title='bbox 1074 854 1174 883; x_wconf 82' lang='lat' dir='ltr'>esset.</span> <span class='ocrx_word' id='word_1_90' title='bbox 1191 845 1261 884; x_wconf 88' lang='lat' dir='ltr'>Sed</span> 
     </span>
     <span class='ocr_line' id='line_1_19' title="bbox 276 909 1259 963; baseline -0.006 -14"><span class='ocrx_word' id='word_1_91' title='bbox 276 913 364 951; x_wconf 86' lang='lat' dir='ltr'>sorte</span> <span class='ocrx_word' id='word_1_92' title='bbox 393 912 487 950; x_wconf 87' lang='lat' dir='ltr'>dicet</span> <span class='ocrx_word' id='word_1_93' title='bbox 517 910 806 963; x_wconf 72' lang='lat' dir='ltr'>quispiathur</span> <span class='ocrx_word' id='word_1_94' title='bbox 835 909 980 946; x_wconf 87' lang='lat' dir='ltr'>illorum</span> <span class='ocrx_word' id='word_1_95' title='bbox 1006 916 1172 945; x_wconf 89' lang='lat' dir='ltr'>conatum</span> <span class='ocrx_word' id='word_1_96' title='bbox 1191 920 1259 944; x_wconf 92' lang='lat' dir='ltr'>non</span> 
     </span>
     <span class='ocr_line' id='line_1_20' title="bbox 276 967 1260 1025; baseline -0.01 -13"><span class='ocrx_word' id='word_1_97' title='bbox 276 973 406 1025; x_wconf 74' lang='lat' dir='ltr'>fregit?</span> <span class='ocrx_word' id='word_1_98' title='bbox 426 973 476 1011; x_wconf 87' lang='grc'>510</span> <span class='ocrx_word' id='word_1_99' title='bbox 503 973 597 1011; x_wconf 83' lang='grc'>0111111</span> <span class='ocrx_word' id='word_1_100' title='bbox 620 973 709 1010; x_wconf 85' lang='lat' dir='ltr'>forte</span> <span class='ocrx_word' id='word_1_101' title='bbox 741 969 985 1008; x_wconf 80' lang='lat' dir='ltr'>credidissent.</span> <span class='ocrx_word' id='word_1_102' title='bbox 1017 967 1260 1020; x_wconf 78' lang='lat' dir='ltr'>paralyticum</span> 
     </span>
     <span class='ocr_line' id='line_1_21' title="bbox 277 1028 1259 1084; baseline -0.01 -10"><span class='ocrx_word' id='word_1_103' title='bbox 277 1035 426 1084; x_wconf 70' lang='lat' dir='ltr'>sanavit,</span> <span class='ocrx_word' id='word_1_104' title='bbox 447 1049 509 1072; x_wconf 89' lang='lat' dir='ltr'>nec</span> <span class='ocrx_word' id='word_1_105' title='bbox 539 1033 783 1081; x_wconf 84' lang='lat' dir='ltr'>erediderunt;</span> <span class='ocrx_word' id='word_1_106' title='bbox 811 1031 908 1068; x_wconf 89' lang='lat' dir='ltr'>mille</span> <span class='ocrx_word' id='word_1_107' title='bbox 930 1030 1029 1080; x_wconf 83' lang='lat' dir='ltr'>signa</span> <span class='ocrx_word' id='word_1_108' title='bbox 1049 1028 1144 1077; x_wconf 87' lang='lat' dir='ltr'>fecit,</span> <span class='ocrx_word' id='word_1_109' title='bbox 1169 1036 1202 1065; x_wconf 83' lang='lat' dir='ltr'>et</span> <span class='ocrx_word' id='word_1_110' title='bbox 1224 1028 1259 1064; x_wconf 90' lang='grc'>111</span> 
     </span>
     <span class='ocr_line' id='line_1_22' title="bbox 276 1088 1259 1149; baseline -0.011 -14"><span class='ocrx_word' id='word_1_111' title='bbox 276 1098 352 1149; x_wconf 84' lang='lat' dir='ltr'>ipsa</span> <span class='ocrx_word' id='word_1_112' title='bbox 387 1096 548 1148; x_wconf 81' lang='lat' dir='ltr'>passione</span> <span class='ocrx_word' id='word_1_113' title='bbox 582 1094 727 1146; x_wconf 88' lang='lat' dir='ltr'>supinos</span> <span class='ocrx_word' id='word_1_114' title='bbox 762 1093 842 1129; x_wconf 87' lang='lat' dir='ltr'>illos</span> <span class='ocrx_word' id='word_1_115' title='bbox 872 1088 1081 1142; x_wconf 79' lang='lat' dir='ltr'>prostrayit,</span> <span class='ocrx_word' id='word_1_116' title='bbox 1114 1088 1259 1126; x_wconf 86' lang='lat' dir='ltr'>illorum</span> 
     </span>
     <span class='ocr_line' id='line_1_23' title="bbox 275 1150 1256 1202; baseline -0.011 -7"><span class='ocrx_word' id='word_1_117' title='bbox 275 1158 396 1195; x_wconf 86' lang='lat' dir='ltr'>oculos</span> <span class='ocrx_word' id='word_1_118' title='bbox 415 1156 674 1202; x_wconf 83' lang='lat' dir='ltr'>obtenebravit,</span> <span class='ocrx_word' id='word_1_119' title='bbox 704 1163 737 1191; x_wconf 86' lang='lat' dir='ltr'>et</span> <span class='ocrx_word' id='word_1_120' title='bbox 758 1165 826 1190; x_wconf 88' lang='lat' dir='ltr'>non</span> <span class='ocrx_word' id='word_1_121' title='bbox 849 1150 1094 1199; x_wconf 80' lang='lat' dir='ltr'>crediderunt3</span> <span class='ocrx_word' id='word_1_122' title='bbox 1116 1157 1149 1186; x_wconf 86' lang='lat' dir='ltr'>et</span> <span class='ocrx_word' id='word_1_123' title='bbox 1166 1162 1256 1198; x_wconf 87' lang='lat' dir='ltr'>quo-</span> 
     </span>
     <span class='ocr_line' id='line_1_24' title="bbox 275 1209 1258 1264; baseline -0.011 -8"><span class='ocrx_word' id='word_1_124' title='bbox 275 1217 379 1256; x_wconf 89' lang='lat' dir='ltr'>modo</span> <span class='ocrx_word' id='word_1_125' title='bbox 399 1216 652 1264; x_wconf 85' lang='lat' dir='ltr'>credidissent,</span> <span class='ocrx_word' id='word_1_126' title='bbox 673 1214 703 1252; x_wconf 87' lang='lat' dir='ltr'>si</span> <span class='ocrx_word' id='word_1_127' title='bbox 720 1213 796 1253; x_wconf 82' lang='lat' dir='ltr'>vim</span> <span class='ocrx_word' id='word_1_128' title='bbox 813 1222 846 1250; x_wconf 82' lang='lat' dir='ltr'>et</span> <span class='ocrx_word' id='word_1_129' title='bbox 865 1220 1029 1249; x_wconf 84' lang='lat' dir='ltr'>conatum</span> <span class='ocrx_word' id='word_1_130' title='bbox 1048 1223 1171 1247; x_wconf 88' lang='lat' dir='ltr'>eorum</span> <span class='ocrx_word' id='word_1_131' title='bbox 1191 1209 1258 1246; x_wconf 81' lang='lat' dir='ltr'>sol-</span> 
     </span>
     <span class='ocr_line' id='line_1_25' title="bbox 273 1270 1259 1328; baseline -0.011 -10"><span class='ocrx_word' id='word_1_132' title='bbox 273 1280 406 1319; x_wconf 74' lang='lat' dir='ltr'>visset?</span> <span class='ocrx_word' id='word_1_133' title='bbox 427 1278 555 1316; x_wconf 90' lang='lat' dir='ltr'>Animo</span> <span class='ocrx_word' id='word_1_134' title='bbox 574 1277 706 1328; x_wconf 82' lang='lat' dir='ltr'>quippe</span> <span class='ocrx_word' id='word_1_135' title='bbox 724 1275 904 1327; x_wconf 86' lang='lat' dir='ltr'>desperato</span> <span class='ocrx_word' id='word_1_136' title='bbox 930 1272 1022 1310; x_wconf 86' lang='lat' dir='ltr'>nihil</span> <span class='ocrx_word' id='word_1_137' title='bbox 1042 1271 1146 1324; x_wconf 84' lang='lat' dir='ltr'>pejus</span> <span class='ocrx_word' id='word_1_138' title='bbox 1162 1270 1259 1309; x_wconf 80' lang='lat' dir='ltr'>:sive</span> 
     </span>
     <span class='ocr_line' id='line_1_26' title="bbox 274 1333 1258 1393; baseline -0.011 -13"><span class='ocrx_word' id='word_1_139' title='bbox 274 1342 374 1393; x_wconf 85' lang='lat' dir='ltr'>signa</span> <span class='ocrx_word' id='word_1_140' title='bbox 396 1340 542 1389; x_wconf 85' lang='lat' dir='ltr'>viderit,</span> <span class='ocrx_word' id='word_1_141' title='bbox 562 1339 637 1378; x_wconf 82' lang='lat' dir='ltr'>sive</span> <span class='ocrx_word' id='word_1_142' title='bbox 655 1336 830 1390; x_wconf 79' lang='lat' dir='ltr'>prodigia,</span> <span class='ocrx_word' id='word_1_143' title='bbox 860 1335 896 1373; x_wconf 90' lang='lat' dir='ltr'>in</span> <span class='ocrx_word' id='word_1_144' title='bbox 919 1333 1041 1372; x_wconf 84' lang='lat' dir='ltr'>eadem</span> <span class='ocrx_word' id='word_1_145' title='bbox 1059 1340 1258 1385; x_wconf 81' lang='lat' dir='ltr'>perseverat</span> 
     </span>
     <span class='ocr_line' id='line_1_27' title="bbox 274 1392 1257 1456; baseline -0.01 -15"><span class='ocrx_word' id='word_1_146' title='bbox 274 1403 504 1456; x_wconf 85' lang='lat' dir='ltr'>impudentia.</span> <span class='ocrx_word' id='word_1_147' title='bbox 526 1402 620 1440; x_wconf 82' lang='lat' dir='ltr'>Nam</span> <span class='ocrx_word' id='word_1_148' title='bbox 652 1399 790 1438; x_wconf 87' lang='lat' dir='ltr'>Pharao</span> <span class='ocrx_word' id='word_1_149' title='bbox 815 1397 915 1435; x_wconf 89' lang='lat' dir='ltr'>mille</span> <span class='ocrx_word' id='word_1_150' title='bbox 941 1395 1058 1448; x_wconf 80' lang='lat' dir='ltr'>plagis</span> <span class='ocrx_word' id='word_1_151' title='bbox 1084 1392 1257 1445; x_wconf 73' lang='lat' dir='ltr'>acceptis,</span> 
     </span>
     <span class='ocr_line' id='line_1_28' title="bbox 273 1457 1258 1515; baseline -0.013 -11"><span class='ocrx_word' id='word_1_152' title='bbox 273 1480 355 1503; x_wconf 80' lang='lat' dir='ltr'>cum</span> <span class='ocrx_word' id='word_1_153' title='bbox 381 1465 612 1515; x_wconf 80' lang='lat' dir='ltr'>castigaretur</span> <span class='ocrx_word' id='word_1_154' title='bbox 638 1470 792 1509; x_wconf 86' lang='lat' dir='ltr'>tantum,</span> <span class='ocrx_word' id='word_1_155' title='bbox 819 1457 1059 1510; x_wconf 82' lang='lat' dir='ltr'>resipiscebat,</span> <span class='ocrx_word' id='word_1_156' title='bbox 1091 1465 1124 1493; x_wconf 81' lang='lat' dir='ltr'>et</span> <span class='ocrx_word' id='word_1_157' title='bbox 1149 1469 1258 1506; x_wconf 88' lang='lat' dir='ltr'>usque</span> 
     </span>
     <span class='ocr_line' id='line_1_29' title="bbox 273 1515 1258 1572; baseline -0.014 -7"><span class='ocrx_word' id='word_1_158' title='bbox 273 1527 320 1565; x_wconf 82' lang='lat' dir='ltr'>ad</span> <span class='ocrx_word' id='word_1_159' title='bbox 340 1526 507 1564; x_wconf 81' lang='lat' dir='ltr'>ultimum</span> <span class='ocrx_word' id='word_1_160' title='bbox 531 1524 627 1561; x_wconf 89' lang='lat' dir='ltr'>diem</span> <span class='ocrx_word' id='word_1_161' title='bbox 642 1522 737 1560; x_wconf 89' lang='lat' dir='ltr'>idem</span> <span class='ocrx_word' id='word_1_162' title='bbox 755 1519 920 1572; x_wconf 84' lang='lat' dir='ltr'>perstitit,</span> <span class='ocrx_word' id='word_1_163' title='bbox 941 1518 1021 1555; x_wconf 89' lang='lat' dir='ltr'>illos</span> <span class='ocrx_word' id='word_1_164' title='bbox 1043 1531 1132 1567; x_wconf 80' lang='lat' dir='ltr'>quos</span> <span class='ocrx_word' id='word_1_165' title='bbox 1151 1515 1258 1553; x_wconf 84' lang='lat' dir='ltr'>dimi-</span> 
     </span>
     <span class='ocr_line' id='line_1_30' title="bbox 274 1575 1259 1638; baseline -0.013 -13"><span class='ocrx_word' id='word_1_166' title='bbox 274 1596 366 1625; x_wconf 87' lang='lat' dir='ltr'>serat</span> <span class='ocrx_word' id='word_1_167' title='bbox 392 1593 639 1638; x_wconf 83' lang='lat' dir='ltr'>persequutus.</span> <span class='ocrx_word' id='word_1_168' title='bbox 670 1581 753 1620; x_wconf 89' lang='lat' dir='ltr'>ldeo</span> <span class='ocrx_word' id='word_1_169' title='bbox 785 1579 917 1619; x_wconf 70' lang='lat' dir='ltr'>Paulus</span> <span class='ocrx_word' id='word_1_170' title='bbox 949 1591 1039 1629; x_wconf 80' lang='lat' dir='ltr'>saepe</span> <span class='ocrx_word' id='word_1_171' title='bbox 1066 1575 1168 1625; x_wconf 84' lang='lat' dir='ltr'>dicit,</span> <span class='ocrx_word' id='word_1_172' title='bbox 1199 1577 1259 1614; x_wconf 80' lang='lat' dir='ltr'>Ne</span> 
     </span>
     <span class='ocr_line' id='line_1_31' title="bbox 276 1636 1255 1698; baseline -0.013 -12"><span class='ocrx_word' id='word_1_173' title='bbox 276 1649 483 1685; x_wconf 81' lang='lat' dir='ltr'>obduretur</span> <span class='ocrx_word' id='word_1_174' title='bbox 496 1647 580 1698; x_wconf 78' lang='lat' dir='ltr'>quis</span> <span class='ocrx_word' id='word_1_175' title='bbox 596 1658 642 1681; x_wconf 67' lang='lat' dir='ltr'>ex</span> <span class='ocrx_word' id='word_1_176' title='bbox 656 1644 768 1680; x_wconf 76' lang='lat' dir='ltr'>vobis</span> <span class='ocrx_word' id='word_1_177' title='bbox 778 1640 948 1693; x_wconf 81' lang='lat' dir='ltr'>fallacia</span> <span class='ocrx_word' id='word_1_178' title='bbox 956 1636 1255 1690; x_wconf 77' lang='lat' dir='ltr'>peccatiQuem-</span> 
     </span>
     <span class='ocr_line' id='line_1_32' title="bbox 275 1697 1257 1754; baseline -0.013 -7"><span class='ocrx_word' id='word_1_179' title='bbox 275 1707 468 1747; x_wconf 80' lang='lat' dir='ltr'>admodum</span> <span class='ocrx_word' id='word_1_180' title='bbox 499 1705 593 1745; x_wconf 88' lang='lat' dir='ltr'>enim</span> <span class='ocrx_word' id='word_1_181' title='bbox 622 1704 717 1743; x_wconf 89' lang='lat' dir='ltr'>vires</span> <span class='ocrx_word' id='word_1_182' title='bbox 748 1700 903 1754; x_wconf 86' lang='lat' dir='ltr'>corporis</span> <span class='ocrx_word' id='word_1_183' title='bbox 944 1699 1089 1737; x_wconf 89' lang='lat' dir='ltr'>demum</span> <span class='ocrx_word' id='word_1_184' title='bbox 1126 1697 1257 1736; x_wconf 85' lang='lat' dir='ltr'>exstin-</span> 
     </span>
     <span class='ocr_line' id='line_1_33' title="bbox 276 1754 1257 1822; baseline -0.013 -14"><span class='ocrx_word' id='word_1_185' title='bbox 276 1779 449 1822; x_wconf 79' lang='lat' dir='ltr'>guuntur,</span> <span class='ocrx_word' id='word_1_186' title='bbox 476 1777 509 1807; x_wconf 88' lang='lat' dir='ltr'>et</span> <span class='ocrx_word' id='word_1_187' title='bbox 538 1780 677 1806; x_wconf 91' lang='lat' dir='ltr'>omnem</span> <span class='ocrx_word' id='word_1_188' title='bbox 698 1776 839 1802; x_wconf 86' lang='lat' dir='ltr'>sensum</span> <span class='ocrx_word' id='word_1_189' title='bbox 857 1761 1041 1799; x_wconf 77' lang='lat' dir='ltr'>amittunt:</span> <span class='ocrx_word' id='word_1_190' title='bbox 1059 1760 1110 1798; x_wconf 85' lang='lat' dir='ltr'>sic</span> <span class='ocrx_word' id='word_1_191' title='bbox 1128 1768 1161 1797; x_wconf 86' lang='lat' dir='ltr'>et</span> <span class='ocrx_word' id='word_1_192' title='bbox 1180 1754 1257 1796; x_wconf 80' lang='lat' dir='ltr'>ani-</span> 
     </span>
     <span class='ocr_line' id='line_1_34' title="bbox 275 1820 1257 1872; baseline -0.014 -2"><span class='ocrx_word' id='word_1_193' title='bbox 275 1847 333 1870; x_wconf 85' lang='lat' dir='ltr'>ma</span> <span class='ocrx_word' id='word_1_194' title='bbox 347 1830 468 1869; x_wconf 89' lang='lat' dir='ltr'>multis</span> <span class='ocrx_word' id='word_1_195' title='bbox 483 1829 668 1867; x_wconf 79' lang='lat' dir='ltr'>affectibus</span> <span class='ocrx_word' id='word_1_196' title='bbox 683 1826 840 1872; x_wconf 85' lang='lat' dir='ltr'>detenta,</span> <span class='ocrx_word' id='word_1_197' title='bbox 856 1822 902 1860; x_wconf 90' lang='lat' dir='ltr'>ad</span> <span class='ocrx_word' id='word_1_198' title='bbox 919 1821 1089 1860; x_wconf 79' lang='lat' dir='ltr'>virtutem</span> <span class='ocrx_word' id='word_1_199' title='bbox 1103 1821 1144 1858; x_wconf 92' lang='lat' dir='ltr'>fit</span> <span class='ocrx_word' id='word_1_200' title='bbox 1161 1820 1257 1861; x_wconf 85' lang='lat' dir='ltr'>velut</span> 
     </span>
     <span class='ocr_line' id='line_1_35' title="bbox 277 1880 1258 1940; baseline -0.015 -9"><span class='ocrx_word' id='word_1_201' title='bbox 277 1902 426 1931; x_wconf 85' lang='lat' dir='ltr'>mortua.</span> <span class='ocrx_word' id='word_1_202' title='bbox 449 1889 639 1940; x_wconf 84' lang='lat' dir='ltr'>Quidquid</span> <span class='ocrx_word' id='word_1_203' title='bbox 657 1886 725 1939; x_wconf 86' lang='lat' dir='ltr'>ipsi</span> <span class='ocrx_word' id='word_1_204' title='bbox 738 1880 922 1933; x_wconf 76' lang='lat' dir='ltr'>obtuleris,</span> <span class='ocrx_word' id='word_1_205' title='bbox 944 1881 1036 1919; x_wconf 90' lang='lat' dir='ltr'>nihil</span> <span class='ocrx_word' id='word_1_206' title='bbox 1055 1881 1179 1931; x_wconf 70' lang='lat' dir='ltr'>sentit,</span> <span class='ocrx_word' id='word_1_207' title='bbox 1196 1880 1258 1918; x_wconf 89' lang='lat' dir='ltr'>sed</span> 
     </span>
     <span class='ocr_line' id='line_1_36' title="bbox 275 1941 1257 2006; baseline -0.014 -14"><span class='ocrx_word' id='word_1_208' title='bbox 275 1955 349 1992; x_wconf 83' lang='lat' dir='ltr'>sive</span> <span class='ocrx_word' id='word_1_209' title='bbox 367 1953 598 2006; x_wconf 83' lang='lat' dir='ltr'>supplicium,</span> <span class='ocrx_word' id='word_1_210' title='bbox 617 1951 691 1989; x_wconf 85' lang='lat' dir='ltr'>sive</span> <span class='ocrx_word' id='word_1_211' title='bbox 711 1945 856 2001; x_wconf 61' lang='lat' dir='ltr'>quidxgis</span> <span class='ocrx_word' id='word_1_212' title='bbox 887 1942 986 1982; x_wconf 77' lang='lat' dir='ltr'>aliud</span> <span class='ocrx_word' id='word_1_213' title='bbox 1015 1941 1257 1991; x_wconf 80' lang='lat' dir='ltr'>commineris,</span> 
     </span>
    </p>
   </div>
   <div class='ocr_carea' id='block_1_6' title="bbox 1283 789 1305 818">
    <p class='ocr_par' dir='ltr' id='par_1_6' title="bbox 1283 789 1305 818">
     <span class='ocr_line' id='line_1_37' title="bbox 1283 789 1305 818; baseline 0 -5"><span class='ocrx_word' id='word_1_214' title='bbox 1283 789 1305 818; x_wconf 76' lang='grc'>1,)</span> 
     </span>
    </p>
   </div>
   <div class='ocr_carea' id='block_1_7' title="bbox 276 2015 1317 2136">
    <p class='ocr_par' dir='ltr' id='par_1_7' title="bbox 276 2015 1317 2136">
     <span class='ocr_line' id='line_1_38' title="bbox 276 2015 616 2053; baseline -0.006 -2"><span class='ocrx_word' id='word_1_215' title='bbox 276 2015 349 2053; x_wconf 88' lang='lat' dir='ltr'>sine</span> <span class='ocrx_word' id='word_1_216' title='bbox 367 2028 468 2052; x_wconf 88' lang='lat' dir='ltr'>sensu</span> <span class='ocrx_word' id='word_1_217' title='bbox 490 2020 616 2051; x_wconf 82' lang='lat' dir='ltr'>manet.</span> 
     </span>
     <span class='ocr_line' id='line_1_39' title="bbox 328 2066 1317 2136; baseline -0.011 -23"><span class='ocrx_word' id='word_1_218' title='bbox 328 2078 363 2113; x_wconf 80' lang='lat'>3.</span> <span class='ocrx_word' id='word_1_219' title='bbox 397 2074 657 2121; x_wconf 80' lang='lat' dir='ltr'>Quamobrem,</span> <span class='ocrx_word' id='word_1_220' title='bbox 680 2071 841 2119; x_wconf 89' lang='lat' dir='ltr'>obsecro,</span> <span class='ocrx_word' id='word_1_221' title='bbox 866 2067 978 2105; x_wconf 88' lang='lat' dir='ltr'>donec</span> <span class='ocrx_word' id='word_1_222' title='bbox 1009 2081 1106 2118; x_wconf 87' lang='lat' dir='ltr'>spem</span> <span class='ocrx_word' id='word_1_223' title='bbox 1137 2066 1317 2136; x_wconf 73' lang='lat' dir='ltr'>salutis525</span> 
     </span>
    </p>
   </div>
   <div class='ocr_carea' id='block_1_8' title="bbox 277 2127 1306 3044">
    <p class='ocr_par' dir='ltr' id='par_1_8' title="bbox 277 2127 1306 3044">
     <span class='ocr_line' id='line_1_40' title="bbox 277 2127 1306 2187; baseline -0.013 -11"><span class='ocrx_word' id='word_1_224' title='bbox 277 2138 460 2187; x_wconf 82' lang='lat' dir='ltr'>habemus,</span> <span class='ocrx_word' id='word_1_225' title='bbox 479 2135 591 2173; x_wconf 88' lang='lat' dir='ltr'>donec</span> <span class='ocrx_word' id='word_1_226' title='bbox 610 2131 767 2173; x_wconf 77' lang='lat' dir='ltr'>converti</span> <span class='ocrx_word' id='word_1_227' title='bbox 789 2142 991 2183; x_wconf 84' lang='lat' dir='ltr'>possumuS,</span> <span class='ocrx_word' id='word_1_228' title='bbox 1014 2128 1131 2166; x_wconf 87' lang='lat' dir='ltr'>omnia</span> <span class='ocrx_word' id='word_1_229' title='bbox 1153 2127 1260 2165; x_wconf 86' lang='lat' dir='ltr'>sacia·</span> <span class='ocrx_word' id='word_1_230' title='bbox 1285 2151 1306 2177; x_wconf 75' lang='lat' dir='ltr'><strong>A</strong></span> 
     </span>
     <span class='ocr_line' id='line_1_41' title="bbox 278 2188 1259 2246; baseline -0.011 -10"><span class='ocrx_word' id='word_1_231' title='bbox 278 2213 366 2236; x_wconf 87' lang='lat' dir='ltr'>mus.</span> <span class='ocrx_word' id='word_1_232' title='bbox 387 2198 479 2235; x_wconf 86' lang='lat' dir='ltr'>Nam</span> <span class='ocrx_word' id='word_1_233' title='bbox 497 2195 559 2246; x_wconf 87' lang='lat' dir='ltr'>qui</span> <span class='ocrx_word' id='word_1_234' title='bbox 590 2207 693 2232; x_wconf 89' lang='lat' dir='ltr'>sensu</span> <span class='ocrx_word' id='word_1_235' title='bbox 719 2199 852 2240; x_wconf 80' lang='lat' dir='ltr'>carent,</span> <span class='ocrx_word' id='word_1_236' title='bbox 883 2198 1065 2239; x_wconf 84' lang='lat' dir='ltr'>tamquam</span> <span class='ocrx_word' id='word_1_237' title='bbox 1084 2188 1259 2239; x_wconf 77' lang='lat' dir='ltr'>guberna-</span> 
     </span>
     <span class='ocr_line' id='line_1_42' title="bbox 278 2249 1261 2310; baseline -0.012 -12"><span class='ocrx_word' id='word_1_238' title='bbox 278 2270 369 2298; x_wconf 85' lang='lat' dir='ltr'>tores</span> <span class='ocrx_word' id='word_1_239' title='bbox 385 2258 760 2310; x_wconf 82' lang='lat' dir='ltr'>desperantes,navem</span> <span class='ocrx_word' id='word_1_240' title='bbox 780 2251 895 2292; x_wconf 88' lang='lat' dir='ltr'>ventis</span> <span class='ocrx_word' id='word_1_241' title='bbox 919 2250 1158 2299; x_wconf 79' lang='lat' dir='ltr'>committunt,</span> <span class='ocrx_word' id='word_1_242' title='bbox 1171 2249 1261 2286; x_wconf 88' lang='lat' dir='ltr'>nihil</span> 
     </span>
     <span class='ocr_line' id='line_1_43' title="bbox 280 2310 1262 2367; baseline -0.012 -7"><span class='ocrx_word' id='word_1_243' title='bbox 280 2337 323 2360; x_wconf 81' lang='lat' dir='ltr'>ex</span> <span class='ocrx_word' id='word_1_244' title='bbox 351 2335 387 2359; x_wconf 90' lang='lat' dir='ltr'>se</span> <span class='ocrx_word' id='word_1_245' title='bbox 407 2320 609 2367; x_wconf 76' lang='lat' dir='ltr'>afferentes3</span> <span class='ocrx_word' id='word_1_246' title='bbox 632 2316 681 2355; x_wconf 91' lang='lat' dir='ltr'>sic</span> <span class='ocrx_word' id='word_1_247' title='bbox 698 2329 734 2353; x_wconf 92' lang='lat' dir='ltr'>se</span> <span class='ocrx_word' id='word_1_248' title='bbox 757 2313 908 2364; x_wconf 84' lang='lat' dir='ltr'>denique</span> <span class='ocrx_word' id='word_1_249' title='bbox 924 2311 983 2349; x_wconf 92' lang='lat' dir='ltr'>isti</span> <span class='ocrx_word' id='word_1_250' title='bbox 1003 2319 1144 2362; x_wconf 82' lang='lat' dir='ltr'>gerunt.</span> <span class='ocrx_word' id='word_1_251' title='bbox 1166 2310 1262 2349; x_wconf 85' lang='lat' dir='ltr'>Invi·</span> 
     </span>
     <span class='ocr_line' id='line_1_44' title="bbox 279 2371 1260 2430; baseline -0.013 -11"><span class='ocrx_word' id='word_1_252' title='bbox 279 2383 346 2420; x_wconf 86' lang='lat' dir='ltr'>dus</span> <span class='ocrx_word' id='word_1_253' title='bbox 362 2382 429 2420; x_wconf 89' lang='lat' dir='ltr'>hoc</span> <span class='ocrx_word' id='word_1_254' title='bbox 449 2393 559 2418; x_wconf 90' lang='lat' dir='ltr'>unum</span> <span class='ocrx_word' id='word_1_255' title='bbox 578 2385 728 2430; x_wconf 85' lang='lat' dir='ltr'>spectat,</span> <span class='ocrx_word' id='word_1_256' title='bbox 755 2383 795 2412; x_wconf 89' lang='lat' dir='ltr'>ut</span> <span class='ocrx_word' id='word_1_257' title='bbox 826 2371 1057 2425; x_wconf 84' lang='lat' dir='ltr'>cupiditatem</span> <span class='ocrx_word' id='word_1_258' title='bbox 1075 2385 1174 2409; x_wconf 86' lang='lat' dir='ltr'>suam</span> <span class='ocrx_word' id='word_1_259' title='bbox 1196 2371 1260 2408; x_wconf 88' lang='lat' dir='ltr'>im-</span> 
     </span>
     <span class='ocr_line' id='line_1_45' title="bbox 280 2429 1261 2495; baseline -0.014 -14"><span class='ocrx_word' id='word_1_260' title='bbox 280 2444 373 2495; x_wconf 82' lang='lat' dir='ltr'>pleat</span> <span class='ocrx_word' id='word_1_261' title='bbox 391 2459 397 2479; x_wconf 72' lang='grc' dir='ltr'>ε</span> <span class='ocrx_word' id='word_1_262' title='bbox 415 2441 480 2480; x_wconf 85' lang='grc'>0151</span> <span class='ocrx_word' id='word_1_263' title='bbox 510 2437 727 2491; x_wconf 84' lang='lat' dir='ltr'>supplicium</span> <span class='ocrx_word' id='word_1_264' title='bbox 758 2444 791 2473; x_wconf 87' lang='lat' dir='ltr'>et</span> <span class='ocrx_word' id='word_1_265' title='bbox 819 2442 968 2472; x_wconf 87' lang='lat' dir='ltr'>mortem</span> <span class='ocrx_word' id='word_1_266' title='bbox 997 2431 1042 2469; x_wconf 87' lang='lat' dir='ltr'>sit</span> <span class='ocrx_word' id='word_1_267' title='bbox 1060 2429 1261 2480; x_wconf 80' lang='lat' dir='ltr'>subiturus,</span> 
     </span>
     <span class='ocr_line' id='line_1_46' title="bbox 280 2491 1263 2546; baseline -0.014 -5"><span class='ocrx_word' id='word_1_268' title='bbox 280 2504 446 2541; x_wconf 82' lang='lat' dir='ltr'>morbum</span> <span class='ocrx_word' id='word_1_269' title='bbox 466 2500 575 2539; x_wconf 88' lang='lat' dir='ltr'>animi</span> <span class='ocrx_word' id='word_1_270' title='bbox 607 2506 705 2536; x_wconf 83' lang='lat' dir='ltr'>curat</span> <span class='ocrx_word' id='word_1_271' title='bbox 732 2496 848 2535; x_wconf 87' lang='lat' dir='ltr'>solum</span> <span class='ocrx_word' id='word_1_272' title='bbox 856 2509 868 2546; x_wconf 78' lang='lat'>3</span> <span class='ocrx_word' id='word_1_273' title='bbox 893 2502 932 2531; x_wconf 88' lang='lat' dir='ltr'>ut</span> <span class='ocrx_word' id='word_1_274' title='bbox 960 2501 993 2530; x_wconf 86' lang='lat' dir='ltr'>et</span> <span class='ocrx_word' id='word_1_275' title='bbox 1012 2491 1214 2544; x_wconf 86' lang='lat' dir='ltr'>impudicus</span> <span class='ocrx_word' id='word_1_276' title='bbox 1230 2501 1263 2529; x_wconf 85' lang='lat' dir='ltr'>et</span> 
     </span>
     <span class='ocr_line' id='line_1_47' title="bbox 280 2552 1261 2604; baseline -0.011 -5"><span class='ocrx_word' id='word_1_277' title='bbox 280 2578 420 2602; x_wconf 73' lang='lat' dir='ltr'>avarus.</span> <span class='ocrx_word' id='word_1_278' title='bbox 444 2563 482 2601; x_wconf 90' lang='lat' dir='ltr'>Si</span> <span class='ocrx_word' id='word_1_279' title='bbox 500 2576 585 2600; x_wconf 79' lang='lat' dir='ltr'>vero</span> <span class='ocrx_word' id='word_1_280' title='bbox 604 2568 699 2597; x_wconf 83' lang='lat' dir='ltr'>tanta</span> <span class='ocrx_word' id='word_1_281' title='bbox 718 2557 764 2596; x_wconf 86' lang='lat' dir='ltr'>sit</span> <span class='ocrx_word' id='word_1_282' title='bbox 782 2556 988 2594; x_wconf 87' lang='lat' dir='ltr'>morborum</span> <span class='ocrx_word' id='word_1_283' title='bbox 1005 2552 1114 2590; x_wconf 83' lang='lat' dir='ltr'>animi</span> <span class='ocrx_word' id='word_1_284' title='bbox 1144 2560 1261 2604; x_wconf 80' lang='lat' dir='ltr'>tyran-</span> 
     </span>
     <span class='ocr_line' id='line_1_48' title="bbox 282 2614 1261 2674; baseline -0.011 -12"><span class='ocrx_word' id='word_1_285' title='bbox 282 2625 352 2673; x_wconf 80' lang='lat' dir='ltr'>nis,</span> <span class='ocrx_word' id='word_1_286' title='bbox 374 2624 486 2661; x_wconf 89' lang='lat' dir='ltr'>multo</span> <span class='ocrx_word' id='word_1_287' title='bbox 509 2623 618 2674; x_wconf 87' lang='lat' dir='ltr'>major</span> <span class='ocrx_word' id='word_1_288' title='bbox 638 2619 782 2659; x_wconf 83' lang='lat' dir='ltr'>virtutis</span> <span class='ocrx_word' id='word_1_289' title='bbox 808 2617 864 2657; x_wconf 81' lang='lat' dir='ltr'>vis</span> <span class='ocrx_word' id='word_1_290' title='bbox 889 2630 962 2654; x_wconf 88' lang='lat' dir='ltr'>esse</span> <span class='ocrx_word' id='word_1_291' title='bbox 981 2615 1099 2653; x_wconf 87' lang='lat' dir='ltr'>debet.</span> <span class='ocrx_word' id='word_1_292' title='bbox 1121 2614 1162 2652; x_wconf 84' lang='lat' dir='ltr'>Si</span> <span class='ocrx_word' id='word_1_293' title='bbox 1180 2629 1261 2667; x_wconf 88' lang='lat' dir='ltr'>pro-</span> 
     </span>
     <span class='ocr_line' id='line_1_49' title="bbox 281 2676 1261 2740; baseline -0.009 -17"><span class='ocrx_word' id='word_1_294' title='bbox 281 2697 359 2740; x_wconf 82' lang='lat' dir='ltr'>pter</span> <span class='ocrx_word' id='word_1_295' title='bbox 374 2687 434 2724; x_wconf 74' lang='lat' dir='ltr'>illa</span> <span class='ocrx_word' id='word_1_296' title='bbox 455 2694 603 2723; x_wconf 83' lang='lat' dir='ltr'>mortem</span> <span class='ocrx_word' id='word_1_297' title='bbox 619 2681 855 2734; x_wconf 88' lang='lat' dir='ltr'>despicimus,</span> <span class='ocrx_word' id='word_1_298' title='bbox 874 2688 1018 2732; x_wconf 87' lang='lat' dir='ltr'>propter</span> <span class='ocrx_word' id='word_1_299' title='bbox 1035 2677 1126 2716; x_wconf 88' lang='lat' dir='ltr'>hanc</span> <span class='ocrx_word' id='word_1_300' title='bbox 1148 2676 1261 2715; x_wconf 89' lang='lat' dir='ltr'>multo</span> 
     </span>
     <span class='ocr_line' id='line_1_50' title="bbox 281 2740 1259 2798; baseline -0.01 -13"><span class='ocrx_word' id='word_1_301' title='bbox 281 2748 394 2798; x_wconf 83' lang='lat' dir='ltr'>magis</span> <span class='ocrx_word' id='word_1_302' title='bbox 407 2746 650 2798; x_wconf 85' lang='lat' dir='ltr'>despiciamus.</span> <span class='ocrx_word' id='word_1_303' title='bbox 664 2744 702 2781; x_wconf 80' lang='lat' dir='ltr'>Si</span> <span class='ocrx_word' id='word_1_304' title='bbox 718 2756 818 2781; x_wconf 88' lang='lat' dir='ltr'>suam</span> <span class='ocrx_word' id='word_1_305' title='bbox 832 2741 884 2778; x_wconf 92' lang='lat' dir='ltr'>illi</span> <span class='ocrx_word' id='word_1_306' title='bbox 898 2740 1053 2777; x_wconf 76' lang='lat' dir='ltr'>animam</span> <span class='ocrx_word' id='word_1_307' title='bbox 1068 2748 1236 2791; x_wconf 86' lang='lat' dir='ltr'>spernunt</span> <span class='ocrx_word' id='word_1_308' title='bbox 1249 2769 1259 2787; x_wconf 87' lang='lat'>,</span> 
     </span>
     <span class='ocr_line' id='line_1_51' title="bbox 279 2798 1260 2857; baseline -0.011 -11"><span class='ocrx_word' id='word_1_309' title='bbox 279 2809 392 2845; x_wconf 84' lang='lat' dir='ltr'>multo</span> <span class='ocrx_word' id='word_1_310' title='bbox 420 2807 533 2857; x_wconf 77' lang='lat' dir='ltr'>magis</span> <span class='ocrx_word' id='word_1_311' title='bbox 562 2805 662 2842; x_wconf 88' lang='lat' dir='ltr'>nobis</span> <span class='ocrx_word' id='word_1_312' title='bbox 690 2818 755 2855; x_wconf 83' lang='lat' dir='ltr'>pro</span> <span class='ocrx_word' id='word_1_313' title='bbox 782 2801 894 2839; x_wconf 88' lang='lat' dir='ltr'>salute</span> <span class='ocrx_word' id='word_1_314' title='bbox 922 2799 1039 2838; x_wconf 81' lang='lat' dir='ltr'>omnia</span> <span class='ocrx_word' id='word_1_315' title='bbox 1065 2798 1260 2851; x_wconf 88' lang='lat' dir='ltr'>spernenda</span> 
     </span>
     <span class='ocr_line' id='line_1_52' title="bbox 279 2861 1256 2915; baseline -0.011 -7"><span class='ocrx_word' id='word_1_316' title='bbox 279 2879 374 2908; x_wconf 80' lang='lat' dir='ltr'>sunt.</span> <span class='ocrx_word' id='word_1_317' title='bbox 394 2872 481 2915; x_wconf 63' lang='lat' dir='ltr'>Quae</span> <span class='ocrx_word' id='word_1_318' title='bbox 500 2867 593 2905; x_wconf 90' lang='lat' dir='ltr'>enim</span> <span class='ocrx_word' id='word_1_319' title='bbox 613 2866 714 2902; x_wconf 82' lang='lat' dir='ltr'>uobis</span> <span class='ocrx_word' id='word_1_320' title='bbox 733 2865 799 2902; x_wconf 87' lang='lat' dir='ltr'>erit</span> <span class='ocrx_word' id='word_1_321' title='bbox 821 2863 1014 2909; x_wconf 81' lang='lat' dir='ltr'>excusatio,</span> <span class='ocrx_word' id='word_1_322' title='bbox 1034 2862 1063 2899; x_wconf 89' lang='lat' dir='ltr'>si</span> <span class='ocrx_word' id='word_1_323' title='bbox 1086 2876 1168 2899; x_wconf 89' lang='lat' dir='ltr'>cum</span> <span class='ocrx_word' id='word_1_324' title='bbox 1186 2861 1256 2912; x_wconf 88' lang='lat' dir='ltr'>illi,</span> 
     </span>
     <span class='ocr_line' id='line_1_53' title="bbox 278 2923 1258 2982; baseline -0.01 -14"><span class='ocrx_word' id='word_1_325' title='bbox 278 2931 338 2981; x_wconf 86' lang='lat' dir='ltr'>qui</span> <span class='ocrx_word' id='word_1_326' title='bbox 373 2938 538 2982; x_wconf 85' lang='lat' dir='ltr'>pereunt,</span> <span class='ocrx_word' id='word_1_327' title='bbox 560 2935 691 2964; x_wconf 82' lang='lat' dir='ltr'>tantam</span> <span class='ocrx_word' id='word_1_328' title='bbox 710 2924 876 2976; x_wconf 85' lang='lat' dir='ltr'>perniciei</span> <span class='ocrx_word' id='word_1_329' title='bbox 899 2938 970 2961; x_wconf 82' lang='lat' dir='ltr'>suae</span> <span class='ocrx_word' id='word_1_330' title='bbox 993 2923 1076 2960; x_wconf 87' lang='lat' dir='ltr'>dant</span> <span class='ocrx_word' id='word_1_331' title='bbox 1098 2936 1258 2975; x_wconf 86' lang='lat' dir='ltr'>operam,</span> 
     </span>
     <span class='ocr_line' id='line_1_54' title="bbox 278 2983 1258 3044; baseline -0.01 -14"><span class='ocrx_word' id='word_1_332' title='bbox 278 3007 347 3030; x_wconf 89' lang='grc'>11011</span> <span class='ocrx_word' id='word_1_333' title='bbox 366 3006 487 3044; x_wconf 78' lang='lat' dir='ltr'>parem</span> <span class='ocrx_word' id='word_1_334' title='bbox 507 3003 568 3027; x_wconf 86' lang='grc'>1105</span> <span class='ocrx_word' id='word_1_335' title='bbox 583 3002 645 3040; x_wconf 88' lang='lat' dir='ltr'>pro</span> <span class='ocrx_word' id='word_1_336' title='bbox 665 2987 775 3023; x_wconf 75' lang='lat' dir='ltr'>salute</span> <span class='ocrx_word' id='word_1_337' title='bbox 794 2994 909 3022; x_wconf 83' lang='lat' dir='ltr'>nostra</span> <span class='ocrx_word' id='word_1_338' title='bbox 930 2984 1180 3032; x_wconf 82' lang='lat' dir='ltr'>exhibeamus,</span> <span class='ocrx_word' id='word_1_339' title='bbox 1198 2983 1258 3022; x_wconf 87' lang='lat' dir='ltr'>sed</span> 
     </span>
    </p>
   </div>
   <div class='ocr_carea' id='block_1_9' title="bbox 1282 2925 1302 2953">
    <p class='ocr_par' dir='ltr' id='par_1_9' title="bbox 1282 2925 1302 2953">
     <span class='ocr_line' id='line_1_55' title="bbox 1282 2925 1302 2953; baseline 0 0"><span class='ocrx_word' id='word_1_340' title='bbox 1282 2925 1302 2953; x_wconf 85' lang='lat' dir='ltr'>B</span> 
     </span>
    </p>
   </div>
   <div class='ocr_carea' id='block_1_10' title="bbox 141 3045 1256 3106">
    <p class='ocr_par' dir='ltr' id='par_1_10' title="bbox 141 3045 1256 3106">
     <span class='ocr_line' id='line_1_56' title="bbox 141 3045 1256 3106; baseline -0.007 -17"><span class='ocrx_word' id='word_1_341' title='bbox 141 3073 262 3100; x_wconf 73' lang='lat' dir='ltr'>invidus</span> <span class='ocrx_word' id='word_1_342' title='bbox 277 3068 414 3106; x_wconf 88' lang='lat' dir='ltr'>semper</span> <span class='ocrx_word' id='word_1_343' title='bbox 441 3051 574 3091; x_wconf 80' lang='lat' dir='ltr'>invidia</span> <span class='ocrx_word' id='word_1_344' title='bbox 605 3047 847 3086; x_wconf 68' lang='lat' dir='ltr'>tabescamus?</span> <span class='ocrx_word' id='word_1_345' title='bbox 875 3046 974 3083; x_wconf 84' lang='lat' dir='ltr'>Nihil</span> <span class='ocrx_word' id='word_1_346' title='bbox 1000 3046 1094 3083; x_wconf 89' lang='lat' dir='ltr'>enim</span> <span class='ocrx_word' id='word_1_347' title='bbox 1121 3045 1256 3083; x_wconf 87' lang='lat' dir='ltr'>invidia</span> 
     </span>
    </p>
   </div>
   <div class='ocr_carea' id='block_1_11' title="bbox 74 3114 260 3232">
    <p class='ocr_par' dir='ltr' id='par_1_11' title="bbox 74 3114 260 3232">
     <span class='ocr_line' id='line_1_57' title="bbox 76 3114 260 3141; baseline 0.005 -1"><span class='ocrx_word' id='word_1_348' title='bbox 76 3121 106 3141; x_wconf 86' lang='grc'>111</span> <span class='ocrx_word' id='word_1_349' title='bbox 173 3114 260 3141; x_wconf 73' lang='grc'>’.11111111</span> 
     </span>
     <span class='ocr_line' id='line_1_58' title="bbox 77 3156 260 3193; baseline 0.005 -12"><span class='ocrx_word' id='word_1_350' title='bbox 77 3156 188 3191; x_wconf 67' lang='lat' dir='ltr'>perdat,</span> <span class='ocrx_word' id='word_1_351' title='bbox 201 3157 260 3193; x_wconf 67' lang='lat' dir='ltr'>ipsu</span> 
     </span>
     <span class='ocr_line' id='line_1_59' title="bbox 74 3204 158 3232; baseline 0.024 -9"><span class='ocrx_word' id='word_1_352' title='bbox 74 3207 118 3232; x_wconf 70' lang='lat'><em>1¹1¹(</em></span> <span class='ocrx_word' id='word_1_353' title='bbox 128 3204 158 3225; x_wconf 83' lang='grc'>11.</span> 
     </span>
    </p>
   </div>
   <div class='ocr_carea' id='block_1_12' title="bbox 276 3106 1255 3218">
    <p class='ocr_par' dir='ltr' id='par_1_12' title="bbox 276 3106 1255 3218">
     <span class='ocr_line' id='line_1_60' title="bbox 278 3106 1255 3168; baseline -0.01 -15"><span class='ocrx_word' id='word_1_354' title='bbox 278 3117 392 3168; x_wconf 67' lang='grc'>1101115,</span> <span class='ocrx_word' id='word_1_355' title='bbox 411 3124 450 3152; x_wconf 88' lang='lat' dir='ltr'>ut</span> <span class='ocrx_word' id='word_1_356' title='bbox 467 3113 577 3151; x_wconf 84' lang='lat' dir='ltr'>alium</span> <span class='ocrx_word' id='word_1_357' title='bbox 598 3109 722 3163; x_wconf 85' lang='lat' dir='ltr'>perdat</span> <span class='ocrx_word' id='word_1_358' title='bbox 743 3107 900 3154; x_wconf 83' lang='lat' dir='ltr'>invidus,</span> <span class='ocrx_word' id='word_1_359' title='bbox 922 3107 996 3158; x_wconf 88' lang='grc'>11150</span> <span class='ocrx_word' id='word_1_360' title='bbox 1015 3107 1114 3158; x_wconf 87' lang='lat' dir='ltr'>perit.</span> <span class='ocrx_word' id='word_1_361' title='bbox 1135 3106 1255 3144; x_wconf 80' lang='lat' dir='ltr'>Invidi</span> 
     </span>
     <span class='ocr_line' id='line_1_61' title="bbox 276 3167 1252 3218; baseline -0.012 -3"><span class='ocrx_word' id='word_1_362' title='bbox 276 3177 401 3215; x_wconf 76' lang='lat' dir='ltr'>oculus</span> <span class='ocrx_word' id='word_1_363' title='bbox 419 3174 539 3213; x_wconf 89' lang='lat' dir='ltr'>dolore</span> <span class='ocrx_word' id='word_1_364' title='bbox 557 3170 725 3215; x_wconf 78' lang='lat' dir='ltr'>tabescit,</span> <span class='ocrx_word' id='word_1_365' title='bbox 756 3169 791 3205; x_wconf 90' lang='grc'>111</span> <span class='ocrx_word' id='word_1_366' title='bbox 823 3176 936 3204; x_wconf 88' lang='lat' dir='ltr'>morte</span> <span class='ocrx_word' id='word_1_367' title='bbox 956 3167 1045 3205; x_wconf 84' lang='lat' dir='ltr'>vivit</span> <span class='ocrx_word' id='word_1_368' title='bbox 1065 3176 1252 3218; x_wconf 76' lang='lat' dir='ltr'>perpetua,</span> 
     </span>
    </p>
   </div>
   <div class='ocr_carea' id='block_1_13' title="bbox 316 3307 1272 3400">
    <p class='ocr_par' dir='ltr' id='par_1_13' title="bbox 316 3307 1272 3400">
     <span class='ocr_line' id='line_1_62' title="bbox 316 3307 667 3353; baseline -0.009 -10"><span class='ocrx_word' id='word_1_369' title='bbox 316 3313 331 3335; x_wconf 80' lang='lat'>¹·</span> <span class='ocrx_word' id='word_1_370' title='bbox 357 3311 397 3342; x_wconf 85' lang='lat' dir='ltr'>In</span> <span class='ocrx_word' id='word_1_371' title='bbox 413 3309 484 3341; x_wconf 82' lang='lat' dir='ltr'>aliis</span> <span class='ocrx_word' id='word_1_372' title='bbox 495 3315 550 3353; x_wconf 59' lang='grc' dir='ltr'>γάρ</span> <span class='ocrx_word' id='word_1_373' title='bbox 565 3307 667 3340; x_wconf 74' lang='lat' dir='ltr'>deest.</span> 
     </span>
     <span class='ocr_line' id='line_1_63' title="bbox 352 3354 1272 3400; baseline -0.017 -5"><span class='ocrx_word' id='word_1_374' title='bbox 352 3361 453 3395; x_wconf 73' lang='lat' dir='ltr'>Savil.</span> <span class='ocrx_word' id='word_1_375' title='bbox 471 3374 476 3391; x_wconf 89' lang='lat'>:</span> <span class='ocrx_word' id='word_1_376' title='bbox 502 3361 597 3392; x_wconf 68' lang='lat' dir='ltr'>Imm·</span> <span class='ocrx_word' id='word_1_377' title='bbox 631 3367 767 3400; x_wconf 68' lang='grc' dir='ltr'>σώματος</span> <span class='ocrx_word' id='word_1_378' title='bbox 785 3362 815 3386; x_wconf 76' lang='lat' dir='ltr'>ct</span> <span class='ocrx_word' id='word_1_379' title='bbox 831 3361 998 3397; x_wconf 69' lang='grc' dir='ltr'>νειροῡυται</span> <span class='ocrx_word' id='word_1_380' title='bbox 1015 3354 1127 3383; x_wconf 69' lang='lat' dir='ltr'>inserit</span> <span class='ocrx_word' id='word_1_381' title='bbox 1141 3364 1178 3382; x_wconf 72' lang='lat'>1’1</span> <span class='ocrx_word' id='word_1_382' title='bbox 1199 3361 1272 3380; x_wconf 78' lang='lat' dir='ltr'>cotz-</span> 
     </span>
    </p>
   </div>
   <div class='ocr_carea' id='block_1_14' title="bbox 263 3407 1270 3457">
    <p class='ocr_par' dir='ltr' id='par_1_14' title="bbox 263 3407 1270 3457">
     <span class='ocr_line' id='line_1_64' title="bbox 263 3407 1270 3457; baseline -0.013 -10"><span class='ocrx_word' id='word_1_383' title='bbox 263 3415 394 3457; x_wconf 66' lang='grc' dir='ltr'>]ὐςίιυίι</span> <span class='ocrx_word' id='word_1_384' title='bbox 420 3414 554 3455; x_wconf 69' lang='lat' dir='ltr'>doctiss.</span> <span class='ocrx_word' id='word_1_385' title='bbox 585 3411 737 3448; x_wconf 66' lang='lat' dir='ltr'>Romus,</span> <span class='ocrx_word' id='word_1_386' title='bbox 759 3416 846 3444; x_wconf 59' lang='grc' dir='ltr'>νόσοις</span> <span class='ocrx_word' id='word_1_387' title='bbox 880 3409 1016 3445; x_wconf 68' lang='grc' dir='ltr'>διηνεκέσι</span> <span class='ocrx_word' id='word_1_388' title='bbox 1043 3407 1270 3443; x_wconf 45' lang='lat' dir='ltr'>{mxime-nef.</span> 
     </span>
    </p>
   </div>
   <div class='ocr_carea' id='block_1_15' title="bbox 1284 216 1886 246">
    <p class='ocr_par' dir='ltr' id='par_1_15' title="bbox 1284 216 1886 246">
     <span class='ocr_line' id='line_1_65' title="bbox 1284 216 1886 246; baseline 0 -1"><span class='ocrx_word' id='word_1_389' title='bbox 1284 217 1470 246; x_wconf 73' lang='lat' dir='ltr'><strong>ARCfflEP</strong></span> <span class='ocrx_word' id='word_1_390' title='bbox 1480 237 1487 244; x_wconf 91' lang='lat'><strong><em>.</em></strong></span> <span class='ocrx_word' id='word_1_391' title='bbox 1528 216 1886 245; x_wconf 60' lang='lat' dir='ltr'>CONSTANrmot‘.</span> 
     </span>
    </p>
   </div>
   <div class='ocr_carea' id='block_1_16' title="bbox 1329 291 2358 1857">
    <p class='ocr_par' dir='ltr' id='par_1_16' title="bbox 1329 291 2358 1857">
     <span class='ocr_line' id='line_1_66' title="bbox 1332 291 2355 350; baseline 0.003 -16"><span class='ocrx_word' id='word_1_392' title='bbox 1332 297 1509 350; x_wconf 77' lang='grc' dir='ltr'>σύγκρισιν</span> <span class='ocrx_word' id='word_1_393' title='bbox 1531 298 1592 334; x_wconf 85' lang='grc' dir='ltr'>οὐκ</span> <span class='ocrx_word' id='word_1_394' title='bbox 1620 296 1782 348; x_wconf 82' lang='grc' dir='ltr'>ἤνεγκαν,</span> <span class='ocrx_word' id='word_1_395' title='bbox 1809 298 1921 335; x_wconf 87' lang='grc' dir='ltr'>καίτοι</span> <span class='ocrx_word' id='word_1_396' title='bbox 1950 314 1988 349; x_wconf 82' lang='grc' dir='ltr'>γε</span> <span class='ocrx_word' id='word_1_397' title='bbox 2019 297 2145 350; x_wconf 86' lang='grc' dir='ltr'>μικρὰν</span> <span class='ocrx_word' id='word_1_398' title='bbox 2175 291 2297 337; x_wconf 69' lang='grc' dir='ltr'>οῧσαψ</span> <span class='ocrx_word' id='word_1_399' title='bbox 2324 302 2355 338; x_wconf 76' lang='grc' dir='ltr'>εἰ</span> 
     </span>
     <span class='ocr_line' id='line_1_67' title="bbox 1333 353 2354 412; baseline 0.004 -19"><span class='ocrx_word' id='word_1_400' title='bbox 1333 359 1483 408; x_wconf 84' lang='grc' dir='ltr'>συνεχῶς</span> <span class='ocrx_word' id='word_1_401' title='bbox 1504 357 1622 394; x_wconf 77' lang='grc' dir='ltr'>ἑαυτὸν</span> <span class='ocrx_word' id='word_1_402' title='bbox 1656 356 1767 400; x_wconf 82' lang='grc' dir='ltr'>ἐξίσου</span> <span class='ocrx_word' id='word_1_403' title='bbox 1794 361 1844 410; x_wconf 78' lang='grc' dir='ltr'>τῷ</span> <span class='ocrx_word' id='word_1_404' title='bbox 1864 358 1997 411; x_wconf 81' lang='grc' dir='ltr'>Πατρὶ,</span> <span class='ocrx_word' id='word_1_405' title='bbox 2031 353 2098 412; x_wconf 71' lang='grc' dir='ltr'>ἆρα</span> <span class='ocrx_word' id='word_1_406' title='bbox 2129 358 2167 397; x_wconf 77' lang='grc' dir='ltr'>ἂν</span> <span class='ocrx_word' id='word_1_407' title='bbox 2202 359 2354 398; x_wconf 85' lang='grc' dir='ltr'>διέλιπον</span> 
     </span>
     <span class='ocr_line' id='line_1_68' title="bbox 1333 413 2354 473; baseline 0.002 -17"><span class='ocrx_word' id='word_1_408' title='bbox 1333 419 1432 456; x_wconf 75' lang='grc' dir='ltr'>αὐτὸν</span> <span class='ocrx_word' id='word_1_409' title='bbox 1456 418 1659 469; x_wconf 68' lang='grc' dir='ltr'>βάλλοντες,</span> <span class='ocrx_word' id='word_1_410' title='bbox 1676 413 1765 456; x_wconf 70' lang='grc' dir='ltr'>Εἶτα</span> <span class='ocrx_word' id='word_1_411' title='bbox 1791 418 1908 471; x_wconf 77' lang='grc' dir='ltr'>φεύγει</span> <span class='ocrx_word' id='word_1_412' title='bbox 1922 419 2028 458; x_wconf 88' lang='grc' dir='ltr'>πάλιν</span> <span class='ocrx_word' id='word_1_413' title='bbox 2047 419 2282 473; x_wconf 79' lang='grc' dir='ltr'>ἀνθρωπίνως,</span> <span class='ocrx_word' id='word_1_414' title='bbox 2295 421 2354 458; x_wconf 86' lang='grc' dir='ltr'>καὶ</span> 
     </span>
     <span class='ocr_line' id='line_1_69' title="bbox 1333 478 2355 532; baseline 0.001 -15"><span class='ocrx_word' id='word_1_415' title='bbox 1333 478 1543 532; x_wconf 73' lang='grc' dir='ltr'>κρύπτεται,</span> <span class='ocrx_word' id='word_1_416' title='bbox 1564 479 1690 525; x_wconf 80' lang='grc' dir='ltr'>ἱκανὴν</span> <span class='ocrx_word' id='word_1_417' title='bbox 1712 479 1940 518; x_wconf 78' lang='grc' dir='ltr'>διδασκαλίαν</span> <span class='ocrx_word' id='word_1_418' title='bbox 1961 482 2075 524; x_wconf 73' lang='grc' dir='ltr'>αὐτοῖς</span> <span class='ocrx_word' id='word_1_419' title='bbox 2101 479 2355 532; x_wconf 79' lang='grc' dir='ltr'>παραθέμενος·</span> 
     </span>
     <span class='ocr_line' id='line_1_70' title="bbox 1333 538 2356 593; baseline 0.002 -17"><span class='ocrx_word' id='word_1_420' title='bbox 1333 539 1450 578; x_wconf 77' lang='grc' dir='ltr'>καὶτὰ</span> <span class='ocrx_word' id='word_1_421' title='bbox 1473 542 1574 578; x_wconf 81' lang='grc' dir='ltr'>αὐτοῦ</span> <span class='ocrx_word' id='word_1_422' title='bbox 1605 538 1816 592; x_wconf 73' lang='grc' dir='ltr'>πληρώσας,</span> <span class='ocrx_word' id='word_1_423' title='bbox 1847 540 1982 587; x_wconf 76' lang='grc' dir='ltr'>ἐξῆλθεν</span> <span class='ocrx_word' id='word_1_424' title='bbox 2009 542 2048 579; x_wconf 89' lang='grc' dir='ltr'>ἐκ</span> <span class='ocrx_word' id='word_1_425' title='bbox 2075 546 2133 579; x_wconf 89' lang='grc' dir='ltr'>τοῦ</span> <span class='ocrx_word' id='word_1_426' title='bbox 2162 543 2276 593; x_wconf 81' lang='grc' dir='ltr'>ἱεροῦ,</span> <span class='ocrx_word' id='word_1_427' title='bbox 2296 541 2356 578; x_wconf 86' lang='grc' dir='ltr'>καὶ</span> 
     </span>
     <span class='ocr_line' id='line_1_71' title="bbox 1335 599 2354 654; baseline 0.002 -17"><span class='ocrx_word' id='word_1_428' title='bbox 1335 599 1553 653; x_wconf 71' lang='grc' dir='ltr'>ἀνεχώρησεν</span> <span class='ocrx_word' id='word_1_429' title='bbox 1595 601 1651 638; x_wconf 82' lang='grc' dir='ltr'>ἐπὶ</span> <span class='ocrx_word' id='word_1_430' title='bbox 1694 600 1756 646; x_wconf 83' lang='grc' dir='ltr'>τὴν</span> <span class='ocrx_word' id='word_1_431' title='bbox 1785 600 1880 639; x_wconf 81' lang='grc' dir='ltr'>ἴασιν</span> <span class='ocrx_word' id='word_1_432' title='bbox 1919 606 1978 639; x_wconf 88' lang='grc' dir='ltr'>τοῦ</span> <span class='ocrx_word' id='word_1_433' title='bbox 2016 603 2160 654; x_wconf 74' lang='grc' dir='ltr'>τυφλοῦ,</span> <span class='ocrx_word' id='word_1_434' title='bbox 2194 601 2251 639; x_wconf 77' lang='grc' dir='ltr'>διὰ</span> <span class='ocrx_word' id='word_1_435' title='bbox 2286 604 2354 639; x_wconf 81' lang='grc' dir='ltr'>τῶν</span> 
     </span>
     <span class='ocr_line' id='line_1_72' title="bbox 1333 659 2355 712; baseline 0 -16"><span class='ocrx_word' id='word_1_436' title='bbox 1333 659 1440 710; x_wconf 81' lang='grc' dir='ltr'>ἔργων</span> <span class='ocrx_word' id='word_1_437' title='bbox 1460 659 1704 710; x_wconf 77' lang='grc' dir='ltr'>πιστούμενος,</span> <span class='ocrx_word' id='word_1_438' title='bbox 1725 659 1778 697; x_wconf 81' lang='grc' dir='ltr'>ὅτι</span> <span class='ocrx_word' id='word_1_439' title='bbox 1795 659 1863 712; x_wconf 86' lang='grc' dir='ltr'>πρὸ</span> <span class='ocrx_word' id='word_1_440' title='bbox 1881 663 1940 697; x_wconf 78' lang='grc' dir='ltr'>τοῦ</span> <span class='ocrx_word' id='word_1_441' title='bbox 1960 659 2121 711; x_wconf 69' lang='grc' dir='ltr'>Ἀὃραάμ</span> <span class='ocrx_word' id='word_1_442' title='bbox 2141 662 2245 698; x_wconf 84' lang='grc' dir='ltr'>ἐστιν.</span> <span class='ocrx_word' id='word_1_443' title='bbox 2263 659 2355 698; x_wconf 79' lang='grc' dir='ltr'>Ἀλλ’</span> 
     </span>
     <span class='ocr_line' id='line_1_73' title="bbox 1334 719 2353 772; baseline 0.001 -16"><span class='ocrx_word' id='word_1_444' title='bbox 1334 720 1415 762; x_wconf 85' lang='grc' dir='ltr'>ἴσως</span> <span class='ocrx_word' id='word_1_445' title='bbox 1435 721 1504 772; x_wconf 80' lang='grc' dir='ltr'>ἐρεῖ</span> <span class='ocrx_word' id='word_1_446' title='bbox 1531 735 1600 763; x_wconf 89' lang='grc' dir='ltr'>τις·</span> <span class='ocrx_word' id='word_1_447' title='bbox 1624 719 1714 763; x_wconf 91' lang='grc' dir='ltr'>τίνος</span> <span class='ocrx_word' id='word_1_448' title='bbox 1739 719 1852 757; x_wconf 78' lang='grc' dir='ltr'>ἕνεκεν</span> <span class='ocrx_word' id='word_1_449' title='bbox 1872 722 1934 758; x_wconf 76' lang='grc' dir='ltr'>οὐκ</span> <span class='ocrx_word' id='word_1_450' title='bbox 1963 720 2116 763; x_wconf 78' lang='grc' dir='ltr'>ἐξέλυσεν</span> <span class='ocrx_word' id='word_1_451' title='bbox 2149 722 2260 758; x_wconf 77' lang='grc' dir='ltr'>αὐτῶν</span> <span class='ocrx_word' id='word_1_452' title='bbox 2291 719 2353 767; x_wconf 81' lang='grc' dir='ltr'>τὴν</span> 
     </span>
     <span class='ocr_line' id='line_1_74' title="bbox 1333 780 2354 834; baseline 0.002 -17"><span class='ocrx_word' id='word_1_453' title='bbox 1333 780 1498 831; x_wconf 76' lang='grc' dir='ltr'>δύναμιν,</span> <span class='ocrx_word' id='word_1_454' title='bbox 1520 780 1608 819; x_wconf 76' lang='grc' dir='ltr'>οὕτω</span> <span class='ocrx_word' id='word_1_455' title='bbox 1637 780 1704 833; x_wconf 76' lang='grc' dir='ltr'>γὰρ</span> <span class='ocrx_word' id='word_1_456' title='bbox 1732 781 1771 818; x_wconf 85' lang='grc' dir='ltr'>ἂν</span> <span class='ocrx_word' id='word_1_457' title='bbox 1803 781 2022 819; x_wconf 81' lang='grc' dir='ltr'>ἐπίστευσαν.</span> <span class='ocrx_word' id='word_1_458' title='bbox 2060 781 2354 834; x_wconf 86' lang='grc' dir='ltr'>Παραλελυμένον</span> 
     </span>
     <span class='ocr_line' id='line_1_75' title="bbox 1332 840 2355 894; baseline 0.002 -17"><span class='ocrx_word' id='word_1_459' title='bbox 1332 841 1559 892; x_wconf 82' lang='grc' dir='ltr'>ἐθεράπευσε,</span> <span class='ocrx_word' id='word_1_460' title='bbox 1575 840 1634 878; x_wconf 75' lang='grc' dir='ltr'>καὶ</span> <span class='ocrx_word' id='word_1_461' title='bbox 1660 843 1720 879; x_wconf 81' lang='grc' dir='ltr'>οὐκ</span> <span class='ocrx_word' id='word_1_462' title='bbox 1746 841 1950 879; x_wconf 82' lang='grc' dir='ltr'>ἐπίστευσαν</span> <span class='ocrx_word' id='word_1_463' title='bbox 1965 857 1972 864; x_wconf 93' lang='grc'><em>·</em></span> <span class='ocrx_word' id='word_1_464' title='bbox 1997 841 2086 879; x_wconf 85' lang='grc' dir='ltr'>ἄλλα</span> <span class='ocrx_word' id='word_1_465' title='bbox 2115 841 2220 894; x_wconf 87' lang='grc' dir='ltr'>μυρία</span> <span class='ocrx_word' id='word_1_466' title='bbox 2240 842 2355 894; x_wconf 83' lang='grc' dir='ltr'>εἰργά-</span> 
     </span>
     <span class='ocr_line' id='line_1_76' title="bbox 1333 900 2356 955; baseline 0.001 -17"><span class='ocrx_word' id='word_1_467' title='bbox 1333 916 1437 947; x_wconf 75' lang='grc' dir='ltr'>σατο,</span> <span class='ocrx_word' id='word_1_468' title='bbox 1455 900 1514 938; x_wconf 81' lang='grc' dir='ltr'>καὶ</span> <span class='ocrx_word' id='word_1_469' title='bbox 1532 904 1564 938; x_wconf 81' lang='grc' dir='ltr'>ἐν</span> <span class='ocrx_word' id='word_1_470' title='bbox 1587 903 1679 953; x_wconf 78' lang='grc' dir='ltr'>αὐτῷ</span> <span class='ocrx_word' id='word_1_471' title='bbox 1705 900 1739 939; x_wconf 77' lang='grc' dir='ltr'>δὲ</span> <span class='ocrx_word' id='word_1_472' title='bbox 1764 901 1866 940; x_wconf 80' lang='grc' dir='ltr'>πάθει</span> <span class='ocrx_word' id='word_1_473' title='bbox 1896 901 2032 955; x_wconf 69' lang='grc' dir='ltr'>ἔρριψεν</span> <span class='ocrx_word' id='word_1_474' title='bbox 2055 900 2176 945; x_wconf 73' lang='grc' dir='ltr'>αὐτοὺς</span> <span class='ocrx_word' id='word_1_475' title='bbox 2195 901 2356 950; x_wconf 79' lang='grc' dir='ltr'>ὑπτίους,</span> 
     </span>
     <span class='ocr_line' id='line_1_77' title="bbox 1333 960 2353 1014; baseline 0.002 -16"><span class='ocrx_word' id='word_1_476' title='bbox 1333 960 1391 998; x_wconf 82' lang='grc' dir='ltr'>καὶ</span> <span class='ocrx_word' id='word_1_477' title='bbox 1411 961 1603 999; x_wconf 84' lang='grc' dir='ltr'>ἐσκότωσεν</span> <span class='ocrx_word' id='word_1_478' title='bbox 1625 963 1735 1000; x_wconf 79' lang='grc' dir='ltr'>αὐτῶν</span> <span class='ocrx_word' id='word_1_479' title='bbox 1755 962 1816 1005; x_wconf 83' lang='grc' dir='ltr'>τὰς</span> <span class='ocrx_word' id='word_1_480' title='bbox 1836 962 1951 1014; x_wconf 68' lang='grc' dir='ltr'>ὄψεις,</span> <span class='ocrx_word' id='word_1_481' title='bbox 1972 962 2031 1000; x_wconf 82' lang='grc' dir='ltr'>καὶ</span> <span class='ocrx_word' id='word_1_482' title='bbox 2055 965 2115 1001; x_wconf 80' lang='grc' dir='ltr'>οὐκ</span> <span class='ocrx_word' id='word_1_483' title='bbox 2130 961 2353 1000; x_wconf 89' lang='grc' dir='ltr'>ἐπίστευσαν·</span> 
     </span>
     <span class='ocr_line' id='line_1_78' title="bbox 1333 1021 2356 1074; baseline 0.003 -16"><span class='ocrx_word' id='word_1_484' title='bbox 1333 1021 1391 1058; x_wconf 83' lang='grc' dir='ltr'>καὶ</span> <span class='ocrx_word' id='word_1_485' title='bbox 1410 1025 1483 1064; x_wconf 82' lang='grc' dir='ltr'>πῶς</span> <span class='ocrx_word' id='word_1_486' title='bbox 1511 1022 1550 1059; x_wconf 77' lang='grc' dir='ltr'>ἂν</span> <span class='ocrx_word' id='word_1_487' title='bbox 1567 1021 1788 1070; x_wconf 82' lang='grc' dir='ltr'>ἐπίστευσαν,</span> <span class='ocrx_word' id='word_1_488' title='bbox 1816 1025 1845 1060; x_wconf 82' lang='grc' dir='ltr'>εἰ</span> <span class='ocrx_word' id='word_1_489' title='bbox 1877 1022 1941 1069; x_wconf 80' lang='grc' dir='ltr'>τὴν</span> <span class='ocrx_word' id='word_1_490' title='bbox 1964 1022 2110 1074; x_wconf 84' lang='grc' dir='ltr'>δύναμιν</span> <span class='ocrx_word' id='word_1_491' title='bbox 2146 1025 2256 1061; x_wconf 76' lang='grc' dir='ltr'>αὐτῶν</span> <span class='ocrx_word' id='word_1_492' title='bbox 2283 1021 2356 1066; x_wconf 78' lang='grc' dir='ltr'>ἐξέ-</span> 
     </span>
     <span class='ocr_line' id='line_1_79' title="bbox 1332 1081 2356 1137; baseline 0.002 -19"><span class='ocrx_word' id='word_1_493' title='bbox 1332 1084 1436 1129; x_wconf 73' lang='grc' dir='ltr'>λυσε,</span> <span class='ocrx_word' id='word_1_494' title='bbox 1456 1081 1472 1101; x_wconf 71' lang='lat'>¹³</span> <span class='ocrx_word' id='word_1_495' title='bbox 1491 1083 1623 1133; x_wconf 62' lang='lat' dir='ltr'>llf&#39;uffiq</span> <span class='ocrx_word' id='word_1_496' title='bbox 1651 1082 1719 1135; x_wconf 81' lang='grc' dir='ltr'>γὰρ</span> <span class='ocrx_word' id='word_1_497' title='bbox 1747 1083 1985 1134; x_wconf 84' lang='grc' dir='ltr'>ἀπεγνωκυίας</span> <span class='ocrx_word' id='word_1_498' title='bbox 2004 1090 2119 1137; x_wconf 84' lang='grc' dir='ltr'>χεῖρον</span> <span class='ocrx_word' id='word_1_499' title='bbox 2153 1084 2266 1122; x_wconf 75' lang='grc' dir='ltr'>οὐδέν·</span> <span class='ocrx_word' id='word_1_500' title='bbox 2292 1082 2356 1121; x_wconf 76' lang='grc' dir='ltr'>κᾶν</span> 
     </span>
     <span class='ocr_line' id='line_1_80' title="bbox 1333 1141 2357 1196; baseline 0.003 -17"><span class='ocrx_word' id='word_1_501' title='bbox 1333 1147 1461 1191; x_wconf 89' lang='grc' dir='ltr'>σημεῖα</span> <span class='ocrx_word' id='word_1_502' title='bbox 1480 1141 1535 1192; x_wconf 77' lang='grc' dir='ltr'>ἴδῃ</span> <span class='ocrx_word' id='word_1_503' title='bbox 1548 1171 1558 1188; x_wconf 85' lang='grc'>,</span> <span class='ocrx_word' id='word_1_504' title='bbox 1575 1141 1638 1179; x_wconf 79' lang='grc' dir='ltr'>κᾶν</span> <span class='ocrx_word' id='word_1_505' title='bbox 1664 1143 1792 1195; x_wconf 88' lang='grc' dir='ltr'>τέρατα</span> <span class='ocrx_word' id='word_1_506' title='bbox 1804 1173 1814 1190; x_wconf 92' lang='grc'>,</span> <span class='ocrx_word' id='word_1_507' title='bbox 1840 1143 1933 1194; x_wconf 83' lang='grc' dir='ltr'>μένει</span> <span class='ocrx_word' id='word_1_508' title='bbox 1952 1143 2015 1190; x_wconf 84' lang='grc' dir='ltr'>τὴν</span> <span class='ocrx_word' id='word_1_509' title='bbox 2044 1143 2149 1191; x_wconf 81' lang='grc' dir='ltr'>αὐτὴν</span> <span class='ocrx_word' id='word_1_510' title='bbox 2171 1146 2357 1196; x_wconf 68' lang='grc' dir='ltr'>ἀναισχυν-</span> 
     </span>
     <span class='ocr_line' id='line_1_81' title="bbox 1331 1189 2358 1256; baseline 0.003 -17"><span class='ocrx_word' id='word_1_511' title='bbox 1331 1201 1407 1239; x_wconf 87' lang='grc' dir='ltr'>τίαν</span> <span class='ocrx_word' id='word_1_512' title='bbox 1437 1201 1576 1253; x_wconf 78' lang='grc' dir='ltr'>ἔχουσα.</span> <span class='ocrx_word' id='word_1_513' title='bbox 1601 1202 1671 1240; x_wconf 74' lang='grc' dir='ltr'>Καὶ</span> <span class='ocrx_word' id='word_1_514' title='bbox 1701 1203 1769 1254; x_wconf 83' lang='grc' dir='ltr'>γὰρ</span> <span class='ocrx_word' id='word_1_515' title='bbox 1802 1206 1819 1241; x_wconf 84' lang='grc' dir='ltr'>ὁ</span> <span class='ocrx_word' id='word_1_516' title='bbox 1849 1204 1987 1256; x_wconf 84' lang='grc' dir='ltr'>Φαραὼ</span> <span class='ocrx_word' id='word_1_517' title='bbox 2021 1204 2144 1256; x_wconf 88' lang='grc' dir='ltr'>μυρίας</span> <span class='ocrx_word' id='word_1_518' title='bbox 2176 1189 2358 1256; x_wconf 74' lang='grc' dir='ltr'>δεχόμενος</span> 
     </span>
     <span class='ocr_line' id='line_1_82' title="bbox 1331 1261 2357 1318; baseline 0.002 -18"><span class='ocrx_word' id='word_1_519' title='bbox 1331 1261 1484 1313; x_wconf 82' lang='grc' dir='ltr'>πληγὰς,</span> <span class='ocrx_word' id='word_1_520' title='bbox 1506 1261 1564 1301; x_wconf 77' lang='grc' dir='ltr'>ὅτε</span> <span class='ocrx_word' id='word_1_521' title='bbox 1588 1262 1771 1306; x_wconf 81' lang='grc' dir='ltr'>ἐκολάζετο</span> <span class='ocrx_word' id='word_1_522' title='bbox 1786 1262 1904 1314; x_wconf 87' lang='grc' dir='ltr'>μόνον,</span> <span class='ocrx_word' id='word_1_523' title='bbox 1925 1264 2192 1318; x_wconf 85' lang='grc' dir='ltr'>ἐσωφρονίζετο,</span> <span class='ocrx_word' id='word_1_524' title='bbox 2214 1263 2274 1302; x_wconf 79' lang='grc' dir='ltr'>καὶ</span> <span class='ocrx_word' id='word_1_525' title='bbox 2290 1264 2357 1314; x_wconf 83' lang='grc' dir='ltr'>μέ-</span> 
     </span>
     <span class='ocr_line' id='line_1_83' title="bbox 1331 1322 2358 1376; baseline 0.003 -16"><span class='ocrx_word' id='word_1_526' title='bbox 1331 1339 1390 1375; x_wconf 75' lang='grc' dir='ltr'>χρι</span> <span class='ocrx_word' id='word_1_527' title='bbox 1405 1325 1466 1369; x_wconf 73' lang='grc' dir='ltr'>τῆς</span> <span class='ocrx_word' id='word_1_528' title='bbox 1489 1323 1640 1375; x_wconf 81' lang='grc' dir='ltr'>ἐσχάτης</span> <span class='ocrx_word' id='word_1_529' title='bbox 1656 1322 1791 1376; x_wconf 79' lang='grc' dir='ltr'>ἡμέρας</span> <span class='ocrx_word' id='word_1_530' title='bbox 1809 1327 1960 1368; x_wconf 88' lang='grc' dir='ltr'>τοιοῦτος</span> <span class='ocrx_word' id='word_1_531' title='bbox 1989 1324 2105 1375; x_wconf 80' lang='grc' dir='ltr'>ἔμεινε</span> <span class='ocrx_word' id='word_1_532' title='bbox 2118 1355 2127 1372; x_wconf 96' lang='grc'>,</span> <span class='ocrx_word' id='word_1_533' title='bbox 2151 1324 2285 1363; x_wconf 79' lang='grc' dir='ltr'>διώκων</span> <span class='ocrx_word' id='word_1_534' title='bbox 2301 1323 2358 1368; x_wconf 74' lang='grc' dir='ltr'>οὓς</span> 
     </span>
     <span class='ocr_line' id='line_1_84' title="bbox 1332 1383 2356 1438; baseline 0.003 -17"><span class='ocrx_word' id='word_1_535' title='bbox 1332 1383 1493 1422; x_wconf 84' lang='grc' dir='ltr'>ἀπέλυσε.</span> <span class='ocrx_word' id='word_1_536' title='bbox 1522 1383 1589 1421; x_wconf 87' lang='grc' dir='ltr'>Διὰ</span> <span class='ocrx_word' id='word_1_537' title='bbox 1617 1388 1717 1422; x_wconf 87' lang='grc' dir='ltr'>τοῦτο</span> <span class='ocrx_word' id='word_1_538' title='bbox 1738 1384 1810 1422; x_wconf 80' lang='grc' dir='ltr'>ἅνω</span> <span class='ocrx_word' id='word_1_539' title='bbox 1840 1384 1899 1423; x_wconf 81' lang='grc' dir='ltr'>καὶ</span> <span class='ocrx_word' id='word_1_540' title='bbox 1934 1385 2064 1424; x_wconf 83' lang='grc' dir='ltr'>κάτωὸ</span> <span class='ocrx_word' id='word_1_541' title='bbox 2086 1385 2226 1430; x_wconf 84' lang='grc' dir='ltr'>Παῦλός</span> <span class='ocrx_word' id='word_1_542' title='bbox 2253 1401 2356 1438; x_wconf 85' lang='grc' dir='ltr'>φησι·</span> 
     </span>
     <span class='ocr_line' id='line_1_85' title="bbox 1332 1443 2356 1498; baseline 0.002 -16"><span class='ocrx_word' id='word_1_543' title='bbox 1332 1443 1392 1491; x_wconf 82' lang='grc' dir='ltr'>Μὴ</span> <span class='ocrx_word' id='word_1_544' title='bbox 1420 1446 1617 1496; x_wconf 79' lang='grc' dir='ltr'>σκληρυνθῇ</span> <span class='ocrx_word' id='word_1_545' title='bbox 1649 1461 1702 1488; x_wconf 88' lang='grc' dir='ltr'>τις</span> <span class='ocrx_word' id='word_1_546' title='bbox 1730 1444 1764 1488; x_wconf 79' lang='grc' dir='ltr'>ἐξ</span> <span class='ocrx_word' id='word_1_547' title='bbox 1796 1449 1892 1496; x_wconf 81' lang='grc' dir='ltr'>ὑμῶν</span> <span class='ocrx_word' id='word_1_548' title='bbox 1925 1446 2042 1498; x_wconf 80' lang='grc' dir='ltr'>ἀπάτῃ</span> <span class='ocrx_word' id='word_1_549' title='bbox 2074 1450 2136 1494; x_wconf 69' lang='grc' dir='ltr'>τῆς</span> <span class='ocrx_word' id='word_1_550' title='bbox 2170 1446 2356 1498; x_wconf 79' lang='grc' dir='ltr'>ἁμαρτίας,</span> 
     </span>
     <span class='ocr_line' id='line_1_86' title="bbox 1331 1505 2355 1559; baseline 0.002 -16"><span class='ocrx_word' id='word_1_551' title='bbox 1331 1505 1499 1558; x_wconf 85' lang='grc' dir='ltr'>Καθάπερ</span> <span class='ocrx_word' id='word_1_552' title='bbox 1513 1505 1582 1557; x_wconf 83' lang='grc' dir='ltr'>γὰρ</span> <span class='ocrx_word' id='word_1_553' title='bbox 1601 1508 1631 1543; x_wconf 83' lang='grc' dir='ltr'>οἱ</span> <span class='ocrx_word' id='word_1_554' title='bbox 1654 1507 1771 1543; x_wconf 87' lang='grc' dir='ltr'>στῦλοι</span> <span class='ocrx_word' id='word_1_555' title='bbox 1786 1510 1846 1544; x_wconf 87' lang='grc' dir='ltr'>τοῦ</span> <span class='ocrx_word' id='word_1_556' title='bbox 1866 1505 2049 1557; x_wconf 52' lang='grc' dir='ltr'>ςσώματος</span> <span class='ocrx_word' id='word_1_557' title='bbox 2062 1512 2262 1559; x_wconf 87' lang='grc' dir='ltr'>νεκροῦνται</span> <span class='ocrx_word' id='word_1_558' title='bbox 2276 1509 2355 1545; x_wconf 71' lang='grc' dir='ltr'>λοι-</span> 
     </span>
     <span class='ocr_line' id='line_1_87' title="bbox 1331 1564 2352 1619; baseline 0.001 -16"><span class='ocrx_word' id='word_1_559' title='bbox 1331 1566 1408 1614; x_wconf 79' lang='grc' dir='ltr'>πὸν,</span> <span class='ocrx_word' id='word_1_560' title='bbox 1429 1565 1488 1604; x_wconf 81' lang='grc' dir='ltr'>καὶ</span> <span class='ocrx_word' id='word_1_561' title='bbox 1507 1564 1668 1616; x_wconf 77' lang='grc' dir='ltr'>οὐδεμίαν</span> <span class='ocrx_word' id='word_1_562' title='bbox 1692 1565 1851 1613; x_wconf 75' lang='grc' dir='ltr'>αἴσθησιν</span> <span class='ocrx_word' id='word_1_563' title='bbox 1872 1565 2006 1618; x_wconf 77' lang='grc' dir='ltr'>ἔχουσιν</span> <span class='ocrx_word' id='word_1_564' title='bbox 2019 1582 2026 1590; x_wconf 92' lang='grc'>·</span> <span class='ocrx_word' id='word_1_565' title='bbox 2044 1566 2133 1605; x_wconf 80' lang='grc' dir='ltr'>οὕτω</span> <span class='ocrx_word' id='word_1_566' title='bbox 2160 1567 2219 1605; x_wconf 86' lang='grc' dir='ltr'>καὶ</span> <span class='ocrx_word' id='word_1_567' title='bbox 2235 1567 2352 1619; x_wconf 81' lang='grc' dir='ltr'>ψυχὴ,</span> 
     </span>
     <span class='ocr_line' id='line_1_88' title="bbox 1329 1626 2356 1679; baseline 0 -15"><span class='ocrx_word' id='word_1_568' title='bbox 1329 1626 1410 1664; x_wconf 74' lang='grc' dir='ltr'>ὅταν</span> <span class='ocrx_word' id='word_1_569' title='bbox 1447 1628 1586 1669; x_wconf 86' lang='grc' dir='ltr'>πολλοῖς</span> <span class='ocrx_word' id='word_1_570' title='bbox 1626 1629 1829 1678; x_wconf 75' lang='grc' dir='ltr'>κατασχεθῇ</span> <span class='ocrx_word' id='word_1_571' title='bbox 1869 1626 2014 1675; x_wconf 83' lang='grc' dir='ltr'>πάθεσι,</span> <span class='ocrx_word' id='word_1_572' title='bbox 2054 1631 2233 1679; x_wconf 85' lang='grc' dir='ltr'>νεκροῦται</span> <span class='ocrx_word' id='word_1_573' title='bbox 2269 1627 2356 1679; x_wconf 83' lang='grc' dir='ltr'>πρὸς</span> 
     </span>
     <span class='ocr_line' id='line_1_89' title="bbox 1330 1686 2356 1740; baseline -0.001 -15"><span class='ocrx_word' id='word_1_574' title='bbox 1330 1687 1392 1734; x_wconf 79' lang='grc' dir='ltr'>τὴν</span> <span class='ocrx_word' id='word_1_575' title='bbox 1423 1687 1561 1740; x_wconf 82' lang='grc' dir='ltr'>ἀρετήν.</span> <span class='ocrx_word' id='word_1_576' title='bbox 1588 1686 1661 1726; x_wconf 77' lang='grc' dir='ltr'>Κᾶν</span> <span class='ocrx_word' id='word_1_577' title='bbox 1691 1688 1815 1724; x_wconf 87' lang='grc' dir='ltr'>εἷτιοῦν</span> <span class='ocrx_word' id='word_1_578' title='bbox 1837 1687 2094 1740; x_wconf 80' lang='grc' dir='ltr'>προσενέγκῃς,</span> <span class='ocrx_word' id='word_1_579' title='bbox 2115 1689 2152 1725; x_wconf 81' lang='grc' dir='ltr'>οὐ</span> <span class='ocrx_word' id='word_1_580' title='bbox 2180 1687 2356 1737; x_wconf 69' lang='grc' dir='ltr'>λαμὸάνει</span> 
     </span>
     <span class='ocr_line' id='line_1_90' title="bbox 1330 1746 2355 1800; baseline 0 -16"><span class='ocrx_word' id='word_1_581' title='bbox 1330 1753 1388 1786; x_wconf 89' lang='grc' dir='ltr'>τοῦ</span> <span class='ocrx_word' id='word_1_582' title='bbox 1417 1747 1624 1800; x_wconf 86' lang='grc' dir='ltr'>πράγματος</span> <span class='ocrx_word' id='word_1_583' title='bbox 1662 1746 1840 1793; x_wconf 82' lang='grc' dir='ltr'>αἴσθησιν·</span> <span class='ocrx_word' id='word_1_584' title='bbox 1877 1746 1967 1785; x_wconf 80' lang='grc' dir='ltr'>ἀλλὰ</span> <span class='ocrx_word' id='word_1_585' title='bbox 2001 1747 2064 1784; x_wconf 82' lang='grc' dir='ltr'>κᾶν</span> <span class='ocrx_word' id='word_1_586' title='bbox 2094 1746 2251 1795; x_wconf 88' lang='grc' dir='ltr'>κόλασιν,</span> <span class='ocrx_word' id='word_1_587' title='bbox 2290 1746 2355 1785; x_wconf 77' lang='grc' dir='ltr'>κᾶν</span> 
     </span>
     <span class='ocr_line' id='line_1_91' title="bbox 1330 1806 2020 1857; baseline -0.003 -12"><span class='ocrx_word' id='word_1_588' title='bbox 1330 1811 1440 1846; x_wconf 80' lang='grc' dir='ltr'>ὁτιοῦν</span> <span class='ocrx_word' id='word_1_589' title='bbox 1467 1807 1680 1857; x_wconf 80' lang='grc' dir='ltr'>ἀπειλήσῃς,</span> <span class='ocrx_word' id='word_1_590' title='bbox 1703 1806 1895 1857; x_wconf 82' lang='grc' dir='ltr'>ἀνάλγητος</span> <span class='ocrx_word' id='word_1_591' title='bbox 1913 1806 2020 1856; x_wconf 78' lang='grc' dir='ltr'>μένει.</span> 
     </span>
    </p>
   </div>
   <div class='ocr_carea' id='block_1_17' title="bbox 1328 2066 2354 3214">
    <p class='ocr_par' dir='ltr' id='par_1_17' title="bbox 1328 2066 2354 3214">
     <span class='ocr_line' id='line_1_92' title="bbox 1386 2066 2353 2120; baseline -0.003 -13"><span class='ocrx_word' id='word_1_592' title='bbox 1386 2070 1448 2107; x_wconf 78' lang='grc' dir='ltr'>Διὸ</span> <span class='ocrx_word' id='word_1_593' title='bbox 1482 2068 1522 2115; x_wconf 80' lang='grc' dir='ltr'>δὴ</span> <span class='ocrx_word' id='word_1_594' title='bbox 1552 2067 1697 2118; x_wconf 78' lang='grc' dir='ltr'>δέομαι,</span> <span class='ocrx_word' id='word_1_595' title='bbox 1727 2067 1789 2110; x_wconf 77' lang='grc' dir='ltr'>ἕως</span> <span class='ocrx_word' id='word_1_596' title='bbox 1832 2066 1973 2110; x_wconf 78' lang='grc' dir='ltr'>ἐλπίδας</span> <span class='ocrx_word' id='word_1_597' title='bbox 2006 2066 2130 2118; x_wconf 75' lang='grc' dir='ltr'>ἔχομεν</span> <span class='ocrx_word' id='word_1_598' title='bbox 2162 2067 2353 2120; x_wconf 83' lang='grc' dir='ltr'>σωτηρίας,</span> 
     </span>
     <span class='ocr_line' id='line_1_93' title="bbox 1333 2127 2354 2181; baseline -0.001 -14"><span class='ocrx_word' id='word_1_599' title='bbox 1333 2129 1397 2173; x_wconf 79' lang='grc' dir='ltr'>ἕως</span> <span class='ocrx_word' id='word_1_600' title='bbox 1434 2130 1607 2179; x_wconf 78' lang='grc' dir='ltr'>δυνάμεθα</span> <span class='ocrx_word' id='word_1_601' title='bbox 1642 2128 1845 2181; x_wconf 78' lang='grc' dir='ltr'>ἐπιτρέψαι,</span> <span class='ocrx_word' id='word_1_602' title='bbox 1876 2127 1992 2166; x_wconf 89' lang='grc' dir='ltr'>πάντα</span> <span class='ocrx_word' id='word_1_603' title='bbox 2030 2133 2152 2166; x_wconf 72' lang='grc' dir='ltr'>ποιεῖν,</span> <span class='ocrx_word' id='word_1_604' title='bbox 2200 2128 2246 2165; x_wconf 82' lang='grc' dir='ltr'>Οἳ</span> <span class='ocrx_word' id='word_1_605' title='bbox 2285 2127 2354 2179; x_wconf 79' lang='grc' dir='ltr'>γὰρ</span> 
     </span>
     <span class='ocr_line' id='line_1_94' title="bbox 1334 2188 2352 2242; baseline -0.002 -14"><span class='ocrx_word' id='word_1_606' title='bbox 1334 2190 1595 2242; x_wconf 81' lang='grc' dir='ltr'>ἀπηλγηκότες,</span> <span class='ocrx_word' id='word_1_607' title='bbox 1630 2188 1788 2240; x_wconf 83' lang='grc' dir='ltr'>καθάπερ</span> <span class='ocrx_word' id='word_1_608' title='bbox 1820 2191 1888 2226; x_wconf 83' lang='grc' dir='ltr'>τῶν</span> <span class='ocrx_word' id='word_1_609' title='bbox 1923 2188 2141 2241; x_wconf 67' lang='grc' dir='ltr'>κυὸερνητῶν</span> <span class='ocrx_word' id='word_1_610' title='bbox 2186 2190 2216 2227; x_wconf 81' lang='grc' dir='ltr'>οἱ</span> <span class='ocrx_word' id='word_1_611' title='bbox 2264 2191 2352 2226; x_wconf 87' lang='grc' dir='ltr'>ἀπο-</span> 
     </span>
     <span class='ocr_line' id='line_1_95' title="bbox 1333 2248 2351 2302; baseline -0.002 -14"><span class='ocrx_word' id='word_1_612' title='bbox 1333 2251 1467 2302; x_wconf 83' lang='grc' dir='ltr'>γνόντες</span> <span class='ocrx_word' id='word_1_613' title='bbox 1501 2254 1543 2302; x_wconf 77' lang='grc' dir='ltr'>τῇ</span> <span class='ocrx_word' id='word_1_614' title='bbox 1582 2249 1729 2301; x_wconf 77' lang='grc' dir='ltr'>πνεούσῃ</span> <span class='ocrx_word' id='word_1_615' title='bbox 1764 2250 1803 2287; x_wconf 83' lang='grc' dir='ltr'>τὸ</span> <span class='ocrx_word' id='word_1_616' title='bbox 1839 2248 1968 2300; x_wconf 84' lang='grc' dir='ltr'>σκάφος</span> <span class='ocrx_word' id='word_1_617' title='bbox 2000 2248 2246 2300; x_wconf 76' lang='grc' dir='ltr'>παραδιδόντες</span> <span class='ocrx_word' id='word_1_618' title='bbox 2260 2278 2269 2295; x_wconf 93' lang='grc'>,</span> <span class='ocrx_word' id='word_1_619' title='bbox 2293 2251 2351 2286; x_wconf 89' lang='grc' dir='ltr'>οὐ-</span> 
     </span>
     <span class='ocr_line' id='line_1_96' title="bbox 1335 2302 2353 2363; baseline -0.003 -14"><span class='ocrx_word' id='word_1_620' title='bbox 1335 2311 1387 2349; x_wconf 80' lang='grc' dir='ltr'>δὲν</span> <span class='ocrx_word' id='word_1_621' title='bbox 1419 2312 1502 2363; x_wconf 79' lang='grc' dir='ltr'>παρ’</span> <span class='ocrx_word' id='word_1_622' title='bbox 1523 2313 1651 2348; x_wconf 81' lang='grc' dir='ltr'>ἑαυτῶν</span> <span class='ocrx_word' id='word_1_623' title='bbox 1678 2309 1910 2362; x_wconf 74' lang='grc' dir='ltr'>εἰσφέρουσιν·</span> <span class='ocrx_word' id='word_1_624' title='bbox 1939 2308 2029 2347; x_wconf 83' lang='grc' dir='ltr'>οὕτω</span> <span class='ocrx_word' id='word_1_625' title='bbox 2057 2309 2116 2347; x_wconf 82' lang='grc' dir='ltr'>καὶ</span> <span class='ocrx_word' id='word_1_626' title='bbox 2155 2302 2247 2346; x_wconf 61' lang='grc' dir='ltr'>οὗτοι</span> <span class='ocrx_word' id='word_1_627' title='bbox 2276 2325 2353 2346; x_wconf 89' lang='grc' dir='ltr'>πει-</span> 
     </span>
     <span class='ocr_line' id='line_1_97' title="bbox 1335 2369 2351 2426; baseline -0.004 -16"><span class='ocrx_word' id='word_1_628' title='bbox 1335 2376 1462 2426; x_wconf 80' lang='grc' dir='ltr'>ρῶνται</span> <span class='ocrx_word' id='word_1_629' title='bbox 1476 2371 1607 2410; x_wconf 83' lang='grc' dir='ltr'>λοιπόν.</span> <span class='ocrx_word' id='word_1_630' title='bbox 1627 2369 1674 2408; x_wconf 69' lang='lat' dir='ltr'>“O</span> <span class='ocrx_word' id='word_1_631' title='bbox 1693 2385 1729 2408; x_wconf 85' lang='grc' dir='ltr'>τε</span> <span class='ocrx_word' id='word_1_632' title='bbox 1746 2370 1813 2422; x_wconf 85' lang='grc' dir='ltr'>γὰρ</span> <span class='ocrx_word' id='word_1_633' title='bbox 1837 2369 2007 2420; x_wconf 80' lang='grc' dir='ltr'>βάσκανος</span> <span class='ocrx_word' id='word_1_634' title='bbox 2026 2372 2073 2413; x_wconf 84' lang='grc' dir='ltr'>εἷς</span> <span class='ocrx_word' id='word_1_635' title='bbox 2092 2369 2127 2406; x_wconf 78' lang='grc' dir='ltr'>ἓν</span> <span class='ocrx_word' id='word_1_636' title='bbox 2154 2371 2217 2420; x_wconf 77' lang='grc' dir='ltr'>ὃρᾷ</span> <span class='ocrx_word' id='word_1_637' title='bbox 2236 2369 2351 2419; x_wconf 85' lang='grc' dir='ltr'>μόνον,</span> 
     </span>
     <span class='ocr_line' id='line_1_98' title="bbox 1332 2429 2352 2483; baseline -0.005 -12"><span class='ocrx_word' id='word_1_638' title='bbox 1332 2433 1393 2480; x_wconf 81' lang='grc' dir='ltr'>τὴν</span> <span class='ocrx_word' id='word_1_639' title='bbox 1414 2431 1597 2482; x_wconf 82' lang='grc' dir='ltr'>ἐπιθυμίαν</span> <span class='ocrx_word' id='word_1_640' title='bbox 1617 2432 1802 2483; x_wconf 83' lang='grc' dir='ltr'>πληρῶσαι</span> <span class='ocrx_word' id='word_1_641' title='bbox 1822 2429 1885 2477; x_wconf 82' lang='grc' dir='ltr'>τὴν</span> <span class='ocrx_word' id='word_1_642' title='bbox 1901 2432 2040 2468; x_wconf 81' lang='grc' dir='ltr'>ἑαυτοῦ·</span> <span class='ocrx_word' id='word_1_643' title='bbox 2062 2430 2125 2468; x_wconf 82' lang='grc' dir='ltr'>κᾶν</span> <span class='ocrx_word' id='word_1_644' title='bbox 2146 2429 2352 2473; x_wconf 85' lang='grc' dir='ltr'>κολάζεσθαι</span> 
     </span>
     <span class='ocr_line' id='line_1_99' title="bbox 1333 2488 2351 2551; baseline -0.005 -19"><span class='ocrx_word' id='word_1_645' title='bbox 1333 2494 1462 2551; x_wconf 82' lang='grc' dir='ltr'>μέλλῃ,</span> <span class='ocrx_word' id='word_1_646' title='bbox 1482 2491 1546 2530; x_wconf 79' lang='grc' dir='ltr'>κᾶν</span> <span class='ocrx_word' id='word_1_647' title='bbox 1568 2494 1804 2545; x_wconf 84' lang='grc' dir='ltr'>ἀναιρεῖσθαι,</span> <span class='ocrx_word' id='word_1_648' title='bbox 1827 2495 1886 2529; x_wconf 88' lang='grc' dir='ltr'>τοῦ</span> <span class='ocrx_word' id='word_1_649' title='bbox 1913 2491 2041 2534; x_wconf 87' lang='grc' dir='ltr'>πάθους</span> <span class='ocrx_word' id='word_1_650' title='bbox 2062 2490 2194 2542; x_wconf 87' lang='grc' dir='ltr'>γίνεται</span> <span class='ocrx_word' id='word_1_651' title='bbox 2226 2488 2329 2541; x_wconf 84' lang='grc' dir='ltr'>μόνου</span> <span class='ocrx_word' id='word_1_652' title='bbox 2344 2507 2351 2513; x_wconf 87' lang='grc'><em>·</em></span> 
     </span>
     <span class='ocr_line' id='line_1_100' title="bbox 1331 2551 2351 2604; baseline -0.005 -11"><span class='ocrx_word' id='word_1_653' title='bbox 1331 2556 1390 2593; x_wconf 78' lang='grc' dir='ltr'>καὶ</span> <span class='ocrx_word' id='word_1_654' title='bbox 1409 2558 1426 2592; x_wconf 84' lang='grc' dir='ltr'>ὁ</span> <span class='ocrx_word' id='word_1_655' title='bbox 1446 2552 1635 2596; x_wconf 85' lang='grc' dir='ltr'>ἀκόλαστος</span> <span class='ocrx_word' id='word_1_656' title='bbox 1655 2551 1714 2590; x_wconf 74' lang='grc' dir='ltr'>καὶ</span> <span class='ocrx_word' id='word_1_657' title='bbox 1736 2555 1753 2589; x_wconf 83' lang='grc' dir='ltr'><em>ὃ</em></span> <span class='ocrx_word' id='word_1_658' title='bbox 1772 2551 2042 2604; x_wconf 76' lang='grc' dir='ltr'>φιλοχρήματος.</span> <span class='ocrx_word' id='word_1_659' title='bbox 2072 2553 2117 2589; x_wconf 87' lang='grc' dir='ltr'>Εἰ</span> <span class='ocrx_word' id='word_1_660' title='bbox 2136 2551 2172 2588; x_wconf 83' lang='grc' dir='ltr'>δὲ</span> <span class='ocrx_word' id='word_1_661' title='bbox 2197 2553 2264 2588; x_wconf 84' lang='grc' dir='ltr'>τῶν</span> <span class='ocrx_word' id='word_1_662' title='bbox 2284 2566 2351 2589; x_wconf 90' lang='grc' dir='ltr'>πα-</span> 
     </span>
     <span class='ocr_line' id='line_1_101' title="bbox 1332 2613 2349 2666; baseline -0.004 -13"><span class='ocrx_word' id='word_1_663' title='bbox 1332 2619 1397 2654; x_wconf 79' lang='grc' dir='ltr'>θῶν</span> <span class='ocrx_word' id='word_1_664' title='bbox 1413 2614 1564 2661; x_wconf 84' lang='grc' dir='ltr'>τοσαύτη</span> <span class='ocrx_word' id='word_1_665' title='bbox 1587 2618 1608 2661; x_wconf 83' lang='grc' dir='ltr'>ἡ</span> <span class='ocrx_word' id='word_1_666' title='bbox 1625 2613 1803 2666; x_wconf 83' lang='grc' dir='ltr'>τυραννὶς,</span> <span class='ocrx_word' id='word_1_667' title='bbox 1822 2615 1942 2666; x_wconf 80' lang='grc' dir='ltr'>πολλῷ</span> <span class='ocrx_word' id='word_1_668' title='bbox 1970 2614 2101 2663; x_wconf 87' lang='grc' dir='ltr'>μᾶλλον</span> <span class='ocrx_word' id='word_1_669' title='bbox 2128 2615 2190 2658; x_wconf 73' lang='grc' dir='ltr'>τῆς</span> <span class='ocrx_word' id='word_1_670' title='bbox 2212 2614 2349 2666; x_wconf 71' lang='grc' dir='ltr'>ἀρετῆς.</span> 
     </span>
     <span class='ocr_line' id='line_1_102' title="bbox 1331 2674 2350 2726; baseline -0.006 -11"><span class='ocrx_word' id='word_1_671' title='bbox 1331 2679 1374 2715; x_wconf 79' lang='grc' dir='ltr'>Εἰ</span> <span class='ocrx_word' id='word_1_672' title='bbox 1395 2678 1437 2714; x_wconf 81' lang='grc' dir='ltr'>δι’</span> <span class='ocrx_word' id='word_1_673' title='bbox 1464 2677 1578 2713; x_wconf 87' lang='grc' dir='ltr'>ἐκεῖνα</span> <span class='ocrx_word' id='word_1_674' title='bbox 1600 2674 1746 2712; x_wconf 83' lang='grc' dir='ltr'>Θανάτου</span> <span class='ocrx_word' id='word_1_675' title='bbox 1767 2676 2062 2726; x_wconf 80' lang='grc' dir='ltr'>καταφρονοῦμεν,</span> <span class='ocrx_word' id='word_1_676' title='bbox 2080 2674 2198 2724; x_wconf 78' lang='grc' dir='ltr'>πολλῷ</span> <span class='ocrx_word' id='word_1_677' title='bbox 2221 2674 2350 2723; x_wconf 78' lang='grc' dir='ltr'>μᾶλλον</span> 
     </span>
     <span class='ocr_line' id='line_1_103' title="bbox 1332 2738 2351 2788; baseline -0.006 -10"><span class='ocrx_word' id='word_1_678' title='bbox 1332 2740 1388 2778; x_wconf 80' lang='grc' dir='ltr'>διὰ</span> <span class='ocrx_word' id='word_1_679' title='bbox 1408 2738 1548 2786; x_wconf 89' lang='grc' dir='ltr'>ταύτην.</span> <span class='ocrx_word' id='word_1_680' title='bbox 1568 2740 1614 2776; x_wconf 81' lang='grc' dir='ltr'>Εἰ</span> <span class='ocrx_word' id='word_1_681' title='bbox 1642 2739 1763 2775; x_wconf 83' lang='grc' dir='ltr'>ἐκεῖνοι</span> <span class='ocrx_word' id='word_1_682' title='bbox 1786 2738 1849 2782; x_wconf 80' lang='grc' dir='ltr'>τῆς</span> <span class='ocrx_word' id='word_1_683' title='bbox 1875 2739 1990 2788; x_wconf 77' lang='grc' dir='ltr'>ψυχῆς</span> <span class='ocrx_word' id='word_1_684' title='bbox 2007 2738 2263 2787; x_wconf 77' lang='grc' dir='ltr'>καταφρονοῦσι</span> <span class='ocrx_word' id='word_1_685' title='bbox 2288 2738 2351 2781; x_wconf 75' lang='grc' dir='ltr'>τῆς</span> 
     </span>
     <span class='ocr_line' id='line_1_104' title="bbox 1331 2795 2350 2851; baseline -0.008 -12"><span class='ocrx_word' id='word_1_686' title='bbox 1331 2803 1473 2848; x_wconf 80' lang='grc' dir='ltr'>ἑαυτῶν,</span> <span class='ocrx_word' id='word_1_687' title='bbox 1493 2801 1611 2851; x_wconf 82' lang='grc' dir='ltr'>πολλῷ</span> <span class='ocrx_word' id='word_1_688' title='bbox 1632 2799 1761 2848; x_wconf 84' lang='grc' dir='ltr'>μᾶλλον</span> <span class='ocrx_word' id='word_1_689' title='bbox 1788 2796 1875 2849; x_wconf 77' lang='grc' dir='ltr'>ὑπὲρ</span> <span class='ocrx_word' id='word_1_690' title='bbox 1893 2799 1955 2842; x_wconf 80' lang='grc' dir='ltr'>τῆς</span> <span class='ocrx_word' id='word_1_691' title='bbox 1971 2795 2144 2847; x_wconf 85' lang='grc' dir='ltr'>σωτηρίας</span> <span class='ocrx_word' id='word_1_692' title='bbox 2172 2798 2236 2841; x_wconf 73' lang='grc' dir='ltr'>τῆς</span> <span class='ocrx_word' id='word_1_693' title='bbox 2263 2798 2350 2845; x_wconf 85' lang='grc' dir='ltr'>ἡμε-</span> 
     </span>
     <span class='ocr_line' id='line_1_105' title="bbox 1330 2855 2348 2914; baseline -0.004 -16"><span class='ocrx_word' id='word_1_694' title='bbox 1330 2861 1430 2914; x_wconf 83' lang='grc' dir='ltr'>τέρας</span> <span class='ocrx_word' id='word_1_695' title='bbox 1456 2863 1556 2898; x_wconf 87' lang='grc' dir='ltr'>τοῦτο</span> <span class='ocrx_word' id='word_1_696' title='bbox 1576 2863 1685 2896; x_wconf 88' lang='grc' dir='ltr'>ποιεῖν</span> <span class='ocrx_word' id='word_1_697' title='bbox 1704 2856 1786 2909; x_wconf 81' lang='grc' dir='ltr'>χρή.</span> <span class='ocrx_word' id='word_1_698' title='bbox 1809 2856 1874 2899; x_wconf 88' lang='grc' dir='ltr'>Τίς</span> <span class='ocrx_word' id='word_1_699' title='bbox 1905 2855 1971 2906; x_wconf 89' lang='grc' dir='ltr'>γὰρ</span> <span class='ocrx_word' id='word_1_700' title='bbox 1999 2858 2083 2905; x_wconf 85' lang='grc' dir='ltr'>ἡμῖν</span> <span class='ocrx_word' id='word_1_701' title='bbox 2113 2855 2212 2893; x_wconf 83' lang='grc' dir='ltr'>ἔσται</span> <span class='ocrx_word' id='word_1_702' title='bbox 2232 2856 2348 2906; x_wconf 88' lang='grc' dir='ltr'>λόγος,</span> 
     </span>
     <span class='ocr_line' id='line_1_106' title="bbox 1330 2914 2350 2967; baseline -0.006 -8"><span class='ocrx_word' id='word_1_703' title='bbox 1330 2922 1410 2959; x_wconf 78' lang='grc' dir='ltr'>ὅταν</span> <span class='ocrx_word' id='word_1_704' title='bbox 1430 2922 1496 2958; x_wconf 79' lang='grc' dir='ltr'>τῶν</span> <span class='ocrx_word' id='word_1_705' title='bbox 1514 2917 1761 2967; x_wconf 81' lang='grc' dir='ltr'>ἀπολλυμένων</span> <span class='ocrx_word' id='word_1_706' title='bbox 1781 2916 1870 2954; x_wconf 74' lang='grc' dir='ltr'>οὕτω</span> <span class='ocrx_word' id='word_1_707' title='bbox 1891 2914 2157 2958; x_wconf 83' lang='grc' dir='ltr'>σπουδαζόντων</span> <span class='ocrx_word' id='word_1_708' title='bbox 2181 2915 2267 2967; x_wconf 78' lang='grc' dir='ltr'>ὑπὲρ</span> <span class='ocrx_word' id='word_1_709' title='bbox 2288 2919 2350 2962; x_wconf 72' lang='grc' dir='ltr'>τῆς</span> 
     </span>
     <span class='ocr_line' id='line_1_107' title="bbox 1331 2975 2350 3029; baseline -0.009 -8"><span class='ocrx_word' id='word_1_710' title='bbox 1331 2984 1460 3020; x_wconf 80' lang='grc' dir='ltr'>ἑαυτῶν</span> <span class='ocrx_word' id='word_1_711' title='bbox 1487 2977 1678 3025; x_wconf 83' lang='grc' dir='ltr'>ἀπωλείας,</span> <span class='ocrx_word' id='word_1_712' title='bbox 1697 2980 1798 3027; x_wconf 78' lang='grc' dir='ltr'>ἡμεῖς</span> <span class='ocrx_word' id='word_1_713' title='bbox 1813 2976 1898 3029; x_wconf 77' lang='grc' dir='ltr'>ὑπὲρ</span> <span class='ocrx_word' id='word_1_714' title='bbox 1921 2979 1983 3022; x_wconf 75' lang='grc' dir='ltr'>τῆς</span> <span class='ocrx_word' id='word_1_715' title='bbox 2014 2977 2142 3013; x_wconf 80' lang='grc' dir='ltr'>ἑαυτῶν</span> <span class='ocrx_word' id='word_1_716' title='bbox 2177 2975 2350 3029; x_wconf 87' lang='grc' dir='ltr'>σωτηρίας</span> 
     </span>
     <span class='ocr_line' id='line_1_108' title="bbox 1332 3035 2350 3094; baseline -0.008 -14"><span class='ocrx_word' id='word_1_717' title='bbox 1332 3042 1418 3094; x_wconf 78' lang='grc' dir='ltr'>μηδὲ</span> <span class='ocrx_word' id='word_1_718' title='bbox 1436 3039 1603 3085; x_wconf 82' lang='grc' dir='ltr'>τοσαύτην</span> <span class='ocrx_word' id='word_1_719' title='bbox 1625 3036 1874 3086; x_wconf 82' lang='grc' dir='ltr'>ἐπιδειξώμεθα</span> <span class='ocrx_word' id='word_1_720' title='bbox 1890 3035 2053 3083; x_wconf 84' lang='grc' dir='ltr'>σπουδὴν,</span> <span class='ocrx_word' id='word_1_721' title='bbox 2070 3036 2146 3073; x_wconf 84' lang='grc' dir='ltr'>ἀλλ’</span> <span class='ocrx_word' id='word_1_722' title='bbox 2167 3035 2219 3074; x_wconf 72' lang='grc' dir='ltr'>ἀεὶ</span> <span class='ocrx_word' id='word_1_723' title='bbox 2238 3035 2350 3087; x_wconf 77' lang='grc' dir='ltr'>φθόνῳ</span> 
     </span>
     <span class='ocr_line' id='line_1_109' title="bbox 1329 3095 2348 3153; baseline -0.01 -11"><span class='ocrx_word' id='word_1_724' title='bbox 1329 3102 1513 3153; x_wconf 89' lang='grc' dir='ltr'>τηκόμενοι</span> <span class='ocrx_word' id='word_1_725' title='bbox 1528 3099 1767 3150; x_wconf 69' lang='grc' dir='ltr'>διαμένωμεν,</span> <span class='ocrx_word' id='word_1_726' title='bbox 1788 3095 1898 3135; x_wconf 78' lang='grc' dir='ltr'>Οὐδὲν</span> <span class='ocrx_word' id='word_1_727' title='bbox 1921 3096 1988 3148; x_wconf 87' lang='grc' dir='ltr'>γὰρ</span> <span class='ocrx_word' id='word_1_728' title='bbox 2010 3096 2199 3147; x_wconf 87' lang='grc' dir='ltr'>βασκανίας</span> <span class='ocrx_word' id='word_1_729' title='bbox 2211 3101 2325 3148; x_wconf 85' lang='grc' dir='ltr'>χεῖρον</span> <span class='ocrx_word' id='word_1_730' title='bbox 2341 3112 2348 3117; x_wconf 89' lang='grc'><strong><em>·</em></strong></span> 
     </span>
     <span class='ocr_line' id='line_1_110' title="bbox 1328 3156 2348 3214; baseline -0.009 -12"><span class='ocrx_word' id='word_1_731' title='bbox 1328 3165 1385 3202; x_wconf 80' lang='grc' dir='ltr'>ἵνα</span> <span class='ocrx_word' id='word_1_732' title='bbox 1413 3162 1527 3214; x_wconf 75' lang='grc' dir='ltr'>ἕτερον</span> <span class='ocrx_word' id='word_1_733' title='bbox 1551 3158 1704 3209; x_wconf 75' lang='grc' dir='ltr'>ἀπολέσῃ</span> <span class='ocrx_word' id='word_1_734' title='bbox 1721 3188 1729 3203; x_wconf 82' lang='lat'>,</span> <span class='ocrx_word' id='word_1_735' title='bbox 1759 3157 1818 3195; x_wconf 76' lang='grc' dir='ltr'>καὶ</span> <span class='ocrx_word' id='word_1_736' title='bbox 1842 3157 1961 3194; x_wconf 78' lang='grc' dir='ltr'>ἑαυτὸν</span> <span class='ocrx_word' id='word_1_737' title='bbox 1988 3156 2258 3208; x_wconf 78' lang='grc' dir='ltr'>προσαπολλύει.</span> <span class='ocrx_word' id='word_1_738' title='bbox 2278 3158 2348 3194; x_wconf 74' lang='grc' dir='ltr'>Βα-</span> 
     </span>
    </p>
   </div>
   <div class='ocr_carea' id='block_1_18' title="bbox 1342 3290 2346 3444">
    <p class='ocr_par' dir='ltr' id='par_1_18' title="bbox 1342 3290 2346 3444">
     <span class='ocr_line' id='line_1_111' title="bbox 1348 3290 2346 3337; baseline -0.01 -6"><span class='ocrx_word' id='word_1_739' title='bbox 1348 3302 1401 3332; x_wconf 63' lang='grc' dir='ltr'>υσί</span> <span class='ocrx_word' id='word_1_740' title='bbox 1426 3303 1670 3336; x_wconf 66' lang='grc' dir='ltr'>καταςληθέντες,</span> <span class='ocrx_word' id='word_1_741' title='bbox 1696 3293 1873 3337; x_wconf 78' lang='lat' dir='ltr'>etquidem</span> <span class='ocrx_word' id='word_1_742' title='bbox 1900 3291 2033 3334; x_wconf 77' lang='lat' dir='ltr'>aliquid</span> <span class='ocrx_word' id='word_1_743' title='bbox 2058 3290 2246 3335; x_wconf 58' lang='lat' dir='ltr'>hujusmodi</span> <span class='ocrx_word' id='word_1_744' title='bbox 2261 3290 2346 3322; x_wconf 72' lang='lat' dir='ltr'>desi-</span> 
     </span>
     <span class='ocr_line' id='line_1_112' title="bbox 1342 3342 2345 3385; baseline -0.01 -1"><span class='ocrx_word' id='word_1_745' title='bbox 1342 3353 1452 3384; x_wconf 60' lang='lat' dir='ltr'>‹lm-ati</span> <span class='ocrx_word' id='word_1_746' title='bbox 1477 3351 1601 3382; x_wconf 76' lang='lat' dir='ltr'>clarum</span> <span class='ocrx_word' id='word_1_747' title='bbox 1624 3355 1681 3381; x_wconf 77' lang='lat' dir='ltr'>est.</span> <span class='ocrx_word' id='word_1_748' title='bbox 1712 3347 1831 3377; x_wconf 87' lang='lat' dir='ltr'>Verum</span> <span class='ocrx_word' id='word_1_749' title='bbox 1851 3342 2032 3375; x_wconf 81' lang='lat' dir='ltr'>reclamant</span> <span class='ocrx_word' id='word_1_750' title='bbox 2048 3343 2158 3375; x_wconf 82' lang='lat' dir='ltr'>omnia</span> <span class='ocrx_word' id='word_1_751' title='bbox 2180 3342 2345 3385; x_wconf 78' lang='lat' dir='ltr'>exempla-</span> 
     </span>
     <span class='ocr_line' id='line_1_113' title="bbox 1344 3393 2055 3444; baseline -0.017 -9"><span class='ocrx_word' id='word_1_752' title='bbox 1344 3404 1409 3440; x_wconf 78' lang='lat' dir='ltr'>ria,</span> <span class='ocrx_word' id='word_1_753' title='bbox 1430 3411 1462 3434; x_wconf 88' lang='lat' dir='ltr'>et</span> <span class='ocrx_word' id='word_1_754' title='bbox 1479 3403 1523 3435; x_wconf 87' lang='lat' dir='ltr'>sic</span> <span class='ocrx_word' id='word_1_755' title='bbox 1541 3410 1635 3444; x_wconf 86' lang='lat' dir='ltr'>posse</span> <span class='ocrx_word' id='word_1_756' title='bbox 1653 3406 1739 3431; x_wconf 78' lang='lat' dir='ltr'>stare</span> <span class='ocrx_word' id='word_1_757' title='bbox 1757 3402 1882 3429; x_wconf 85' lang='lat' dir='ltr'>textum</span> <span class='ocrx_word' id='word_1_758' title='bbox 1901 3393 2055 3426; x_wconf 82' lang='lat' dir='ltr'>arbitror.</span> 
     </span>
    </p>
   </div>
  </div>
 </body>
</html>
