2507 3673
948 215 1006 243 1›1·:
1043 213 1158 242 fimo
1196 210 1405 239 PRODlGo.

145 298 305 346 πένητες,
333 296 438 351 Ἀλλῇᾲ
462 295 496 333 τί
523 289 626 344 εἶδενς
650 295 701 334 ὅτι
730 295 836 334 καλὸν
863 294 1164 347 ἡφιλανθρωπία,

145 351 256 405 ῙΙοίαν
312 350 354 401 ὰρ
389 352 485 400 εὗρεν
525 349 686 386 ὑπόθεσιν
720 348 998 400 φιλανθρωπίας,
1029 347 1076 386 Τί
1105 341 1162 384 οὖν

145 407 263 455 εὗρεν,
300 405 368 441 Οτι
388 402 492 439 καλὸν
517 399 577 452 μὲν
598 401 636 438 τὸ
658 401 855 448 ὑπακούειν,
872 401 978 439 κακὸν
999 398 1034 437 δὲ
1049 413 1164 449 παρα-

144 456 255 495 κούειν
275 458 333 493 τοῦ
354 454 544 506 εὐεργέτου.
565 453 628 497 Τίς
643 457 754 491 ταῦτα
768 454 965 505 σαφηνίζει;
979 452 1022 490 Ἣ
1040 449 1162 502 Γραφὴ

144 509 184 547 λε’
208 525 254 556 ει,
284 509 328 545 Ei
349 507 530 558 ἀπηγγέλη
561 522 632 554 σοι,
661 507 840 557 ἄνθρωπε,
867 506 902 544 τί
930 505 1052 547 καλὸν,
1082 503 1104 548 ἢ
1130 502 1164 540 τί

145 562 272 612 Κυριος
296 562 451 606 ἐπιζητεῖ
478 559 575 612 παρὰ
602 562 681 606 σοῦ,
703 560 779 597 ἀλλ’
807 558 830 604 ἢ
850 559 890 596 τὸ
910 557 1089 610 φοὸεἷσθαι
1107 555 1164 592 τὸν

144 613 271 665 Κύριον
292 613 352 651 καὶ
377 612 468 650 Θεόν
497 628 579 658 σου;
606 611 733 664 Ὁρᾷς,
755 611 807 649 ὅτι
826 611 931 649 καλὸν
948 613 965 647 6
984 608 1087 660 φόὲος
1107 610 1165 644 τοῦ

145 668 251 714 Θεοῦ,
291 665 440 717 πονηρὸν
473 664 508 702 δὲ
542 665 582 703 τὸ
611 668 832 716 παρακοῦσαι
870 665 960 702 Θεοῦ
974 678 983 709 ;
998 659 1166 714 Ἔφρῑξε,

145 719 264 771 φησὶν,
281 718 423 770 οὐρανὸς
437 745 446 762 ,
465 717 524 755 καὶ
541 716 660 764 ἐξέστη
675 720 697 763 ἡ
717 719 762 767 γῆ
774 745 783 762 ,
802 715 887 754 “On
905 714 964 752 δύο
984 713 1044 751 καὶ
1063 729 1169 759 πονη-

147 772 190 823 ρὰ
210 771 369 818 ἐποίησεν
389 774 406 808 6
426 770 508 814 λαός
527 786 591 820 μου
603 785 610 792 ·
630 768 692 820 ἐμὲ
711 767 935 822 ἐγκατέλιπεν
954 766 1071 823 πηῖὴν
1087 765 1169 803 ῧδα-

2125 189 2216 234 813

1236 290 1297 341 qui
1312 302 1485 342 pauperes
1501 287 1576 325 illic
1588 287 1716 324 erant?
1739 286 1836 332 Quid
1859 285 1983 324 vidit?
2000 285 2129 323 bonam
2147 299 2220 322 esse

1236 341 1521 380 humanitatem?
1542 339 1612 378 Sed
1631 352 1737 389 qnam
1759 339 1893 376 invenit
1914 337 2143 375 humanitatis
2164 351 2219 374 oc-

1237 393 1440 432 casionem?
1478 391 1558 429 )uid
1573 404 1656 442 crgo
1671 391 1792 428 vidit-P
1807 391 1945 427 Bonum
1965 405 2038 428 esse
2056 389 2220 436 obedire,

1237 446 1372 483 malum
1391 459 1459 482 non
1480 445 1622 495 obsequi
1646 443 1873 481 Benefactori.
1902 443 1992 487 Quis
2013 443 2085 480 hacc
2103 442 2221 479 decla-

1238 498 1316 535 rat?
1335 497 1520 549 Scriptura
1537 511 1614 547 qua·
1632 496 1739 533 dicit:
1762 496 1802 533 Sc·
1820 498 2062 532 renuntietur
2083 497 2175 539 tibi,
2200 507 2221 530 0
2239 505 2361 533 ,ilirlnss
2389 501 2421 530 8.

1239 552 1373 600 homo,
1396 551 1491 602 quid
1508 553 1556 588 sit
1576 552 1736 594 bonum,
1760 557 1830 585 aut
1849 548 1944 598 quid
1959 548 2149 584 Dominus
2167 560 2223 583 re-
2236 553 2263 573 01
2281 548 2369 574 ‘²⁶11‘-

1240 606 1370 655 quirat
1393 617 1417 640 a
1444 611 1499 650 te,
1532 605 1607 639 nisi
1634 611 1676 639 ut
1702 604 1838 638 timeas
1864 602 2077 638 Dominum
2097 600 2223 636 Deum
2243 598 2285 615 ¹⁰·
2312 596 2358 615 ¹²·

1241 665 1359 694 tuum.
1389 655 1519 695 Viden'
1541 655 1675 693 bonum
1696 667 1770 691 esse
1799 653 1962 690 timorem
1992 651 2161 698 Domini,
2194 660 2225 688 et

1241 708 1380 746 malum
1397 722 1471 746 esse
1490 722 1557 745 non
1577 706 1722 757 obsequi
1741 706 1846 743 Deo?
1864 705 2066 751 Inhorruit‚
2086 703 2223 753 inquit,
2240 726 2301 751 Je„
2316 731 2342 750 2·
2360 730 2405 748 12,

1242 761 1387 810 caelum,
1410 770 1443 799 et
1460 761 1653 813 stupefacta
1680 768 1731 797 051
1749 768 1864 796 terra:
1888 759 1977 795 Duo
1995 760 2097 794 enim
2121 756 2228 793 mala
2246 764 2292 793 ι3.

145 840 202 867 τος
220 826 365 869 ζῶντος,
395 822 454 860 καὶ
476 823 520 861 τὰ
541 822 631 876 ἑξῆς.
649 821 716 859 Διὰ
729 820 764 858 τί
778 823 848 867 οὖν,
869 819 988 871 φησὶν,
1005 824 1100 867 εἰπε,
1122 817 1170 868 μὴ
1196 815 1335 868 Dfecit
1356 815 1520 865 populus
1546 827 1676 857 7710115,-
1699 826 1758 849 me
1773 810 2229 863 dereliquernntfontem

146 877 217 929 ἅψῃ
239 880 297 915 τοῦ
316 876 454 927 δένδρου
470 905 479 921 ,
497 874 531 919 ἐξ
547 878 585 913 οὑ
600 874 657 912 ἐὰν
678 873 790 925 φάγῃς
807 903 816 917 ,
839 872 976 923 μέλλεις
989 871 1172 923 γινώσκειν

148 930 205 967 διὰ
232 933 294 975 τῆς
320 928 553 980 παραὸάσεως
570 927 610 965 τὸ
630 925 734 965 καλὸν
759 925 818 963 καὶ
843 925 1010 978 πονηρόν,
1042 924 1098 962 διὰ
1118 923 1174 972 τί,

149 981 245 1031 Ἐγώ
272 997 326 1019 σοι
355 979 534 1029 σαφηνίσω
559 979 620 1017 καὶ
648 978 819 1029 σύντομον
847 977 1021 1016 ἀποδώσω
1054 977 1170 1027 λόγον.

148 1034 261 1073 Φίλον
288 1034 341 1071 ἀεὶ
367 1036 409 1084 τῇ
431 1032 506 1086 θεία
525 1034 648 1085 Γραφῇ
669 1031 832 1075 τοιαύτας
853 1029 983 1069 διδόναι
999 1037 1069 1074 τοῖς
1087 1029 1178 1081 προί-

148 1103 260 1139 γμασι
279 1085 515 1140 πρέσηγορίας
529 1115 538 1132 ,
566 1084 639 1128 οἵας
662 1084 701 1122 ἂν
719 1083 778 1122 καὶ
798 1083 860 1126 τὰς
885 1084 1062 1126 ὑποθέσεις
1085 1082 1180 1134 ἐνέγ-

149 1155 268 1178 κωσιν.
297 1138 381 1177 Οἱόν
413 1156 448 1177 τι
466 1137 575 1189 λέγω·
597 1141 615 1175 6
634 1136 758 1175 Ἰσαὰκ
779 1136 888 1189 ὤρυξε
902 1136 1010 1188 φρέαρ
1024 1152 1032 1160 ·
1050 1139 1081 1175 οἱ
1103 1136 1178 1173 Φι-

149 1195 316 1231 λιστιαῖοι
336 1191 492 1234 ἐλθόντες
517 1190 743 1242 ἐμαχήσαντο
762 1190 842 1241 περὶ
864 1194 923 1227 τοῦ
944 1189 1101 1241 φρέατος,
1120 1188 1180 1226 καὶ

152 1248 199 1289 εἷς
230 1244 370 1287 ἑαυτοὺς
389 1244 682 1298 περιεποιήσαντο
708 1241 840 1295 φρέαρ,
873 1242 1072 1294 ἀλλοτρίους
1092 1257 1182 1293 καρ-

152 1298 318 1348 πούμενοι
339 1297 473 1340 πόνους.
490 1297 537 1335 Τί
556 1300 613 1334 οὐν
635 1300 652 1334 6
671 1295 812 1342 Ἰσαάκς
827 1295 997 1333 Ἐκοίλεσε
1016 1295 1055 1332 τὸ
1072 1294 1182 1343 ὄνομα

153 1355 212 1389 τοῦ
247 1351 398 1398 λάκκου,
433 1350 589 1403 &stop-(w.
627 1351 706 1400 Οὐχ
731 1352 748 1386 6
784 1347 912 1390 λάκκος
948 1347 1011 1394 τὴν
1042 1347 1183 1399 ἐχθρίαν

155 1404 365 1455 εἰργάσατο,
398 1405 472 1441 ἀλλ’
501 1406 522 1448 ἡ
551 1401 710 1444 ὑπόθεσις
737 1403 759 1446 ἡ
789 1400 871 1452 περὶ
904 1403 1007 1438 αὐτοῦ
1043 1399 1182 1452 ἐχθρίαν

155 1457 317 1503 ἐποίησε,
358 1456 417 1494 καὶ
457 1454 514 1492 διὰ
548 1458 650 1492 τοῦτο
687 1452 796 1505 φρέαρ
844 1452 980 1504 ἐγένετο
1029 1452 1183 1504 ἐχθρίας.

157 1509 348 1553 Ἐποίησεν
370 1509 455 1546 ἄλλο
477 1506 606 1559 φρέαρ,
629 1505 688 1544 καὶ
716 1505 870 1558 ἀφῃρέθη
891 1505 951 1542 καὶ
976 1509 1078 1543 τοῦτο
1095 1520 1103 1527 ·
1127 1504 1186 1559 καὶ

157 1561 320 1600 ἐκάλεσεν
348 1561 429 1599 αὐτὸ
456 1560 564 1613 φρέαρ
593 1558 746 1605 ἀδικίας,
781 1560 845 1610 οὐχ
870 1557 923 1596 ὅτι
954 1558 993 1595 τὸ
1013 1557 1122 1610 φρέαρ
1143 1561 1185 1603 ἦν

160 1614 314 1661 ἀδικίας,
335 1615 410 1651 ἀλλ’
429 1612 547 1660 ἐπειδὴ
568 1615 589 1658 ἡ
611 1611 729 1649 ἀδικία
744 1611 823 1663 περὶ
838 1611 877 1648 τὸ
894 1610 1002 1663 φρέαρ
1021 1611 1103 1662 ἔσχε
1123 1610 1185 1656 τὴν

160 1667 258 1714 ὕλην.
280 1666 434 1717 εΟμοίως
460 1665 520 1704 καὶ
548 1668 579 1703 οἱ
607 1663 778 1715 ὑπηρέται
810 1668 870 1701 τοῦ
903 1663 1011 1701 Ἷωὰὸ
1040 1663 1099 1701 καὶ
1128 1668 1188 1701 τοῦ

163 1719 346 1772 Ἀὅεννὴρ,
368 1720 448 1771 περὶ
465 1718 526 1765 τὴν
544 1717 690 1769 κρήνην,
710 1720 756 1760 ὡς
775 1716 888 1755 ἴσασιν
906 1719 937 1754 οἱ
957 1715 1019 1763 τὴν
1043 1715 1186 1768 Γραφὴν

163 1773 413 1822 ἐπιστάμενοι,
459 1772 623 1817 ἀλλήλοις
667 1768 977 1821 συγκροτούμενοι,
1025 1770 1189 1815 ἀλλήλοις

161 1825 428 1871 ἐπεὸούλευσαν,
447 1824 506 1862 καὶ
523 1822 651 1869 ἐκλήθη
672 1826 689 1861 6
704 1821 808 1864 τόπος
842 1822 938 1873 μερὶς
959 1824 1027 1859 τῶν
1045 1821 1189 1860 ἐπιδού-

161 1879 245 1916 λων.
264 1879 378 1917 Πάλιν
409 1879 556 1915 ἐνταῦθα
581 1878 646 1927 οὐχ
660 1878 678 1913 6
692 1875 796 1917 τόπος
811 1874 876 1920 τὴν
891 1874 1080 1921 ἐπιδουλὴν
1100 1874 1188 1925 ἐγέν-

160 1946 277 1977 νησεν,
298 1930 374 1969 ἀλλ’
391 1935 412 1977 ἦ
432 1929 591 1973 ὑπόθεσις
605 1930 714 1978 ὄνομα
730 1930 780 1979 τῷ
798 1926 895 1980 τόπῳ
922 1927 1084 1966 δέδωκεν.
1109 1926 1187 1965 Οὕ-

159 1999 228 2025 τως
245 1978 302 2022 οῧν
321 1983 380 2021 καὶ
401 1983 459 2021 ἐπὶ
484 1988 544 2021 τοῦ
567 1981 688 2031 Ἀδάμ.
708 1980 856 2026 Ἐπειδὴ
879 1983 917 2018 ἐκ
939 1984 1001 2026 τῆς
1023 1979 1189 2031 γενέσεως

161 2036 286 2086 ἔμελλε
313 2036 433 2075 λοιπὸν
453 2040 576 2088 πεῖραν
599 2033 806 2084 λαμῧοίνειν,
837 2033 888 2070 ὅτι
906 2033 1010 2071 καλὸν
1033 2034 1072 2070 τὸ
1098 2036 1190 2070 ὑπα-

161 2092 309 2136 κοῦσαι,
341 2089 446 2127 κακὸν
469 2088 505 2125 δὲ
532 2088 571 2126 τὸ
589 2091 833 2138 παρακοῦσαι,
861 2085 964 2124 ἔλαὸε
993 2086 1031 2123 τὸ
1053 2086 1188 2136 δένδρον

162 2144 201 2180 ἐκ
215 2146 277 2189 τῆς
296 2142 490 2183 ὑποθέσεως
515 2141 578 2188 τὴν
604 2138 852 2192 προσηγορίαν.
872 2138 978 2177 Ἀλλὰ
993 2142 1105 2176 ταῦτα
1127 2138 1189 2187 μὲν

163 2197 210 2238 εἷς
227 2200 399 2233 τοσοῦτον.
417 2194 557 2232 Γένοιτο
584 2192 620 2232 δὲ
639 2196 732 2243 ἡμᾶς
756 2191 825 2230 ἀπὸ
852 2197 910 2230 τοῦ
938 2191 1038 2236 ξύλου
1059 2191 1190 2229 ἐκείνου

162 2254 295 2300 φυγεῖν,
310 2248 370 2286 καὶ
386 2248 621 2300 προσδραμεῖν
641 2248 691 2298 τῷ
712 2244 800 2297 ξύλῳ
815 2247 877 2290 τῆς
895 2246 983 2291 ζωῆς
995 2275 1005 2292 ,
1025 2247 1074 2295 τῷ
1094 2246 1190 2296 φυτῷ

161 2306 222 2339 τοῦ
237 2305 406 2353 σταυροῦ,
429 2303 478 2352 τῷ
498 2299 688 2346 ἀνθήσαντι
707 2296 861 2350 καρποὺς
882 2297 1120 2344 δικαιοσύνης,
1139 2299 1189 2348 τῷ

162 2353 351 2406 παρθενίαν
384 2352 625 2405 βλαστήσαντι
657 2351 717 2389 καὶ
748 2349 943 2400 ἁγιωσύνην
971 2350 1189 2401 πηγάσαντι,

163 2406 223 2444 καὶ
247 2405 399 2459 καρποὺς
416 2405 597 2457 διαφόρους
620 2404 849 2450 ἀποτίσαντι,
868 2404 1010 2445 πολλοῖς
1036 2402 1094 2440 καὶ
1114 2404 1190 2440 δια-

163 2458 279 2510 φόροις
298 2462 480 2509 κομῶντας
498 2464 568 2500 τοῖς
587 2455 888 2506 πλεονεκτήμασι,
903 2458 953 2506 τῷ
975 2458 1009 2494 ἐν
1025 2455 1132 2506 ταύτῃ
1146 2458 1189 2506 τῇ

163 2511 266 2557 πήξει
286 2515 327 2562 τῇ
346 2514 493 2562 αἰσθητῇ
514 2515 573 2547 τοῦ
589 2510 687 2553 ξύλου
707 2508 770 2555 τὴν
794 2508 960 2558 μεγίστην
981 2508 1115 2555 ἐκείνην
1131 2509 1190 2545 καὶ

164 2562 261 2610 ξένην
276 2563 586 2614 σωτηρίαν,οὐχῆν
599 2566 616 2600 6
626 2561 753 2613 Σωτὴρ
767 2563 943 2610 μυστικῶς
953 2561 1189 2611 ᾦκονόμησεν,

165 2617 241 2654 ἀλλ’
258 2615 300 2661 ἣν
320 2619 337 2653 6
352 2615 482 2667 λῃστὴς
502 2618 627 2658 ἐκεῖνος
643 2616 827 2666 προφανῶς
852 2613 1081 2659 ἀπεσύλησεν,
1102 2617 1188 2663 ἡμῖν

165 2668 450 2719 πρυτανεύσαντι.
466 2667 613 2714 Ἐπειδὴ
629 2666 696 2718 γὰρ
717 2671 734 2705 6
748 2665 860 2720 'Ajugr
879 2665 935 2704 διὰ
955 2665 1051 2709 ξύλου
1067 2664 1190 2717 ἐξωρί-

166 2725 230 2767 σθη
255 2725 313 2759 τοῦ
331 2720 541 2772 παραδείσου
572 2721 738 2768 (Δίκαιος
763 2723 810 2765 εἰ,
844 2718 950 2770 Κύριε
966 2748 975 2765 ,
1001 2719 1061 2756 καὶ
1083 2721 1188 2762 εὐθεῖς

167 2776 203 2811 αἱ
229 2773 358 2824 κρίσεις
377 2790 436 2812 σου
449 2777 460 2818 ἱ
474 2804 483 2821 ,
504 2773 557 2812 ὅτι
577 2773 634 2811 διὰ
655 2772 735 2823 μίαν
754 2771 928 2822 ἁμαρτίαν
948 2774 965 2809 6
985 2771 1094 2821 Ἀδὰμ
1114 2769 1186 2814 §Zo—

170 2826 319 2879 ρίζεται,
337 2826 396 2864 καὶ
423 2827 479 2864 διὰ
502 2826 583 2876 μίαν
608 2825 736 2872 πιστὴν
767 2824 952 2875 ὁμολογίαν
974 2824 1152 2874 εἰσάγεται
1171 2826 1188 2861 6

166 2878 298 2927 λῃστὴς
329 2882 375 2923 εἷς
391 2880 447 2917 τὸν
467 2880 692 2930 παράδεισον.
716 2880 937 2929 Σταυροῧσαι
966 2876 1055 2927 μετὰ
1073 2892 1189 2928 παρα-

167 2931 297 2980 νόμων,
314 2932 374 2970 καὶ
388 2932 507 2976 σώζεις
521 2931 599 2975 τοὺς
614 2930 848 2984 παρανόμους.
866 2929 970 2980 Λέγει
986 2930 1070 2982 πρὸς
1089 2929 1188 2966 αὐτὸν

168 2987 185 3022 6
205 2985 336 3036 λῃστής
349 3001 356 3008 ·
381 2984 508 3038 Κύριε,
540 2983 713 3035 μνήσθητί
733 2999 818 3034 μου,
832 2982 930 3035 Νὸταν
958 2981 1059 3032 ἔλθῃς
1092 2984 1125 3019 ἐν
1146 2983 1187 3031 τῇ

171 3037 330 3089 βασιλεία
348 3053 421 3075 σου.
450 3038 520 3075 Καὶ
540 3041 557 3076 6
576 3037 636 3088 μὲν
657 3036 790 3088 λῃστὴς
815 3038 910 3077 οὗτος
929 3036 991 3072 οὐκ
1013 3032 1190 3071 ἐπαύσατο

166 3089 359 3141 λῃστεύειν,
377 3090 440 3134 ἕως
460 3090 549 3141 μετὰ
567 3093 634 3127 τῶν
652 3090 766 3127 ἄλλων
793 3088 852 3126 καὶ
870 3087 975 3133 αὐτὴν
1003 3085 1066 3132 τὴν
1089 3088 1191 3136 βασι-

168 3143 264 3180 λείαν
297 3142 474 3189 ἐσύλησεν.
505 3142 594 3197 ᾎλλ’
623 3146 640 3180 6
666 3142 779 3194 ἕτερος
799 3140 931 3192 λῃστὴς
963 3138 1118 3183 ὀνειδίζει
1142 3140 1191 3188 τῷ

170 3194 289 3248 Κυρίῳ
302 3226 311 3242 ,
333 3196 376 3232 Εἰ
393 3195 476 3238 Υἱὸς
496 3199 525 3233 εἰ
543 3200 602 3233 τοῦ
625 3196 734 3242 Θεοῦ,
754 3194 813 3232 καὶ
833 3192 974 3231 σεαυτὸν
1003 3195 1113 3229 σῶσον
1133 3190 1193 3228 καὶ

170 3252 276 3299 ἡμᾶς.
299 3247 355 3286 Τὰ
377 3247 519 3300 ῥήματα
539 3252 597 3285 τοῦ
617 3250 747 3298 λῃστοῦ
778 3245 910 3296 ἀδελφοί
934 3247 1001 3299 εἰσι
1020 3247 1087 3281 τῶν
1108 3243 1194 3281 Ἰου-

173 3303 319 3339 δαϊκῶν·
341 3301 399 3339 καὶ
415 3300 483 3353 γὰρ
497 3303 622 3339 ἐκεῖνοι
636 3301 752 3351 ἔλεγον
764 3315 771 3322 ·
791 3301 834 3336 Εἰ
851 3298 935 3340 Υἱὸς
956 3301 985 3334 εἰ
1004 3301 1063 3334 τοῦ
1082 3297 1194 3342 Θεοῦ,

173 3354 347 3401 κατάέηθι
359 3354 428 3392 ἀπὸ
442 3358 502 3391 τοῦ
519 3358 683 3405 σταυροῦ,
699 3352 758 3390 καὶ
774 3349 982 3400 πιστεύομέν
999 3365 1065 3387 σοι.
1087 3348 1195 3400 εΟρᾷς

260 3406 274 3430 ,f

175 3407 217 3443 τὰ
237 3422 340 3445 τέκνα
358 3411 416 3445 τοῦ
436 3405 596 3445 ‘Diffidam
615 3408 688 3448 πῶς
708 3403 890 3456 σύμφωνον
909 3403 982 3455 ἔχει
996 3401 1058 3449 τὴν
1080 3401 1194 3451 μάθη-

1216 2989 1236 3017 Β

1244 880 1356 918 aquae
1380 870 1505 915 vivre,
1534 875 1601 904 etc.
1632 866 1705 902 Cur
1724 877 1807 915 ergo
1829 863 1948 911 dixit,
1980 862 2119 913 inquies
2143 877 2151 897 ε
2179 862 2231 899 Ne

1244 919 1402 970 tetigeris
1429 919 1587 970 lignum,
1610 917 1654 955 de
1674 931 1744 968 quo
1770 917 1796 954 si
1822 915 2005 964 comedas,
2035 929 2097 967 per
2117 923 2232 951 trans-

1246 972 1460 1023 gressionem
1499 971 1706 1022 cogniturus
1745 983 1780 1007 es
1816 969 1953 1007 bonum
1992 976 2025 1005 et
2061 967 2196 1004 malum
2214 966 2232 1003 Ξ)

1246 1025 1380 1075 quare?
1411 1025 1488 1076 Ego
1517 1024 1583 1062 tibi
1610 1023 1733 1075 paucis
1754 1021 1955 1059 declarabo.
1990 1020 2087 1058 Solet
2112 1019 2233 1056 divina

1248 1077 1433 1129 Scriptura
1454 1077 1538 1115 talia
1561 1076 1667 1114 rebus
1686 1075 1829 1113 1101111113
1848 1075 1950 1123 dare,
1972 1072 2092 1124 qualia
2110 1086 2155 1109 ex
2173 1085 2234 1109 oc-

1249 1130 1387 1168 casione
1416 1130 1582 1182 quapiam
1616 1129 1811 1167 sortiuntur
1831 1143 1838 1163 :
1858 1127 1960 1166 verbi
1988 1126 2119 1177 gratia,
2139 1125 2237 1162 Isaac

1250 1192 1397 1235 puteum
1428 1183 1542 1231 fodit,
1573 1192 1606 1220 et
1643 1180 1816 1219 Philistaei
1847 1180 2027 1218 venientes
2059 1178 2104 1216 de
2132 1186 2237 1230 puteo

1251 1235 1519 1285 concertabant,
1540 1244 1574 1273 et
1602 1235 1670 1272 sibi
1700 1234 1803 1271 illum
1832 1232 2096 1276 attribuerunt,
2117 1230 2240 1268 alienis

1250 1289 1405 1326 fruentes
1423 1288 1618 1326 laboribus.
1640 1286 1740 1335 Quid
1757 1299 1840 1337 ergo
1856 1285 1986 1323 Isaac?
2007 1284 2164 1322 vocavit
2179 1297 2242 1320 no-

1252 1355 1332 1379 men
1353 1341 1472 1394 putei,
1494 1340 1736 1379 Inimicitiam.
1766 1340 1844 1377 Non
1867 1347 1996 1390 puteus
2016 1336 2243 1374 inimicitiam

1254 1394 1336 1431 fecit
1350 1424 1361 1443 ,
1385 1393 1443 1431 sed
1468 1394 1604 1432 occasio
1623 1393 1673 1430 rei
1703 1392 1797 1430 circa
1822 1391 1942 1443 ipsum
1965 1398 2071 1435 actae;
2095 1389 2246 1439 ideoque

1256 1448 1388 1484 Puteus
1408 1446 1603 1484 inimicitiae
1628 1447 1740 1483 factus
1772 1453 1834 1482 est.
1863 1443 1961 1481 Fecit
1982 1452 2016 1480 et
2034 1442 2145 1479 alium
2171 1455 2245 1493 pu-

1255 1508 1353 1536 teum
1366 1529 1377 1547 ,
1400 1499 1463 1549 qui
1495 1498 1656 1536 sublatus
1675 1497 1743 1549 ipsi
1762 1497 1830 1534 fuit
1847 1512 1854 1532 :
1881 1505 1915 1533 et
1942 1494 2086 1534 vocavit
2115 1494 2222 1532 illum
2235 1523 2247 1542 ,

1256 1552 1409 1589 Puteum
1428 1551 1631 1603 injustitiae3
1661 1564 1731 1588 non
1761 1549 1858 1599 quod
1886 1549 1961 1601 ipse
1990 1557 2119 1600 puteus
2154 1547 2248 1598 inju-

1256 1604 1361 1642 stitiae
1380 1613 1490 1650 esset,
1514 1603 1577 1641 sed
1596 1603 1681 1653 quia
1702 1602 1795 1640 circa
1816 1610 1965 1653 puteum
1987 1600 2132 1638 materia
2155 1600 2247 1651 inju-

1258 1657 1362 1695 stitiae
1378 1657 1456 1694 fuit.
1486 1656 1729 1706 Similiterque
1754 1654 1909 1692 ministri
1935 1653 2039 1692 Joabi
2067 1662 2100 1690 et
2122 1653 2246 1690 Aben—
2261 1669 2290 1690 2.
2307 1659 2385 1695 Reg.
2401 1668 2429 1687 2.

1258 1710 1332 1748 neri
1352 1710 1444 1748 circa
1460 1710 1592 1747 fontem
1602 1739 1613 1759 ,
1635 1718 1675 1746 ut
1693 1707 1809 1746 sciunt
1828 1706 2021 1758 Scripturae
2039 1705 2162 1757 periti,
2180 1705 2247 1742 sibi
2267 1703 2312 1733 ¹3·
2343 1700 2390 1730 16·

1258 1772 1382 1800 mutuo
1402 1762 1665 1800 insidiabantur
1677 1791 1686 1809 ,
1703 1770 1736 1798 et
1753 1769 1901 1799 vocatus
1919 1768 1969 1796 est
1988 1758 2108 1804 locus,
2127 1758 2248 1796 Portio

1257 1815 1523 1854 insidiatorum.
1547 1817 1705 1853 Rursum
1723 1814 1784 1851 hic
1801 1827 1871 1850 non
1890 1812 1989 1849 locus
2016 1810 2161 1848 insidias
2188 1825 2249 1863 pe-

1257 1869 1367 1921 perit,
1393 1869 1456 1906 sed
1484 1867 1620 1906 occasio
1648 1881 1775 1905 nomen
1804 1866 1881 1903 loco
1899 1864 2043 1902 indidit.
2068 1865 2122 1902 Ita
2149 1873 2183 1901 et
2212 1864 2250 1901 in

1260 1921 1398 1959 Adamo
1420 1922 1554 1959 factum
1586 1929 1648 1958 est.
1682 1920 1776 1966 Quia
1801 1919 1847 1956 ab
1866 1927 1947 1955 ortu
1968 1917 2252 1969 experimentum

1259 1973 1450 2012 habiturus
1469 1983 1559 2022 erat,
1578 1973 1714 2010 honum
1744 1985 1818 2010 0550
1837 1970 1980 2008 obedire
1995 2000 2006 2019 ,
2027 1970 2164 2007 malum
2182 1982 2251 2007 non

1261 2027 1409 2077 obsequi
1426 2042 1435 2073 ;
1456 2026 1535 2064 ideo
1555 2026 1661 2063 arbor
1680 2039 1726 2063 ex
1751 2024 1931 2062 occasione
1958 2036 2084 2061 nomen
2104 2022 2251 2074 accepit.

1261 2082 1400 2118 Verum
1427 2080 1502 2117 baee
1527 2079 1709 2116 hactenus.
1741 2076 1889 2114 L'tinam
1916 2089 1999 2113 vero
2026 2089 2089 2113 nos
2107 2089 2128 2112 a
2153 2075 2252 2126 ligno

1261 2133 1323 2170 illo
1342 2132 1542 2183 fugiamus,
1558 2141 1591 2169 et
1612 2130 1658 2168 ad
1676 2130 1816 2181 lignum
1833 2129 1917 2166 vitae
1936 2142 2180 2177 accurramus,
2205 2127 2253 2165 ad

1260 2185 1401 2237 lignum
1419 2185 1554 2232 crucis,
1575 2182 1669 2234 quod
1691 2183 1830 2220 fruetus
1847 2181 1995 2234 justitiae
2018 2180 2103 2218 tulit
2116 2210 2127 2231 ,
2155 2180 2253 2230 quod

1205 2245 1251 2311 137
1263 2238 1506 2290 virginitatem
1535 2236 1772 2288 germinavit,
1809 2244 1842 2272 et
1870 2233 2140 2271 sanctimoniam
2167 2247 2252 2285 pro-

1265 2291 1368 2339 tulit,
1389 2292 1595 2340 fructusque
1624 2288 1743 2327 varios
1761 2286 1953 2339 persolvit,
1975 2285 2098 2322 multis
2124 2285 2250 2323 diver-

1263 2345 1381 2394 sisque
1413 2343 1621 2380 muneribus
1653 2349 1828 2380 comantes
1852 2355 1862 2388 3
1898 2353 1979 2376 cum
2013 2337 2180 2376 videlicet
2214 2338 2251 2377 in

1261 2397 1339 2449 ipsa
1352 2396 1511 2434 sensibili
1524 2394 1704 2432 defixione
1717 2393 1832 2430 crucis
1846 2405 1973 2442 magna
1987 2390 2251 2442 singularisque

1261 2450 1355 2487 salus
1375 2458 1475 2501 parta
1494 2457 1570 2497 051,
1598 2461 1666 2484 non
1696 2446 1796 2483 illam
1831 2444 1933 2493 dico,
1955 2457 2062 2494 quam
2083 2444 2251 2482 Servator

1262 2502 1411 2554 mystice
1432 2500 1674 2553 dispensavit,
1706 2497 1769 2536 sed
1797 2497 1895 2535 illam
1911 2526 1921 2545 ,
1949 2510 2057 2547 quam
2079 2496 2168 2534 latro
2189 2496 2251 2535 ille

1261 2555 1381 2607 palam
1398 2553 1568 2605 abripuit.
1589 2552 1683 2597 Quia
1712 2550 1807 2588 enim
1827 2549 1943 2587 Adam
1967 2563 2030 2601 per
2045 2549 2184 2600 lignum
2203 2563 2249 2588 ex

1258 2606 1424 2660 paradiso
1453 2607 1582 2657 ejectus
1615 2613 1665 2642 est
1696 2605 1866 2651 (Justus
1893 2615 1954 2649 es,
1985 2603 2176 2648 Domine,
2211 2612 2248 2641 et
2261 2615 2350 2642 Psal.
2377 2615 2444 2645 118.

1259 2669 1365 2698 recta
1383 2659 1531 2709 judicia
1553 2666 1620 2695 tua
1625 2661 1652 2705 j
1664 2671 1681 2705 ,·
1709 2656 1791 2707 quia
1818 2670 1882 2708 per
1914 2663 2099 2706 peccatum
2132 2669 2246 2693 unum
2266 2656 2333 2696 [37-

1260 2713 1377 2750 Adam
1405 2711 1547 2762 ejicitur
1564 2741 1572 2754 ,
1593 2724 1657 2761 per
1688 2723 1797 2746 unam
1829 2707 1970 2745 fidelem
1994 2707 2246 2746 consessionem

1258 2766 1349 2803 latro
1365 2763 1601 2801 introducitur
1619 2762 1655 2799 in
1674 2761 1893 2814 paradisum.
1916 2759 2146 2811 Crucifigeris
2164 2775 2246 2799 011111

1258 2817 1412 2868 iniquis,
1438 2825 1472 2854 et
1504 2814 1636 2865 iniquis
1655 2815 1804 2852 salutem
1822 2813 1929 2866 paris.
1950 2813 2048 2850 Dicit
2070 2813 2102 2850 ei
2129 2813 2243 2852 latro:

1261 2872 1446 2915 Domine,
1473 2877 1662 2905 memento
1688 2869 1788 2913 mei,
1824 2881 1911 2904 cum
1931 2868 2084 2904 veneris
2113 2868 2154 2903 in
2184 2881 2245 2904 re-
2258 2874 2444 2911 Luc.23.42.

1257 2937 1376 2975 gnum
1410 2931 1528 2959 tuum.
1555 2921 1665 2958 Latro
1701 2928 1794 2957 certe
1826 2919 1890 2957 iste
1917 2932 1987 2956 non
2025 2919 2132 2956 finem
2163 2919 2245 2957 fecit

1261 2974 1495 3013 latrocinandi
1519 3003 1528 3021 ,
1567 2973 1678 3011 donee
1720 2986 1803 3010 cum
1836 2972 1917 3009 aliis
1953 2971 2060 3009 etiam
2094 2984 2244 3022 regnum

1261 3029 1427 3066 caelorum
1454 3026 1622 3078 abripuit.
1645 3025 1748 3063 Alius
1769 3038 1852 3063 vero
1877 3025 1966 3062 latro
1989 3023 2144 3061 Domino
2163 3038 2244 3061 con-

1263 3081 1416 3119 viciatur
1431 3096 1438 3116 :
1456 3080 1496 3118 Si
1510 3079 1638 3117 Filius
1651 3079 1725 3116 Dei
1747 3092 1799 3124 es,
1819 3078 1933 3115 salva
1954 3079 2192 3127 temetipsum
2207 3084 2245 3113 et
2260 3091 2338 3118 Ibid.
2354 3101 2380 3117 v.
2393 3089 2443 3127 39.

1264 3147 1346 3172 nos.
1361 3133 1483 3172 Verba
1497 3131 1644 3170 latronis
1659 3130 1780 3168 affinia
1795 3140 1877 3168 sunt
1894 3129 2010 3167 verbis
2026 3130 2047 3168 J
2050 3128 2245 3165 udaeorum:

1262 3201 1345 3225 nam
1359 3195 1393 3224 et
1405 3186 1458 3223 illi
1471 3185 1637 3223 dicebant
1656 3199 1663 3219 ε
1685 3184 1725 3221 St
1744 3183 1872 3220 Filius
1891 3184 1967 3219 Dei
1979 3194 2036 3226 e5,
2059 3181 2246 3218 descende
2260 3193 2375 3223 naeth.
2396 3201 2446 3229 27.

1264 3241 1311 3277 de
1327 3253 1460 3285 cruce,
1481 3247 1514 3276 et
1530 3236 1712 3275 credemus
1731 3235 1809 3273 tibi.
1827 3234 1958 3274 Viden’
1980 3246 2086 3282 quam
2105 3246 2246 3270 concor-
2260 3235 2310 3274 40-

1263 3292 1346 3330 dem
1364 3291 1517 3329 habeant
1539 3290 1607 3327 filii
1624 3288 1759 3326 diaboli
1779 3285 1970 3338 impietatis
1989 3284 2216 3336 disciplinam
2229 3285 2247 3322 ἒ)
2262 3278 2366 3348 {sm-c.
2387 3275 2435 3304 ¹5·

1266 3346 1425 3383 Salvum
1446 3346 1536 3396 fac,
1572 3341 1710 3392 inquit,
1732 3341 1970 3389 temetipsum
1992 3346 2027 3374 et
2049 3351 2128 3375 nos.
2149 3336 2268 3385 Quid*
2287 3328 2315 3346 2'

1267 3411 1350 3447 ergo
1364 3398 1489 3435 beatus
1501 3395 1617 3433 latro?
1632 3392 1824 3431 Dominum
1840 3389 2014 3434 defendit;
2042 3398 2074 3427 01
2096 3390 2154 3440 qui
2189 3389 2254 3428 da-
