2522 3683
310 214 402 260 902
1035 235 1039 238 ,
1259 205 1412 234 ὃΡὶΙῙὶΙΑ
1423 223 1430 232 .

310 296 513 345 ostendunt,
538 295 567 333 si
589 308 673 346 ergo
692 293 966 346 interrogaveris
991 293 1089 343 11105,
1110 292 1199 340 Quis
1221 293 1290 345 pri—

311 364 391 388 mus
419 349 527 395 dixit,
549 348 743 398 ὁμοούσιον,
763 347 838 386 sive
858 346 1205 393 consubstantia1mn3
1221 360 1290 383 non

164 425 300 452 Trecenti
311 411 459 454 possunt
470 400 600 448 1116616,
610 400 677 438 Η16
686 401 742 438 vel
756 400 816 437 illc
828 415 837 447 ;
858 399 921 437 sed
932 399 1079 436 trecenti
1095 398 1292 436 octodecim

112 467 272 494 octodecim
313 457 448 504 Patres,
466 454 502 491 in
518 452 726 491 concordem
745 466 852 489 unam
869 465 990 490 vocem
1002 461 1237 503 erumpentes,
1254 450 1290 488 iu

110 509 211 554 P³¹¹J⁰S
246 507 298 534 Ni·
311 507 368 558 pia
390 506 605 544 confessione
626 512 887 543 consenserunt.
908 503 1177 551 Animadverte,
1203 517 1291 554 quo-

109 558 298 617 ξὶῗζζῐᾶῃῑξζῗ
311 559 417 598 modo
448 559 523 596 haec
555 557 699 597 virtutis
727 556 897 594 confessio
933 556 1126 608 splendeat.
1156 557 1291 595 Vocem

108 631 168 657 lem
183 631 297 658 Filium
310 611 491 662 ὃμοουσίου
512 624 580 648 non
599 609 705 661 coepit
723 623 828 656 1111115,
848 608 905 647 vel
938 609 1026 646 31161
1042 609 1211 660 proferre,
1232 608 1292 645 5611

110 672 261 701 dixerunt.
309 673 380 702 tota
396 663 554 715 synodus
571 661 740 709 Orientis,
760 661 980 710 Occidentis,
1002 661 1167 699 Meridiei
1187 670 1220 698 61
1231 661 1291 698 Sc-

308 715 531 767 ptentrionis.
546 714 619 752 Ubi
632 728 784 764 namque
795 714 925 752 veritas
936 727 1007 750 sese
1020 713 1153 764 prodit,
1173 713 1292 751 omnia

308 768 544 806 consentiunt.
566 768 750 816 Interroga
780 766 990 803 haereticum
1020 765 1113 802 circa
1143 780 1181 804 ea
1214 780 1291 815 quae

307 820 469 858 dicturus
484 819 625 857 511111.ὃί
643 819 836 869 interroges
850 817 1106 868 orthodoxum,
1118 817 1291 857 siveidio-

307 882 395 921 tam,
406 872 481 910 sive
496 872 713 923 imperitum,
727 871 803 908 haec
817 870 905 907 dicit
922 886 928 906 ε
945 870 1124 908 Confiteor
1136 871 1290 916 Patrem,

307 925 442 963 Filium
457 934 488 963 et
506 924 684 976 Spiritum
699 932 872 971 sanctum,
882 936 994 959 unum
1006 936 1170 973 regumn,
1183 937 1290 959 unam

306 978 514 1030 potentiam.
532 976 788 1015 Dichaercticis
805 975 947 1012 duobus
965 975 1021 1014 vel
1046 975 1173 1021 tribus,
1191 974 1290 1021 Quid
1315 976 1339 1006 C

307 1031 470 1068 sentitis?
501 1030 539 1068 Si
566 1029 707 1067 easdem
721 1028 902 1079 proferant
914 1041 1032 1076 VoceS,
1052 1041 1137 1065 vera
1152 1027 1289 1063 dicunt.

307 1083 410 1120 Alius
428 1082 624 1120 increatum
644 1081 746 1130 dicit,
768 1080 860 1117 alius
891 1079 1064 1130 genitum,
1095 1079 1186 1116 alius
1223 1079 1290 1117 im-

307 1136 504 1184 mortalem,
523 1135 582 1172 hic
599 1142 782 1170 veternum.
807 1131 846 1169 Si
866 1140 1026 1182 resurgat
1047 1131 1154 1176 alius,
1175 1131 1263 1168 dicit
1281 1146 1289 1167 :

306 1188 386 1239 Ego
406 1188 488 1226 novi
512 1189 652 1224 Patrem
670 1185 793 1222 fecisse
809 1184 955 1231 Filium,
979 1183 1113 1220 Filium
1130 1197 1291 1221 11610636-

306 1249 393 1278 1613.
416 1240 508 1276 111116
521 1239 721 1276 3111151111116
734 1236 895 1275 emendat
912 1236 1033 1273 11166115
1053 1251 1060 1271 z
1080 1237 1158 1273 Non
1175 1236 1222 1273 ita
1237 1250 1290 1273 rcs

306 1302 370 1341 cst,
387 1293 448 1330 5611
462 1295 565 1330 Ρ3161
577 1291 659 1328 fecit
676 1291 829 1339 Filium,
849 1303 911 1341 per
923 1288 1056 1326 Filium
1072 1303 1155 1328 vcro
1172 1289 1290 1327 omnia

306 1345 476 1383 condidit.
498 1344 571 1382 Ubi
590 1357 742 1394 namque
765 1356 835 1380 non
856 1351 907 1379 cst
925 1341 1068 1389 veritas,
1088 1341 1149 1378 scd
1168 1355 1290 1379 corru-

305 1407 410 1449 ptum
425 1398 690 1447 vestimentum,
708 1395 883 1434 scinditur
899 1410 905 1430 :
923 1408 962 1431 36
975 1393 1289 1444 quemadmodum,

306 1452 443 1498 fratres,
460 1450 708 1488 indumentum
726 1457 826 1487 vetus
841 1448 869 1484 si
889 1447 1023 1493 trahas,
1045 1446 1237 1496 scinditur,
1257 1456 1291 1484 et

307 1503 336 1540 51
356 1518 418 1555 per
434 1512 566 1542 vestem
595 1501 799 1553 quempiam
816 1499 968 1537 traxeris
992 1498 1038 1536 ad
1056 1499 1288 1549 colloquium,

308 1565 474 1607 corrupta
487 1555 595 1594 vestis
610 1553 900 1606 deprehenditur,
918 1561 951 1589 et
965 1552 1093 1602 quavis
1111 1553 1292 1589 occasione

307 1608 507 1646 scinditur:
528 1607 737 1659 hujusmodi
765 1614 846 1643 sunt
876 1605 1053 1651 haerese53
1084 1604 1176 1641 alius
1208 1605 1289 1654 hoc,

308 1661 399 1699 alius
419 1660 511 1698 illud
536 1660 735 1698 confitetur.
758 1659 914 1695 Haereses
934 1665 1123 1705 extraneae,
1149 1657 1292 1694 nomina

308 1723 486 1762 extranea,
503 1722 536 1750 et
550 1713 625 1750 haec
646 1712 829 1764 probrosa,
849 1723 1049 1761 cauponum
1069 1709 1227 1747 nomina.
1250 1710 1292 1747 Id

308 1765 437 1803 accidit
456 1765 642 1811 haereticis,
668 1763 765 1815 quod
784 1762 914 1800 accidit
934 1762 1020 1798 olim
1048 1762 1195 1800 Judaeis.
1219 1763 1303 1808 Lu-¹
1316 1774 1340 1802 D

309 1832 411 1856 cerna
429 1827 546 1856 sancta
568 1818 634 1854 sub
650 1817 727 1868 lege
741 1825 813 1853 erat
828 1815 920 1852 intra
935 1822 1055 1852 sancta
1076 1823 1291 1859 sanctorum,

309 1871 372 1908 ubi
391 1879 490 1908 erant
508 1870 641 1918 velum,
657 1869 720 1906 ubi
739 1882 871 1916 mensa,
892 1866 954 1904 ubi
972 1866 1046 1915 lex,
1064 1866 1126 1903 ubi
1139 1868 1268 1904 tabulae
1283 1883 1290 1903 :

308 1938 353 1961 ex
373 1938 442 1974 quo
465 1938 484 1961 a
505 1923 654 1962 veritate
682 1920 904 1968 exciderunt,
920 1918 982 1956 ubi
999 1918 1166 1956 statuitur
1179 1920 1292 1957 111661·-

309 1977 378 2013 na?
401 1977 441 2013 In
465 1975 650 2014 vestibulis
673 1986 886 2025 cauponum.
909 1971 982 2009 Ubi
1004 1984 1113 2008 cornu
1141 1973 1294 2024 prophe-

308 2028 453 2066 tarum?
470 2029 510 2065 In
526 2026 693 2065 tabernis.
708 2026 754 2063 Et
768 2025 845 2062 haec
854 2024 1004 2073 faciunt,
1023 2038 1091 2061 non
1106 2037 1150 2063 ex
1163 2038 1293 2074 amore,

310 2081 372 2118 sed
385 2081 429 2118 ad
442 2089 617 2130 quaestum
634 2094 641 2115 :
660 2093 729 2116 non
743 2086 782 2115 ut
794 2077 978 2114 ostendant
991 2076 1173 2114 lucernam
1186 2078 1295 2115 hono-

311 2142 425 2171 ratam
435 2148 445 2181 ,
471 2132 533 2170 sed
552 2141 591 2169 ut
622 2139 872 2183 prsetereuntcs
901 2129 1090 2177 advocent,
1123 2139 1162 2167 ut
1194 2145 1293 2168 mon—

311 2195 421 2223 strent
438 2200 511 2223 6556
529 2184 727 2224 Juda'i'cum
745 2183 884 2222 vinum.
907 2181 1007 2220 Sicut
1026 2182 1138 2232 igitur
1153 2182 1226 2221 illic
1250 2197 1294 2221 ex

312 2239 496 2276 sanctitate
511 2238 546 2274 in
563 2246 697 2274 tantam
712 2235 858 2287 delapsa
878 2243 959 2272 sunt
982 2234 1159 2272 vilitatem
1175 2246 1294 2274 sancta

312 2291 374 2328 illa
394 2291 439 2328 ab
467 2290 623 2341 indignis
641 2303 826 2341 possessa:
851 2287 901 2324 sic
920 2286 1027 2324 etiam
1058 2287 1117 2324 1116
1142 2302 1161 2324 3
1184 2289 1294 2326 Paulo

313 2352 347 2382 ct
363 2344 466 2381 Petro
479 2374 489 2393 ,
511 2343 557 2380 ab
586 2342 648 2379 illo
668 2340 821 2378 culmine
840 2344 910 2387 (me
938 2338 1049 2391 pudet
1083 2339 1213 2387 dicere,
1234 2347 1294 2379 re*

314 2410 393 2434 reor
424 2395 655 2448 turpitudinis
675 2407 800 2431 nomen
832 2393 915 2430 licet
941 2406 1068 2431 verum
1097 2393 1156 2440 sit,
1179 2393 1296 2431 dicere

314 2448 493 2497 erubeseO,
510 2457 544 2486 et
569 2457 687 2485 tamen
706 2447 862 2498 proferre
879 2448 1000 2496 cogor)
1020 2453 1098 2497 post
1112 2459 1235 2484 vocem
1251 2446 1294 2483 il-

120 2515 232 2543 matth.
255 2513 300 2543 16,
314 2500 398 2548 lam,
418 2503 450 2538 T
450 2515 473 2538 ιι
492 2515 530 2538 es
550 2502 702 2545 Petrus,
721 2507 757 2536 et
770 2511 882 2550 super
895 2500 996 2536 hanc
1007 2506 1158 2549 petram
1174 2499 1294 2551 oedt'fi-
1320 2515 1343 2545 Ε

121 2555 166 2584 ¹8·
316 2556 411 2591 cabo
440 2554 660 2591 Ecclesiam
679 2565 823 2597 meam,
856 2559 893 2588 et
918 2559 1038 2602 portoe
1071 2552 1189 2603 inferi
1218 2566 1296 2588 non

315 2607 579 2656 proevalebunt
617 2606 801 2642 adversus
838 2617 925 2640 eam
938 2619 952 2647 ;
983 2612 1171 2655 postquam
1203 2603 1297 2642 dixit

120 2679 149 2699 2.
170 2669 241 2700 Cor,
256 2668 304 2697 13.
321 2658 474 2695 Paulus:
494 2659 566 2696 An
585 2660 886 2709 experimentmn
906 2659 1077 2707 quaeritis
1105 2659 1200 2708 ejus,
1231 2660 1297 2710 qui

116 2712 146 2740 3.
320 2713 362 2747 in
381 2725 440 2748 me
460 2712 629 2763 loquitur
660 2711 830 2747 Christi?
857 2723 877 2746 a
903 2709 1007 2746 Petro
1030 2717 1063 2745 61
1098 2709 1223 2754 Ρ31110,
1253 2710 1298 2747 311

320 2763 558 2813 evangelistis,
576 2762 797 2815 praeconibus
821 2770 855 2798 ct
878 2761 1152 2811 confessoribus,
1170 2771 1184 2784 ‘²
1214 2765 1297 2800 Psa-

117 2825 298 2864 psathyriani
320 2815 477 2867 thyriani
491 2816 552 2854 alii
570 2816 718 2866 quidam
740 2823 923 2852 vocantur.
941 2813 1091 2860 Quando
1116 2814 1152 2851 in
1174 2813 1299 2852 113111111

121 2867 257 2895 haeretici.
320 2877 543 2916 manserunt3
564 2868 704 2918 quando
724 2881 791 2904 11011
814 2866 1034 2919 discerptum
1059 2875 1109 2903 est
1128 2867 1300 2906 invetera-

320 2930 397 2958 tum
414 2920 557 2957 illorum
570 2919 844 2958 vestimentum?
863 2919 933 2957 Sed
959 2932 1041 2956 cum
1067 2918 1193 2957 dixero
1210 2921 1300 2960 circa

319 2973 400 3011 illos
414 2972 595 3025 prophetae
610 2972 734 3022 verba,
751 2972 859 3009 finem
870 2970 1041 3022 loquendi
1055 2971 1192 3011 faciam.
1210 2975 1300 3011 Dis-

363 3113 377 3128 a
401 3104 448 3134 De
464 3101 691 3145 Psatliyrianis
708 3100 782 3134 vide
791 3102 975 3143 Scriptores
989 3100 1251 3144 Ε6616513511605,
1262 3103 1322 3134 So-

321 3163 459 3195 cratem,
469 3155 691 3187 sozomenum
703 3160 735 3185 et
745 3152 1156 3193 Tlieodoreturn.Quinam
1170 3153 1203 3185 lii
1216 3161 1326 3186 essent

321 3207 469 3250 pluribus
483 3206 626 3248 explicat
641 3205 798 3238 Socrates
812 3204 868 3236 lib.
886 3206 916 3246 5,
934 3216 1008 3246 cap.
1024 3207 1075 3238 23.
1089 3206 1184 3247 Orto,
1201 3205 1325 3248 inquit,

322 3261 379 3292 illo
408 3262 492 3292 inter
519 3260 658 3291 Arianos
685 3255 821 3289 dissidio
836 3268 841 3286 :
871 3255 942 3287 aliis
967 3255 1168 3297 dicentibus,
1198 3258 1327 3289 Patrem

323 3315 422 3344 etiam
439 3319 615 3355 antequam
632 3309 750 3342 Filium
771 3314 958 3351 generaret,
976 3307 1108 3338 Patrem
1125 3307 1239 3349 fuisse5
1259 3307 1329 3340 aliis

325 3372 441 3396 eontra
468 3362 712 3407 pugnantibus,
729 3360 761 3391 hi
789 3359 943 3403 postremi
971 3364 1170 3403 Ψαθυρωνοί,
1188 3359 1328 3402 Psathy-

1363 292 1505 330 εἴπωσιν
1527 289 1795 341 ὁμοουσιασταὶ,
1827 290 1887 327 οὐκ
1918 290 2025 340 ὄνομα
2054 284 2169 338 εἶπον,
2199 289 2287 327 ἀλλὰ
2322 292 2384 335 τῆς

1362 344 1510 387 πίστεως
1540 342 1670 386 ἔδειξαν
1690 341 1752 388 τὴν
1774 342 1987 394 συμφωνίαν.
2015 342 2099 380 Ἐὰν
2120 338 2176 380 οὖν
2205 340 2384 394 ἐρωτήσῃς

1364 396 1499 444 αὐτοὺς,
1519 396 1576 433 καὶ
1591 395 1644 438 τίς
1662 398 1797 447 πρῶτος
1815 389 1889 432 εἷπε
1907 396 1964 443 τὸ,
1985 395 2185 445 ὁμοούσιον;
2202 397 2262 432 οὐκ
2286 396 2387 447 ἔχου-

1365 464 1416 487 σιν
1440 451 1560 495 εἰπεῖν,
1581 451 1598 485 ὁ
1615 449 1708 485 δεῖνα
1725 447 1784 484 καὶ
1801 450 1818 484 ὁ
1840 448 1933 484 δεῖνα
1951 462 1957 469 ·
1979 448 2068 485 ἀλλὰ
2087 447 2283 499 τριακόσιοι
2302 441 2385 485 δέκα

1364 502 1424 539 καὶ
1440 500 1532 539 ὀκτὼ
1556 499 1704 551 πατέρες
1723 499 1905 551 σύμφωνον
1934 500 2096 551 ῥήξαντες
2122 500 2237 552 φωνὴν
2261 502 2384 550 ὁμολο-

1365 553 1462 604 γίας,
1486 553 1732 605 συνεφώνησαν
1763 554 1810 595 εἷς
1832 551 2019 590 εὖσέὸειαν.
2040 552 2216 605 Πρόσεχε,
2235 557 2308 595 πῶς
2325 551 2384 589 καὶ

1366 609 1472 653 αὐτῆς
1497 609 1559 650 τῆς
1588 608 1713 658 ἀρετῆς
1740 604 1874 657 λάμπει
1900 608 1921 650 ἡ
1948 606 2126 655 ὁμολογία.
2154 607 2232 644 Οὐκ
2256 604 2385 657 ἤρξατο

1364 663 1423 696 τοῦ
1440 658 1621 709 ὁμοουσίου
1641 659 1707 709 οὐχ
1726 659 1784 704 εἷς,
1805 659 1842 695 οὐ
1863 656 2039 708 δεύτερος,
2060 657 2150 695 ἀλλὰ
2171 665 2268 696 πᾶσα
2286 657 2384 696 σύνο-

1367 712 1421 754 δος
1452 713 1638 758 ἀνατολῆς,
1668 711 1817 757 δύσεως,
1839 710 2074 760 μεσημβρίας,
2106 710 2246 762 ἄρκτου.
2265 709 2384 748 εΌπου

1365 763 1432 816 γὰρ
1460 764 1605 810 ἀλήθεια
1633 762 1810 815 φαίνεται,
1829 762 1944 799 πάντα
1974 768 2163 814 συμφωνεῖ.
2184 761 2385 815 Ἐρώτησον

1366 817 1535 867 αἱρετικὸν
1556 815 1574 853 ὃ
1598 816 1715 865 μέλλω
1739 815 1864 866 λέγειν.
1884 814 1969 852 Ἐὰν
1995 814 2174 867 ἐρωτήσῃς
2196 814 2385 868 ὀρθόδοξον,

1365 867 1428 906 κᾶν
1446 868 1585 914 ἰδιώτης
1599 865 1635 922 ᾗ,
1657 868 1720 906 κᾶν
1736 868 1889 918 ἄπειρος,
1906 871 2016 905 ταῦτα
2034 867 2140 918 λέγει·
2157 868 2225 918 ἐγὼ
2242 868 2385 920 Πατέρα

1365 920 1424 957 καὶ
1453 921 1536 959 Υἱὸν
1565 922 1624 959 καὶ
1652 923 1797 970 Πνεῦμα
1827 919 1942 971 ἅγιον,
1971 919 2053 970 μίαν
2085 919 2281 970 βασιλείαν,
2303 921 2384 971 μίαν

1366 972 1512 1023 δύναμιν
1539 976 1709 1025 ὁμολογῶ.
1742 971 1831 1011 Εἰπὲ
1852 972 1885 1010 δὲ
1916 975 2100 1026 αἱρετικοῖς
2125 973 2219 1011 δυσὶν
2235 972 2256 1019 ἢ
2275 973 2385 1025 τρισὶν

1366 1024 1570 1076 ἀνθρώποις,
1589 1030 1663 1067 πῶς
1686 1031 1859 1077 φρονεῖτε,
1879 1025 1964 1062 Ἐὰν
1985 1024 2110 1063 ἔλθωσι
2126 1025 2216 1064 κατὰ
2235 1029 2304 1063 τῶν
2325 1028 2385 1063 αὐ-

1365 1079 1433 1114 τῶν
1466 1081 1607 1128 φωνῶν,
1637 1078 1800 1123 ἀλήθειαν
1825 1076 1996 1127 λέγουσιν.
2026 1078 2117 1115 Ἀλλ’
2149 1081 2165 1115 ὁ
2199 1078 2259 1128 μὲν
2291 1078 2385 1130 λέγει

1367 1128 1527 1167 ἅκτιστον
1543 1159 1552 1177 ,
1577 1133 1594 1167 ὁ
1614 1129 1648 1168 δὲ
1664 1129 1840 1179 γεννητὸν,
1864 1132 1881 1166 ὃ
1902 1129 1937 1166 δὲ
1958 1130 2139 1176 ἀθάνατον,
2160 1133 2177 1168 ὁ
2196 1130 2231 1169 δὲ
2259 1131 2381 1169 ἀίδιον.

1365 1180 1440 1218 Κᾶν
1460 1181 1563 1225 ἄλλος
1592 1181 1769 1233 ἀνακύψῃ,
1789 1180 1905 1231 λέγει·
1926 1181 1995 1232 ἐγὼ
2023 1176 2098 1220 οἶδα
2111 1211 2120 1229 ,
2139 1182 2192 1220 ὅτι
2212 1187 2229 1221 ὅ
2259 1184 2384 1234 Πατὴρ

1365 1235 1507 1280 ἐποίησε
1535 1234 1592 1272 τὸν
1624 1234 1723 1281 Υἱὸν,
1748 1236 1765 1270 ὃ
1793 1232 1829 1271 δὲ
1858 1234 1940 1277 Υἱὸς
1963 1233 2007 1272 τὰ
2035 1234 2125 1275 ἄλλα
2141 1251 2148 1258 ·
2172 1229 2246 1281 εἶτα
2270 1235 2385 1288 ἕτερος

1365 1287 1561 1338 διορθοῦται
1579 1290 1699 1324 τοῦτον
1718 1285 1842 1337 λέγων,
1864 1288 1928 1338 οὐχ
1946 1285 2066 1334 οὕτως,
2084 1289 2161 1325 ἀλλ’
2181 1290 2198 1325 ὁ
2219 1288 2280 1338 μὲν
2301 1290 2383 1326 Ποιί

1364 1338 1430 1390 τὴρ
1453 1339 1595 1386 ἐποίησε
1615 1340 1672 1377 τὸν
1701 1339 1783 1377 Υἱόν
1800 1354 1807 1361 ·
1830 1338 1886 1376 διὰ
1921 1338 1956 1377 δὲ
1987 1343 2046 1377 τοῦ
2072 1341 2156 1378 Υἱοῦ
2189 1341 2232 1379 τὰ
2269 1341 2384 1379 πάντα

1365 1392 1527 1439 συνέστη.
1552 1392 1670 1430 εὈπου
1690 1392 1757 1444 γὰρ
1772 1392 1834 1429 οὔκ
1853 1391 1946 1429 ἔστιν
1966 1392 2132 1440 ἀλήθεια,
2149 1392 2240 1431 ἀλλὰ
2260 1395 2384 1447 σαθρὸν

1364 1445 1404 1482 τὸ
1431 1446 1587 1494 ἱμάτιον,
1608 1445 1787 1496 σχίζεται·
1809 1444 1867 1481 καὶ
1899 1443 2037 1496 ὥσπερ,
2059 1445 2219 1496 ἀδελφοὶ,
2245 1445 2383 1497 ἱμάτιον

1365 1497 1672 1547 πεπαλαιωμένον,
1710 1497 1795 1536 ὅπου
1838 1497 1897 1535 ἐὰν
1934 1497 2057 1549 ῥήξῃς,
2100 1499 2281 1550 σχίζεται·
2320 1501 2383 1539 κᾶν

1365 1550 1524 1601 σχήματι
1545 1549 1693 1602 ἑλκύσῃς
1721 1549 1798 1587 τινὰ
1819 1552 1865 1592 εἷς
1889 1549 2048 1600 ὁμιλίαν,
2069 1551 2250 1602 ἐλέγχεται
2269 1555 2290 1597 ἡ
2322 1570 2383 1592 σα-

1364 1602 1505 1655 θρότης,
1532 1602 1591 1640 καὶ
1620 1603 1685 1640 ὑπὸ
1705 1605 1773 1640 τῶν
1803 1604 1981 1654 τυχουσῶν
2012 1596 2176 1655 ἀφορμῶν
2209 1603 2383 1655 σχίζεται·

1364 1654 1527 1692 οὕτωκαὶ
1547 1658 1581 1693 αἱ
1598 1655 1763 1709 αἱρέσεις,
1785 1658 1802 1692 ὃ
1823 1655 1884 1705 μὲν
1905 1655 2066 1705 ὁμολογεῖ
2087 1655 2206 1702 οὕτως,
2226 1649 2297 1695 ὁήδὲ
2317 1659 2382 1696 ἅλ-

1363 1709 1431 1750 λως
1447 1723 1454 1730 ·
1476 1707 1624 1759 αἱρέσεις
1651 1707 1760 1754 ξέναι,
1783 1706 1938 1757 ὀνόματα
1962 1706 2056 1755 ξένα,
2081 1707 2141 1745 καὶ
2168 1712 2277 1746 ταῦτα
2300 1713 2383 1748 ἕπο-

1364 1760 1534 1807 νείδιστα,
1553 1761 1722 1806 καπήλων
1752 1760 1917 1810 ὀνόματα.
1940 1760 2053 1798 Τοῦτο
2080 1760 2206 1799 ἔπαθον
2232 1764 2262 1799 οἱ
2291 1765 2384 1816 αἱρε-

1364 1812 1474 1859 τικοὶ,
1493 1812 1510 1849 ὃ
1530 1811 1655 1850 ἔπαθόν
1678 1828 1760 1850 ποτε
1779 1811 1952 1850 Ἰουδαῖοι.
1973 1811 2018 1849 Ἡ
2040 1813 2165 1864 λυχνία
2185 1816 2206 1858 ἡ
2227 1814 2309 1865 ἁγία
2329 1816 2386 1854 ἐπὶ

1363 1868 1423 1903 τοῦ
1450 1864 1556 1914 νόμου
1586 1865 1697 1902 ἔκειτο
1725 1867 1770 1908 εἷς
1799 1864 1843 1902 τὰ
1874 1863 1956 1914 ἅγια
1982 1868 2050 1902 τῶν
2082 1865 2208 1916 ἁγίων,
2239 1867 2322 1906 ὅπου
2347 1869 2386 1907 τὸ

1365 1917 1635 1967 καταπέτασμα,
1656 1917 1740 1971 ὅπΝΟυ
1760 1920 1782 1962 ἡ
1807 1916 1982 1968 τράπεζα,
2002 1916 2087 1955 ὅπου
2106 1921 2123 1955 ὁ
2149 1917 2273 1969 νόμος,
2298 1921 2384 1959 ὅπου

1366 1971 1401 2008 αἱ
1421 1969 1551 2013 πλάκες
1566 1986 1573 1993 ·
1593 1971 1650 2021 ἀφ’
1676 1973 1713 2008 οὓ
1735 1968 1894 2013 ἐξέπεσον
1914 1972 1976 2015 τῆς
2000 1969 2182 2017 ἀληθείας,
2204 1975 2269 2009 ποῦ
2287 1972 2385 2010 ἵστα-

1365 2038 1423 2061 ται
1440 2026 1461 2069 ἡ
1488 2022 1633 2075 λυχνία,
1654 2022 1714 2061 Ἔν
1733 2027 1804 2064 τοῖς
1823 2020 2005 2074 προθύροις
2019 2024 2088 2059 τῶν
2107 2023 2288 2069 καπήλων.
2310 2027 2385 2063 Ποῦ

1366 2075 1404 2113 τὸ
1434 2075 1536 2127 κέρας
1565 2079 1634 2113 τῶν
1662 2078 1871 2128 προφητῶν,
1890 2074 1950 2111 Ἐν
1976 2080 2047 2117 τοῖς
2075 2075 2288 2122 καπηλείοις.
2320 2078 2387 2117 Καὶ

1366 2133 1477 2166 ταῦτα
1504 2131 1660 2166 ποιοῦσιν
1674 2158 1683 2175 ,
1702 2130 1739 2165 οὐ
1762 2127 1817 2165 διὰ
1836 2126 1962 2173 πόθον,
1979 2127 2068 2165 ἀλλὰ
2089 2127 2146 2165 διὰ
2171 2127 2295 2180 πόρον,
2323 2132 2387 2181 οὐχ

1365 2181 1422 2219 ἵνα
1443 2180 1579 2224 δείξωσι
1605 2180 1667 2227 τὴν
1694 2179 1837 2232 λυχνίαν
1858 2178 2079 2230 τιμωμένην,
2101 2181 2176 2218 ἀλλ’
2197 2180 2253 2218 ἵνα
2279 2198 2387 2234 προσ-

1368 2234 1584 2272 καλέσωνται
1612 2232 1690 2276 τοὺς
1717 2231 1906 2286 παριόντας
1923 2247 1930 2255 ·
1954 2232 2010 2270 ἵνα
2032 2232 2208 2281 δείξωσιν,
2228 2233 2281 2273 ὅτι
2301 2234 2388 2273 Ἴου-

1369 2287 1486 2330 δαϊκὸς
1512 2289 1530 2323 ὁ
1555 2280 1656 2328 οἶνος.
1676 2285 1817 2337 (Ὠσπερ
1845 2288 1902 2322 οὖν
1925 2286 1996 2322 ἐκεῖ
2025 2285 2093 2322 ἀπὸ
2126 2288 2193 2323 τῶν
2217 2287 2323 2338 ἁγίων
2343 2289 2389 2331 εἷς

1367 2338 1539 2385 τοσαύτην
1566 2338 1763 2389 κατηνέχθη
1796 2337 1968 2375 εὐτέλειαν
1996 2336 2040 2373 τὰ
2060 2337 2143 2388 ἅγια
2170 2338 2213 2376 τὰ
2233 2339 2300 2377 ὑπὸ
2320 2343 2388 2377 τῶν

1368 2391 1514 2436 ἀναξίων
1535 2391 1778 2442 κατεχόμενα,
1798 2389 1886 2427 οὕτω
1906 2388 1965 2427 καὶ
1982 2391 2145 2436 ἐνταῦθα,
2166 2390 2234 2428 ἀπὸ
2250 2392 2390 2430 Παύλου

1368 2445 1427 2483 καὶ
1446 2443 1594 2495 Πέτρου,
1613 2443 1682 2480 ἀπὸ
1697 2446 1758 2489 τῆς
1776 2445 1927 2495 κορυφῆς
1946 2441 2077 2488 ἐκείνης
2092 2442 2317 2494 (αἰσχύνομαι
2334 2443 2388 2481 λέ-

1368 2513 1438 2550 γειν
1453 2527 1462 2544 ,
1482 2498 1643 2546 αἰδοῦμαι
1662 2496 1701 2533 τὸ
1719 2495 1828 2544 ὄνομα
1853 2498 1915 2541 τῆς
1935 2493 2099 2546 αἰσχύνης
2112 2510 2119 2517 ·
2146 2496 2200 2531 ἐπ’
2228 2495 2391 2542 ἀληθείας

1368 2551 1428 2589 καὶ
1448 2551 1555 2587 εἰπεῖν
1576 2549 1760 2598 αἰδοῦμαι,
1782 2546 1978 2601 καὶωλέγειν
2004 2547 2286 2598 ἀναγκάζομαι)·
2302 2548 2390 2599 μετὰ

1369 2603 1432 2649 τὴν
1453 2601 1569 2654 φωνὴν
1596 2600 1741 2646 ἐκείνην,
1763 2598 1813 2637 Σὺ
1835 2603 1864 2636 εἰ
1891 2599 2043 2650 Πέτρος,
2063 2599 2123 2637 καὶ
2143 2599 2201 2637 ἐπὶ
2220 2600 2328 2652 ταύτῃ
2346 2604 2388 2652 τῇ

1370 2655 1481 2708 πέτρᾳ
1506 2652 1725 2702 οἰκοδομήσω
1751 2652 1813 2699 τὴν
1841 2651 2054 2697 Ἐκκλησίαν
2083 2667 2166 2701 μου,
2196 2652 2256 2690 καὶ
2282 2653 2389 2691 πύλαι

1372 2708 1454 2760 ᾅδου
1477 2709 1514 2744 οὐ
1536 2705 1807 2757 κατισχύσουσιν
1838 2707 1964 2750 αὐτῆς·
1987 2703 2076 2754 μετὰ
2095 2704 2134 2741 τὸ
2165 2707 2271 2742 εἰπεῖν
2291 2707 2389 2744 Παῦ-

1371 2763 1450 2808 λον,
1473 2761 1518 2798 Εἰ
1538 2759 1683 2808 δοκιμὴν
1704 2760 1837 2805 ζητεῖτε
1864 2761 1923 2795 τοῦ
1943 2758 1976 2794 ἐν
1999 2755 2075 2805 ἐμοὶ
2098 2757 2282 2800 λαλοῦντος
2302 2759 2391 2809 Χρι-

1374 2818 1475 2860 στοῦ;
1504 2812 1571 2849 ἀπὸ
1594 2809 1736 2848 Παύλου
1767 2809 1826 2847 καὶ
1853 2809 2007 2859 Πέτρου,
2029 2809 2097 2845 τῶν
2126 2809 2390 2860 εὐαγγελιστῶν,

1373 2868 1441 2904 τῶν
1461 2863 1636 2916 κηρύκων,
1647 2865 1715 2900 τῶν
1732 2861 2196 2913 ὁμολογητῶν,ἶ11“αθυριανοὶ
2213 2861 2271 2899 καὶ
2283 2861 2392 2913 ἕτεροί

1374 2934 1463 2960 τινες
1481 2916 1718 2966 ὀνομάζονται.
1739 2914 1832 2952 Πότε
1851 2914 1988 2964 ἔμειναν
2010 2913 2067 2951 ἐπὶ
2091 2913 2292 2965 σχήματος,
2309 2914 2392 2953 πότε

1376 2974 1413 3010 οὐ
1439 2968 1604 3022 διεῤῥάγη
1622 2968 1661 3006 τὸ
1680 2966 1969 3017 πεπαλαιωμένον
1990 2965 2149 3016 ἱμάτιον,
2171 2967 2261 3005 Ἀλλ’
2288 2966 2394 3004 εἰπὼν

1386 3101 1472 3133 113111
1487 3100 1597 3133 vocati
1612 3106 1705 3139 sunt,
1723 3099 1799 3140 quia
1815 3095 1952 3140 quidam
1968 3094 2180 3128 Theoctistus
2195 3094 2312 3139 Syrius
2340 3101 2397 3139 ψα-

1392 3156 1581 3199 θυροπώὶης,
1600 3148 1859 3194 psathyropola,
1880 3147 1913 3179 id
1938 3155 2003 3187 est,
2027 3147 2253 3190 placentarum
2279 3145 2395 3178 vendi-

1393 3213 1447 3237 tor
1460 3232 1468 3245 ‚
1498 3203 1631 3245 hujusce
1659 3201 1825 3245 dogmatis
1853 3201 2031 3231 acerrimus
2061 3206 2287 3242 propugnator
2312 3205 2394 3229 erat.

1395 3257 1481 3289 IIinc
1497 3264 1545 3287 cst
1562 3252 1653 3297 quod
1670 3263 1856 3296 anonymus
1873 3250 1926 3283 1116
1941 3263 2038 3293 supra
2056 3250 2176 3284 dixerit
2193 3250 2266 3284 illos
2282 3259 2298 3281 6
2315 3260 2394 3280 6311-

1396 3318 1482 3349 pona
1499 3317 1619 3340 nomen
1635 3306 1809 3347 accepisse.
