2481 3678
300 191 351 218 12
717 187 754 217 S.
794 187 971 218 JOANNIS
1008 186 1245 219 CHRYSOST.

289 269 451 320 linguam
470 281 570 307 suam
599 268 858 319 transferentes,
883 269 1028 308 barbari
1053 269 1132 307 licet
1151 278 1275 319 essent,

292 329 538 382 philosophari
561 328 775 367 didicerunt.

345 455 382 492 5.
412 456 489 493 Non
516 468 599 505 ergo
635 455 765 492 frustra
799 453 981 500 dicebam,
1010 462 1125 490 totum
1154 453 1277 490 orbem

292 514 470 553 theatrum
485 515 552 567 ipsi
572 514 690 551 fuisse.
709 515 830 563 Neque
845 512 939 550 enim
964 512 1081 550 missis
1109 526 1277 563 congene-

293 575 406 624 ribus,
421 589 551 614 ranam
575 574 692 612 brutis
706 572 932 611 instituendis
948 586 1090 624 operam
1105 573 1257 625 ponebat
1265 588 1276 622 3

293 635 389 686 quod
408 649 705 688 supervacaneum
725 633 884 672 studium
904 643 937 671 et
958 633 1081 685 ingens
1110 633 1278 686 insipien-

292 697 341 734 tia
360 697 481 734 suisset
493 712 503 745 ;
526 697 587 733 scd
612 705 647 733 et
672 695 781 746 hujus
797 704 830 732 et
849 694 1001 732 aliorum
1021 708 1146 746 expers
1172 693 1278 733 vitio-

292 772 371 795 rum
384 787 393 805 ,
411 756 448 794 id
467 770 577 793 unum
597 755 761 804 curabat,
784 764 821 793 ut
838 764 933 793 totus
952 755 1049 793 orbis
1070 755 1156 793 utile
1175 754 1279 806 quid-

292 818 387 870 piam
405 817 592 868 edisceret,
606 816 702 868 quod
712 826 829 869 posset
840 816 943 854 illum
960 831 980 854 a
998 825 1087 854 terra
1102 816 1138 854 in
1153 816 1279 854 caelum

291 877 488 915 transferre.
509 877 663 928 Ideoque
681 890 750 914 non
770 876 922 928 caligine
935 885 968 914 et
978 875 1132 914 tenebris
1146 875 1279 914 doctri-

291 952 374 975 nam
394 952 494 976 suam
520 937 693 987 involvit,
713 946 752 975 ut
770 937 840 985 illi,
863 936 926 988 qui
955 951 1074 989 pravae
1105 936 1277 974 doctrinae

291 1013 363 1037 suae
383 999 636 1038 obscuritatem
667 1013 728 1036 ceu
747 999 869 1037 velum
888 998 1080 1050 quodpiam
1111 997 1277 1035 obtende-

289 1059 403 1107 bant,
430 1058 492 1097 sed
519 1059 629 1111 hujus
660 1058 828 1110 dogmata
856 1067 937 1096 sunt
965 1057 1074 1095 iadiis
1102 1057 1277 1095 solaribus

291 1119 465 1157 claiioia:
485 1119 564 1157 ideo
583 1120 750 1157 omnihus
766 1133 829 1171 per
844 1119 966 1157 orbem
987 1118 1194 1156 hominibus
1210 1132 1276 1169 pa-

291 1172 416 1209 tefacta
435 1181 528 1210 sunt.
558 1174 636 1210 Non
666 1172 760 1209 enim
784 1172 939 1223 quinque
964 1184 1138 1208 annorum
1167 1170 1278 1207 silen-

290 1231 382 1269 tium
397 1232 672 1270 accedentibus
664 1246 777 1283 11npe1
779 1232 880 1278 ahat
900 1238 939 1267 ut
953 1230 1036 1278 ille,
1057 1243 1120 1266 nec
1134 1228 1183 1266 sic
1206 1228 1276 1265 do-

291 1291 410 1340 cebat,
439 1301 479 1329 ut
500 1291 726 1329 insensilibus
746 1290 926 1343 lapidibus
944 1259 1138 1337 assideret3
1167 1301 1278 1339 neque

290 1352 447 1390 numeris
461 1353 579 1390 omnia
597 1352 739 1390 definiri
773 1351 1026 1389 fabulabatur:
1056 1349 1117 1388 sed
1142 1349 1277 1401 abjecta

291 1412 387 1449 omni
408 1412 615 1466 hujusmodi
635 1413 773 1464 ingrata
791 1410 950 1449 doctrina
964 1420 997 1448 et
1011 1409 1166 1464 pernicie
1181 1419 1277 1447 sata-

290 1472 386 1521 nica,
404 1482 538 1510 tantam
556 1472 677 1512 verbis
690 1471 882 1510 admiscuit
904 1471 1125 1521 facilitatem,
1143 1480 1182 1508 ut
1206 1483 1276 1508 non

292 1533 397 1570 modo
420 1534 508 1572 viris
532 1543 565 1571 et
588 1533 825 1585 sapientibus,
843 1532 904 1570 sed
930 1531 1035 1570 etiam
1058 1531 1277 1569 mulierculis

290 1603 324 1631 et
357 1593 635 1633 adolescentibus
664 1594 758 1632 dicta
791 1595 909 1632 onmia
935 1593 1119 1646 perspicua
1153 1602 1276 1632 essent.

288 1653 356 1691 Illa
376 1654 471 1692 enim
483 1669 566 1694 vcra
588 1664 621 1692 et
640 1655 742 1692 utilia
761 1655 938 1692 audituris
961 1669 1033 1692 esse
1052 1653 1276 1692 confirmavit

291 1722 419 1758 totum,
447 1715 544 1766 quod
568 1725 686 1767 postea
718 1725 906 1766 sequutum
927 1724 992 1763 est,
1012 1724 1174 1767 tempus:
1194 1728 1277 1752 nam

291 1782 405 1811 totum
432 1775 478 1812 ad
501 1790 536 1813 se
556 1776 728 1827 pertraxit
745 1777 889 1823 orbem,
911 1784 943 1812 et
975 1775 1020 1813 ab
1046 1776 1142 1814 omni
1164 1775 1278 1813 aliena

292 1834 463 1885 tragoedia
482 1835 593 1873 vitam
614 1845 770 1874 nostram
792 1836 978 1884 liberavit,
1000 1845 1187 1887 postquam
1202 1836 1278 1873 haec

291 1894 539 1933 audita'fuere.
568 1896 792 1948 Quapropter
813 1905 985 1947 quotquot
1007 1896 1083 1934 haec
1094 1896 1276 1947 audimus,

291 1955 446 1993 animam
478 1956 658 1994 effundere
687 1967 851 2009 optamus
871 1957 1012 2009 potius,
1037 1971 1145 2007 quam
1167 1971 1187 1994 a
1216 1956 1280 1994 do-

293 2015 470 2065 gmatibus
489 2016 609 2054 abillo
633 2016 774 2055 traditis
795 2017 1018 2055 absistamus.
1035 2017 1128 2055 Hinc
1142 2031 1225 2068 ergo
1248 2026 1281 2054 et

294 2076 389 2113 omni
404 2090 447 2113 cx
461 2086 560 2128 parte
576 2077 701 2127 liquet,
716 2077 809 2114 nihil
823 2078 1022 2115 humanum
1038 2078 1083 2115 ab
1100 2079 1176 2130 ipso
1190 2108 1199 2126 ,
1221 2077 1282 2114 sed

293 2135 414 2173 divina
437 2145 469 2174 et
488 2137 637 2174 caelestia
651 2151 723 2175 esse
742 2137 922 2188 dogmata,
935 2152 1013 2189 quae
1031 2152 1051 2175 a
1071 2137 1196 2176 divina
1219 2139 1280 2176 illa

294 2195 412 2233 anima
428 2195 474 2233 ad
492 2211 554 2233 nos
573 2207 819 2248 pervenerunt.
841 2199 962 2248 Neque
978 2198 1072 2235 enim
1090 2198 1281 2237 verborum

295 2257 496 2308 strepitum,
516 2270 586 2294 non
614 2257 780 2295 dictionis
799 2258 933 2307 fucum,
963 2272 1076 2309 neque
1099 2258 1279 2296 nominum

293 2316 555 2368 verborumque
579 2327 744 2356 ornatum
774 2327 807 2356 et
839 2318 1130 2370 compositionem
1159 2333 1282 2371 super-

294 2377 403 2414 fluam
417 2377 474 2416 vel
488 2378 651 2416 inutilem
663 2379 865 2418 videbimus
884 2380 982 2428 (haec
1001 2380 1134 2432 quippe
1157 2380 1281 2431 procul

295 2446 374 2474 sunt
384 2437 430 2475 ab
437 2438 532 2475 omni
545 2439 799 2491 philosophia),
811 2438 872 2477 scd
882 2440 955 2478 vim
966 2439 1135 2478 invictam
1143 2449 1175 2477 ct
1186 2439 1282 2478 (livi-

296 2510 391 2545 nam,
404 2507 437 2535 et
455 2507 631 2536 rectorum
644 2499 853 2551 dogmatum
871 2500 1081 2538 immensam
1099 2501 1280 2551 virtutem,

295 2558 679 2609 innumerabiliumque
696 2561 871 2598 bonorum
885 2561 1123 2613 largitionem.
1139 2563 1231 2599 Nam
1246 2562 1282 2600 in

300 2618 553 2670 praedicatione
568 2619 677 2657 nimia
691 2622 880 2660 verborum
900 2623 1084 2661 curiositas
1102 2624 1281 2676 superflua

297 2689 398 2731 esset,
407 2689 441 2718 et
452 2680 619 2732 sophistis
633 2680 741 2731 digna
748 2696 759 2730 ;
773 2682 844 2719 imo
857 2697 926 2720 non
941 2684 1120 2736 sophistis,
1130 2684 1190 2722 sed
1203 2699 1282 2737 pue-

298 2742 347 2780 ris
360 2742 627 2794 insipientibus;
644 2742 692 2779 ita
709 2751 746 2779 ut
770 2743 864 2794 apud
880 2758 937 2782 eos
952 2745 1026 2796 ipse
1046 2746 1282 2799 philosophus

298 2802 477 2840 induceret
485 2803 697 2853 magistrum
710 2817 814 2839 suum
824 2817 929 2853 quem
940 2818 1009 2842 suae
1021 2807 1105 2843 artis
1113 2807 1281 2859 pudebat,

298 2864 432 2914 quique
440 2864 580 2902 dicebat
589 2862 786 2915 judicibus,
802 2863 896 2915 ipsos
909 2864 1091 2904 audituros
1107 2869 1151 2904 al)
1161 2883 1197 2906 se
1210 2882 1283 2906 esse

300 2931 407 2970 verba
421 2932 496 2969 sine
509 2930 673 2978 artificio,
683 2939 715 2967 et
726 2939 764 2967 ut
780 2944 880 2967 casus
895 2930 1183 2983 screbat,prolata
1194 2950 1204 2983 3
1214 2950 1282 2973 non

299 2998 485 3049 exquisitis
514 3006 636 3036 ornata
656 2996 780 3046 dictis,
801 3010 870 3034 non
888 2997 1006 3037 verbis
1027 3007 1059 3035 et
1080 3000 1283 3039 nominibus

344 3146 357 3160 ὃ
379 3134 496 3167 Morel.
514 3139 582 3179 περὶ
600 3139 664 3172 τάς.
679 3133 780 3166 Savil.
799 3139 872 3180 πρὸς
888 3139 952 3172 τάς.
969 3134 1048 3167 Mox
1064 3135 1167 3169 Savil.
1179 3145 1211 3168 et
1226 3139 1301 3170 Mss.

301 3198 383 3229 pene
404 3198 518 3220 omnes
536 3195 677 3232 περιττῆς
703 3190 881 3231 φιλοτιμίας.
895 3185 1013 3218 Morel.
1027 3193 1095 3231 περὶ
1118 3195 1169 3227 τῆς
1190 3193 1306 3235 φιλοσο-

301 3245 375 3284 φίας·
392 3239 484 3271 Infra
505 3238 620 3272 Morel.
639 3246 720 3273 πᾶσα
735 3244 844 3280 μάθοι,
857 3238 958 3272 Savll.
977 3247 1058 3274 πᾶσα
1079 3245 1175 3284 μάθῃ.

346 3292 362 3315 ¹¹
386 3290 531 3331 Quidam
548 3290 672 3323 habent
690 3298 857 3336 φανώτερα-

345 3352 357 3366 ⁰
384 3347 496 3376 ἔσεσθαι
510 3343 640 3384 Morem
658 3346 726 3376 εἶναι
747 3342 846 3375 savit.
863 3342 979 3383 [Paulo
994 3350 1069 3376 ante
1093 3342 1227 3386 quidam
1244 3359 1307 3377 σω-

1287 190 1471 221 Auenti-:P
1481 211 1488 221 .
1527 191 1878 223 CONSTANTINOP-

1350 272 1483 319 θίοπες,
1503 273 1562 310 καὶ
1579 273 1685 325 μυρία
1699 273 1800 327 ἔτερα
1815 275 1893 322 ἔθνη
1910 306 1918 323 ,
1941 278 1987 320 εἷς
2000 276 2061 324 τὴν
2085 279 2196 316 αὐτῶν
2217 283 2367 330 μεταδα-

1348 331 1463 375 λόντες
1484 334 1640 383 γλῶτταν
1655 332 1700 371 τὰ
1717 334 1814 386 παρὰ
1828 335 1946 374 τούτου
1967 336 2125 389 δόγματα
2143 340 2366 392 εἷσαχθέντα,

1348 392 1475 442 ἔμαθον
1501 393 1676 445 ἄνθρωποι
1698 394 1869 448 βάρὸαροι
1883 400 2090 450 φιλοσοφεῖν.

1402 454 1480 490 Οὐκ
1499 453 1567 506 ἄρα
1588 453 1701 504 μάτην
1723 454 1853 506 ἔλεγον,
1882 455 1934 494 ὅτι
1968 459 2060 510 αὐτῷ
2084 459 2222 512 θέατρον
2251 461 2369 513 γέγονε

1349 518 1446 551 πᾶσα
1470 517 1492 560 ἠ
1513 513 1715 565 οἰκουμένη·
1739 516 1776 552 οὖ
1804 515 1871 568 γὰρ
1899 516 1939 563 δὴ
1962 517 2039 562 τοὺς
2058 520 2248 572 ὁμοφύλους
2273 521 2370 573 ἀφεὶς

1347 573 1451 625 ἱ’περὶ
1476 573 1538 617 τὰς
1553 577 1621 612 τῶν
1648 575 1780 626 ἀλόγων
1801 577 2045 626 ἐματαιοπόνει
2065 580 2196 630 φύσεις·
2218 582 2235 620 ὃ
2253 598 2370 634 περιτ-

1350 637 1412 680 τῆς
1444 635 1640 687 φιλοτιμίας
1672 636 1732 674 καὶ
1764 636 1915 688 ἐσχάτης
1942 637 2058 682 ἀνοίας
2079 634 2142 686 ἦν·
2164 641 2253 680 ἀλλὰ
2282 641 2370 692 μετὰ

1351 698 1419 733 τῶν
1436 695 1548 734 ἄλλων
1565 696 1624 734 καὶ
1642 696 1760 735 τούτου
1779 698 1978 751 καθαρεύων
2000 703 2060 737 τοῦ
2082 700 2231 750 πάθους,
2253 702 2287 740 ἓν
2306 703 2371 753 μό-

1350 771 1405 794 νον
1421 756 1640 805 ἓσπούδασεν,
1660 757 1753 801 ὅπως
1774 761 1796 804 ἡ
1817 758 1999 809 οἰκουμένη
2012 767 2109 799 πᾶσα
2125 761 2228 812 μάθοι
2249 779 2283 800 τι
2300 766 2367 801 τῶν

1350 818 1533 871 χρησίμων
1556 818 1616 857 καὶ
1633 818 1827 869 δυναμένων
1856 819 1962 866 αὐτὴν
1990 821 2058 859 ἀπὸ
2086 825 2147 868 τῆς
2174 827 2238 875 γῆς
2265 840 2370 875 μετα-

1351 883 1478 926 στῆσαι
1495 880 1581 932 πρὸς
1606 880 1664 918 τὸν
1689 879 1842 932 οὐρανόν.
1869 880 1936 919 Διὰ
1953 886 2052 920 τοῦτο
2079 882 2154 921 οὐδὲ
2183 884 2274 936 ζόφῳ
2302 884 2370 922 τινὶ

1350 941 1408 980 καὶ
1433 940 1546 994 σκότῳ
1566 941 1709 993 ἔκρυψεν
1730 943 1851 979 ἑαυτοῦ
1866 941 1928 988 τὴν
1950 943 2188 992 διδασκαλίαν,
2210 946 2370 998 καθάπερ

1350 1001 1484 1040 ἐποίουν
1501 1004 1640 1049 ἐκεῖνοι,
1659 1004 1726 1039 τῶν
1749 1001 1841 1039 ἔνδον
1861 1004 2135 1054 ἐναποκειμένων
2162 1008 2279 1043 κακῶν
2306 1005 2370 1053 τὴν

1349 1065 1383 1101 ἐν
1404 1066 1454 1116 τῷ
1471 1062 1582 1114 λέγειν
1599 1061 1766 1114 ἀσάφειαν
1783 1062 1940 1117 καθάπερ
1957 1080 1991 1101 τι
2012 1064 2275 1118 παραπέτασμα
2288 1083 2372 1121 προ-

1350 1123 1558 1174 ὅαλλόμενοι
1574 1138 1581 1146 ·
1605 1122 1696 1161 ἀλλὰ
1723 1122 1768 1161 τὰ
1793 1123 1913 1162 τούτου
1933 1124 2092 1176 δόγματα
2120 1129 2188 1164 τῶν
2215 1129 2370 1174 ἡλιακῶν

1351 1183 1498 1221 ἀκτίνων
1519 1183 1592 1221 ἐστὶ
1620 1182 1882 1237 1’φανερώτερω
1913 1186 1964 1224 διὸ
1996 1187 2056 1224 καὶ
2077 1194 2164 1226 πᾶσι
2190 1194 2260 1232 τοῖς
2280 1188 2372 1227 κατὰ

1349 1243 1412 1291 τὴν
1432 1243 1634 1294 οἰκουμένην
1654 1243 1846 1297 ἀνθρώποις
1867 1245 2081 1292 ἀνήπλωται.
2103 1249 2156 1286 Οὐ
2181 1248 2248 1302 γὰρ
2270 1248 2373 1288 πέντε

1350 1303 1409 1352 ἔτη
1440 1303 1587 1343 κελεύων
1616 1303 1693 1347 τους
1721 1304 1928 1357 προσιόντας
1953 1313 2074 1359 σιγᾷν,
2101 1308 2258 1363 καθάπερ
2287 1313 2373 1348 ἐκεῖ·

1349 1382 1424 1414 νος,
1451 1365 1526 1404 οὐδὲ
1548 1368 1594 1409 ὡς
1631 1366 1851 1413 ἀναισθήτοις
1878 1371 2149 1421 παρακαθησθαι
2172 1369 2297 1418 λίθοις,
2318 1370 2374 1409 06-

1349 1443 1417 1471 τως
1455 1426 1652 1474 ἐδίδασκεν,
1681 1428 1757 1465 ουδὲ
1788 1430 1821 1465 ἐν
1842 1430 2001 1480 ἀριθμοῖς
2033 1433 2120 1466 εἰναι
2147 1430 2186 1468 τὸ
2213 1437 2282 1468 πᾶν
2306 1431 2374 1469 διο-

1351 1487 1524 1540 ριζόιιενος
1564 1488 1789 1540 ἐμυθολόγει·
1826 1490 1902 1526 ἀλλ’
1938 1488 2133 1542 ἀπορῥίὺας
2167 1506 2230 1537 την
2266 1507 2373 1529 σατα-

1350 1547 1448 1595 νικὴν
1475 1547 1602 1595 ταύτην
1633 1547 1756 1595 ἀηδίαν
1791 1549 1928 1588 ἅπασαν
1959 1550 2018 1587 καὶ
2052 1549 2176 1600 λύμαν,
2203 1551 2373 1598 τοσαύτην

1349 1614 1420 1652 τοῖς
1455 1608 1605 1661 ῥήμασιν
1641 1606 1860 1658 ἐγκατέμιξεν
1897 1608 2074 1658 εὐκολίαν,
2100 1613 2147 1654 ὡς
2182 1610 2230 1662 μὴ
2270 1611 2371 1662 αόνον

1352 1668 1539 1721 ἀνδράσι>
1529 1684 1586 1706 ,ιαι
1620 1675 1791 1716 συνετοῖς,
1815 1668 1904 1707 ἀλλὰ
1937 1669 1996 1706 καὶ
2021 1670 2153 1720 γυναιξὶ
2193 1671 2253 1709 καὶ
2287 1671 2375 1716 νέοις

1352 1729 1491 1766 ἅπαντα
1506 1722 1593 1766 εἶναι
1612 1728 1656 1767 τὰ
1668 1729 1839 1781 λεγόμενα
1859 1730 1959 1775 δῆλα.
1975 1728 2182 1770 Ἔπίστευσε
2199 1732 2267 1808 γὰρ
2287 1732 2374 1771 αυτὰ

1354 1791 1465 1836 ἀληθῆ
1481 1805 1518 1826 τε
1534 1793 1641 1826 “etum
1654 1805 1712 1827 και
1728 1790 1890 1843 ’χρήσιμα
1903 1796 1973 1834 τοῖς
1988 1791 2230 1842 ἀκουσομένοις
2244 1793 2373 1832 ἅπασι·

1353 1850 1413 1888 καὶ
1432 1857 1599 1903 μαρτυρεῖ
1617 1859 1686 1895 πᾶς
1704 1855 1721 1890 ὃ
1739 1853 1811 1903 μετ’
1832 1855 1960 1890 ἐκεῖνον
1973 1852 2106 1905 χρόνος.
2120 1852 2235 1900 ς’·Ολην
2251 1871 2289 1892 τε
2307 1855 2375 1909 γὰρ

1353 1911 1439 1964 πρὸς
1461 1912 1580 1950 ἑαυτὸν
1601 1912 1826 1964 ἐφειλκύσατο
1852 1912 1914 1959 τὴν
1943 1913 2158 1963 οἰκουμένην,
2174 1915 2233 1952 καὶ
2260 1915 2375 1963 πάσης

1356 1972 1544 2011 ἀλλοκότου
1573 1973 1767 2027 τραγῳδίας
1791 1974 1848 2012 τὸν
1882 1973 2050 2026 ἡμέτερον
2081 1973 2257 2020 ἀπήλλαξε
2289 1975 2374 2026 βίον,

1357 2033 1445 2084 μετὰ
1464 2033 1526 2080 τὴν
1548 2037 1616 2072 τῶν
1628 2034 1739 2086 λόγων
1753 2032 1904 2072 ὐτούτων
1927 2033 2105 2087 ἀκρόασιν.
2121 2034 2188 2072 Διά
2206 2051 2260 2073 τοι
2278 2040 2378 2075 τοῦτο

1355 2098 1417 2140 τῆς
1444 2095 1559 2146 ψυχῆς
1589 2095 1752 2146 ἑλοίμεθα
1787 2095 1826 2132 ἂν
1862 2098 2026 2140 ἐκστῆναι
2057 2096 2186 2145 μᾶλλον
2215 2098 2246 2133 οἱ
2267 2100 2377 2134 ταῦτα

1357 2154 1552 2203 ἀκούοντες,
1574 2155 1596 2201 ἢ
1618 2158 1685 2193 τῶν
1717 2154 1898 2207 δογμάτων
1918 2157 1986 2192 τῶν
2014 2155 2071 2192 ὑπ’
2103 2154 2231 2193 ἐκείνου
2263 2173 2377 2209 παρα-

1357 2215 1520 2254 δοθέντων
1541 2221 1638 2267 ἧμῖν.
1655 2216 1726 2255 Καὶ
1747 2219 1899 2254 ἐντεῦθεν
1930 2215 2042 2253 τοίνυν
2072 2215 2130 2253 καὶ
2160 2216 2377 2268 πανταχόθεν

1358 2277 1477 2324 δῆλον,
1497 2276 1549 2315 ὅτι
1569 2276 1665 2315 οὐδὲν
1687 2275 1901 2330 ἀνθρώπινον
1923 2278 1991 2313 τῶν
2011 2275 2129 2314 τούτου
2141 2306 2151 2322 ,
2169 2279 2182 2296 ‘³
2196 2276 2286 2314 ἀλλὰ
2305 2277 2379 2315 θεῖά

1357 2353 1394 2375 τε
1414 2337 1472 2375 καὶ
1491 2337 1633 2391 οὐράνιά
1655 2340 1728 2376 ἐστι
1752 2336 1951 2389 διδάγματα
1967 2335 2011 2374 τὰ
2028 2335 2084 2374 διὰ
2106 2339 2168 2382 τῆς
2190 2336 2281 2380 θείας
2297 2337 2379 2375 ταύ·

1355 2414 1417 2445 της
1439 2401 1486 2441 εἷς
1504 2402 1597 2449 ἡμᾶς
1625 2397 1767 2436 ἐλθόντα
1786 2400 1911 2450 ψυχῆς.
1927 2398 1980 2434 Οὐ
2013 2396 2080 2449 γὰρ
2107 2396 2233 2435 κτύπον
2266 2397 2379 2448 ῥημά-

1355 2474 1436 2506 των,
1453 2458 1528 2496 οὓδὲ
1557 2458 1680 2502 λέξεως
1696 2459 1843 2509 κόμπον,
1866 2456 1942 2495 οὐδὲ
1975 2457 2153 2507 ὀνομάτων
2176 2457 2235 2494 καὶ
2266 2456 2379 2508 ῥημά-

1355 2535 1422 2556 των
1440 2518 1568 2569 κόσμον
1586 2519 1645 2557 καὶ
1667 2518 1839 2565 συνθήκην
1858 2516 2013 2569 ὀψόμεθα
2035 2516 2198 2569 περιττὴν
2217 2516 2278 2554 καὶ
2297 2516 2380 2554 ἀνό-

1355 2594 1457 2627 νητον
1481 2579 1620 2632 (πόῤῥω
1649 2578 1717 2632 γὰρ
1739 2584 1849 2617 ταῦτα
1869 2577 2069 2630 φιλοσοφίας
2097 2576 2273 2628 ἁπάσης),
2301 2579 2377 2615 ἀλλ’

1357 2640 1455 2692 ἷσχυν
1478 2640 1615 2692 ἀμαγον
1635 2639 1694 2677 καὶ
1725 2639 1830 2686 θείαν,
1858 2654 1916 2676 και
1947 2639 2128 2690 δογμάτων
2149 2640 2257 2690 ὂρθων
2288 2638 2380 2688 ἀμή-

1354 2717 1459 2754 γανον
1480 2701 1642 2752 δύναμιν,
1662 2716 1722 2739 και
1739 2698 1868 2752 μυρίων
1891 2701 2028 2749 ἀγαθων
2045 2698 2225 2750 χορηγίαν.
2250 2697 2294 2735 ‘H
2312 2698 2378 2772 γὰρ

1354 2763 1446 2802 κατὰ
1471 2762 1533 2810 τὴν
1555 2761 1770 2813 ἀπαγγελίαν
1785 2759 1966 2812 περιεργία
1984 2758 2073 2798 οὕτω
2090 2758 2234 2810 περιττὴ
2255 2763 2297 2805 ἠν
2319 2775 2378 2797 και

1356 2838 1525 2876 σοφιστων
1549 2822 1647 2869 ἀξία,
1672 2821 1841 2872 μᾶλλον
1823 2819 1859 2857 οὲ
1884 2819 1958 2858 ουδὲ
1990 2834 2174 2870 σοφιστων,
2194 2818 2283 2856 ἀλλὰ
2306 2835 2379 2869 μει-

1357 2883 1483 2937 ρακίων
1505 2881 1672 2929 ἀνοήτων,
1689 2883 1735 2923 ὡς
1754 2880 1813 2918 καὶι
1836 2879 1938 2918 αὐτὸν
1958 2879 2015 2917 τὸν
2034 2879 2117 2931 παρ’
2138 2879 2253 2922 αὐτοῖς
2275 2879 2377 2931 φιλό-

1355 2959 1455 2996 σοφον
1487 2944 1680 2993 εἰσαγαγεῖν
1712 2941 1769 2978 τὸν
1800 2939 2007 2978 διδάσκαλον
2034 2939 2091 2977 τὸν
2126 2941 2228 2977 αὐτοῦ
2248 2939 2378 2991 σφόδρα

1357 3001 1648 3055 ἐπαισχυνόμενον
1679 2999 1786 3052 ταύτῃ
1814 3003 1856 3051 τῇ
1886 2998 2012 3051 τέχνῃ,
2047 2999 2106 3036 καὶ
2134 2998 2278 3049 λέγοντα
2309 3005 2378 3048 τοῖς

1373 3149 1466 3182 ετοίς,
1484 3140 1606 3173 omisso
1626 3138 1701 3183 καί.]

1414 3192 1431 3216 <¹
1456 3195 1565 3227 τούτων
1581 3198 1732 3237 ἀκρόασιν,
1746 3190 1792 3222 sic
1813 3189 1914 3223 Savil.
1931 3197 1963 3222 et
1983 3200 2097 3222 omnes
2113 3200 2195 3232 pene
2210 3190 2286 3222 Mss.
2306 3190 2377 3223 Mo-

1375 3241 1430 3274 l'el·
1447 3247 1558 3277 τούτων
1573 3246 1770 3285 ἀπαγγελίαν.

1417 3303 1429 3318 ⁰
1455 3294 1515 3327 Alii
1532 3297 1611 3328 ἀλλὰ
1628 3298 1690 3328 θεῖά
1706 3307 1771 3327 τινα
1788 3297 1835 3326 καὶ
1855 3295 1975 3337 οὐράνια
1988 3297 2026 3326 τὸ,
2041 3295 2220 3334 διδάγματα.
