2507 3673
967 233 1024 262 DE
1061 231 1208 261 cmco.

2024 239 2104 279 72¹

43 331 160 355 censes
175 327 206 355 et
226 316 272 355 ad
285 317 419 354 circum
439 314 672 366 pertineiites3
695 314 859 366 euripum
876 327 1001 365 nempe
1023 320 1205 360 memorat,
1218 310 1338 347 albam
1358 309 1500 358 lineam,
1515 324 1560 347 ex
1578 324 1648 360 qua
1664 324 1789 350 cursus
1809 313 2060 364 incipiebatur,
2083 326 2117 353 et

41 380 296 432 sphendoneui,
317 393 390 429 quo
417 377 599 415 desinebat
628 390 763 414 cursus.
785 376 925 414 Deinde
953 389 1056 414 voces
1081 373 1296 425 κομὸινεύειν
1318 381 1351 410 ct
1371 372 1634 423 κομὸινεύματα
1668 373 1783 421 affert,
1798 388 1877 424 quae
1893 377 2033 426 parium
2050 378 2117 415 cir·

39 443 195 480 censium
209 439 609 493 equorumjunctionem
630 439 844 490 significant.
869 440 960 487 Quae
979 439 1050 475 fere
1075 450 1196 475 omnes
1208 449 1311 474 voces
1325 434 1422 487 apud
1440 435 1630 487 scriptores
1649 435 1806 473 historiae
1844 437 2047 489 Byzantinae
2061 455 2119 477 oc-

40 515 200 542 currunt.
224 505 308 542 llaec
322 517 391 541 una
407 517 511 540 causa
533 503 599 540 fuit
619 517 681 540 cur
698 512 770 540 tam
786 502 960 540 insulsum
979 499 1194 552 opusculum
1214 507 1266 536 tot
1286 498 1378 536 notis
1405 498 1627 536 illustratum
1648 499 1766 536 fuerit.
1782 499 2004 551 Bulengeius
2024 516 2119 539 com-

39 568 251 605 mentarium
271 567 305 604 in
328 567 419 604 hane
438 565 644 604 Orationem
665 565 778 603 edidit
804 565 839 602 in
863 564 957 601 libro
974 577 1038 600 suo
1060 561 1104 599 de
1126 561 1246 608 Circo,
1266 561 1363 613 quod
1377 560 1520 613 longius
1533 570 1621 599 esset
1638 562 1696 600 hic
1716 563 1855 601 referre.
1877 563 2121 615 Eamdemque

38 629 154 682 ipsam
173 631 366 669 orationem
386 632 510 669 Graece
524 643 604 667 cum
619 629 744 666 Latina
761 641 823 666 sua
843 625 1130 678 interpretatione
1145 623 1270 662 edidit.

281 873 298 891 *
313 874 375 915 Εἷς
398 871 437 909 τὸ
466 870 693 924 ἱπποδρόμιον
712 869 823 922 λόγος.

92 995 240 1033 Στάδιον
262 998 346 1045 ἡμῖν
367 993 518 1045 σήμερον
533 994 768 1044 πνευματικὸν
787 993 846 1031 καὶ
867 992 992 1046 δρόμος
1010 995 1065 1032 οὗ·

41 1048 153 1099 ράνιος
171 1047 327 1100 ξιἀνέῳγε
353 1053 424 1090 τοῖς
454 1047 601 1097 ἑτοίμως
632 1046 719 1098 πρὸς
751 1046 813 1092 τὴν
843 1046 987 1098 θεωρίαν
1004 1050 1064 1085 τοῦ

38 1100 234 1151 πνεύματος
249 1100 400 1152 ἔχουσιν,
423 1103 461 1138 οὐ
484 1099 574 1137 κατὰ
601 1099 658 1137 τὸν
676 1101 716 1137 ἐκ
734 1103 797 1149 γῆς
817 1099 953 1151 χοϊκον,
975 1099 1064 1137 ἀλλὰ

38 1153 130 1191 κατὰ
159 1153 216 1191 τὸν
237 1157 296 1191 τοῦ
321 1153 518 1204 πνεύματος
546 1152 745 1204 ἐπουράνιον
782 1152 981 1205 ἄνθρωπον·
1009 1153 1062 1204 ἐφ’

36 1200 65 1258 ᾧ
82 1207 132 1244 δεῖ
158 1205 320 1258 ι’τρέχειν
353 1205 415 1256 μὲν
443 1206 534 1243 κατὰ
550 1204 613 1250 τὴν
640 1209 703 1256 γῆν
717 1233 727 1250 ,
747 1210 887 1243 σκοπεῖν
908 1205 943 1244 δὲ
971 1205 1064 1244 κατὰ

37 1262 96 1297 ταῦ
125 1261 282 1310 οὐρανοῦ.
310 1261 424 1297 Τοῦτο
452 1257 635 1310 προήχθην
654 1260 837 1309 ἱστορῆσαι
861 1258 946 1310 πρὸς
971 1259 1062 1310 ἔλεγ-

36 1328 97 1363 χον
132 1315 200 1349 τῶν
229 1312 500 1363 φιλοθεαμόνων,
518 1313 586 1348 τῶν
600 1311 640 1348 τὸ
664 1311 898 1361 πνευματικὸν
917 1315 979 1358 τῆς
999 1329 1064 1351 σω-

35 1364 156 1415 τηρίας
173 1363 337 1416 θεώρημα
350 1362 597 1416 παρορώντων,
615 1364 697 1401 εἰκαὶ
714 1364 753 1401 τὸ
773 1364 972 1413 σωματικὸν
1003 1369 1065 1411 τῆς

35 1416 203 1468 πονηρίας
228 1416 470 1467 ἱπποδρόμιον,
486 1417 618 1466 μᾶλλον
636 1415 670 1452 δὲ
691 1416 962 1468 σατανοδρόμιον
979 1433 1064 1468 προ-

35 1470 242 1520 τιμούντων.
262 1468 399 1520 Θεώρει
426 1468 461 1505 δὲ
483 1468 697 1515 σπουδαίως,
726 1469 885 1519 ἀγαπητὲ
900 1499 908 1512 ,
932 1471 1063 1519 μᾶλλον

35 1523 74 1560 τὸ
86 1525 148 1569 τῆς
164 1521 377 1569 Ἔκκλησίας
391 1521 594 1572 ἀπερίεργον
614 1522 856 1572 ἱπποδρόμιον,
867 1520 946 1558 ἔνθα
961 1523 1061 1560 Παῦ-

34 1577 90 1618 λος
127 1574 350 1626 ἀγωνίζεται,
383 1575 446 1611 οὖκ
485 1574 624 1626 εὐρίπου
650 1573 709 1611 καὶ
738 1573 888 1623 κάμπων
916 1574 1060 1620 κύκλους

33 1627 179 1680 τρέμον,
212 1629 286 1665 ἀλλ’
310 1627 378 1665 ἀπὸ
397 1625 626 1677 Ἰερουσαλὴμ
646 1626 762 1679 κύκλῳ
789 1625 893 1678 μέχρι
913 1633 972 1666 τοῦ
993 1628 1060 1666 Ἰλ-

32 1682 173 1730 λυρικοῦ
204 1681 387 1731 ἐκπληρῶν
410 1680 448 1718 τὸ
472 1679 668 1730 εὐαγγέλιον
690 1683 748 1717 τοῦ
782 1680 953 1731 Χριστοῦ·
980 1680 1060 1720 ἔνθα

31 1735 47 1770 ὁ
76 1732 201 1776 Ἠλίας
236 1736 392 1784 ἡνιοχεῖ,
422 1732 502 1785 περὶ
534 1729 572 1771 οῧ
603 1733 756 1783 εἴρηται·
786 1732 907 1783 ἅρμα,
942 1733 1058 1786 ἅρμα,

30 1785 149 1838 ἡνίοχε
189 1790 248 1823 τοῦ
289 1785 435 1836 Ἰσραὴλ
450 1814 459 1830 ,
496 1786 555 1823 καὶ
586 1784 709 1829 ἱππεὺς
741 1787 861 1823 αὐτοῦ·
896 1786 956 1824 οὐκ
990 1787 1059 1825 ἀπὸ

29 1839 155 1885 λευκῆς
174 1838 232 1876 ἐπὶ
258 1838 423 1890 σφενδόνα
445 1839 694 1889 μιλιοδρομῶν,
720 1839 794 1877 ἀλλ’
816 1838 885 1876 ἀπὸ
921 1842 984 1889 γῆς
1010 1842 1058 1884 εἷς

29 1892 170 1943 οὐρανὸν
190 1891 332 1942 πυρίνου
354 1891 508 1944 ἅρματος
525 1892 770 1941 κατατολμῶν,
795 1891 876 1929 ἔνθα
903 1892 985 1935 λαὸς
1003 1894 1057 1930 οὐ·

31 1946 265 1995 ρανοπολιτῶν
294 1944 351 1982 ἐπὶ
381 1944 444 1989 τὴν
476 1944 620 1995 Θεωρίαν
652 1943 818 1992 πάρεστι,
846 1944 906 1981 καὶ
935 1944 1056 1996 κριτὴς

28 1997 262 2046 πνευματικὸς
296 1997 498 2044 καθέζεται,
532 1997 591 2035 καὶ
627 1995 787 2047 βασιλεὺς
824 2000 964 2048 Οεωρεῖ,
997 1998 1055 2035 καὶ

27 2050 195 2088 ἐπινίκιον
215 2050 370 2102 οὐράνιον
395 2050 501 2099 ’δῶρον
521 2049 673 2094 τίθεται,
703 2049 762 2087 καὶ
799 2050 964 2101 μάστιγες
991 2066 1054 2102 φο-

27 2101 130 2153 6ερᾶς
158 2102 304 2152 κρίσεως
334 2101 547 2153 πρόκεινται.
583 2101 750 2140 Βούλεταί
773 2117 811 2140 σε
841 2105 859 2139 ὁ
889 2103 977 2146 Θεὸς
1008 2104 1052 2141 δι’

27 2156 150 2194 ἑαυτοῦ
170 2155 409 2206 ἀγωνίζεσθαι.
424 2153 487 2191 Διὸ
503 2155 562 2192 καὶ
579 2154 707 2208 δέδωκέ
722 2170 774 2193 σοι
792 2155 830 2192 τὸ
847 2158 916 2192 τῶν
936 2156 1053 2207 Εὐαγ-

25 2207 148 2257 γελίων
168 2208 405 2259 εἴτιετρείθηρον
427 2207 546 2259 ἅρμα,
575 2209 608 2245 ἐν
631 2210 659 2259 ᾡ
680 2206 811 2259 ἅρματι
836 2206 937 2245 ἵπποι
971 2210 1052 2246 λευ-

22 2259 77 2297 κοὶ
106 2260 197 2298 κατὰ
218 2261 275 2299 τὸν
297 2259 502 2312 Ζαχαρίαν·
525 2263 657 2310 ζυγαῖοι
692 2259 754 2310 μὲν
779 2263 851 2312 φῶς
878 2260 938 2297 καὶ
965 2263 1050 2299 ἀθα-

22 2312 141 2360 νασία,
177 2315 366 2367 ἀκροτῆρες
401 2313 600 2359 δικαιοσύνη
631 2311 690 2350 καὶ
721 2313 891 2359 ἀλήθεια,
924 2315 955 2352 οἱ
979 2330 1049 2352 πο-

22 2365 198 2416 ρευόμενοι
232 2366 527 2418 κατόπισθενυτοῦ
555 2365 710 2416 ἅρματος
731 2370 790 2403 τοῦ
815 2366 1048 2416 πορευομένου

18 2419 67 2460 εἷς
87 2421 151 2469 γῆν
174 2421 302 2470 βορρᾶ
325 2418 405 2469 περὶ
425 2421 462 2454 οὓ
482 2417 575 2468 λέγει
594 2421 616 2463 ἡ
634 2417 748 2468 Σοφία
764 2449 773 2466 ,
808 2418 968 2469 Σκληρός
997 2435 1049 2464 τις

17 2470 142 2520 ἄνεμος
169 2473 314 2522 βορρᾶς·
334 2470 483 2520 σκληρὸν
502 2470 570 2520 γὰρ
591 2471 726 2516 ἀληθῶς
745 2475 884 2520 πνεῦμα
908 2471 968 2508 καὶ
984 2487 1048 2509 πο-

15 2523 118 2574 νηρὸν
148 2526 165 2560 ὁ
197 2522 368 2564 διάὲολος.
394 2521 455 2560 Ἐν
476 2522 611 2572 ἅρματι
632 2523 732 2559 αὐτοῦ
760 2522 861 2560 ἵπποι
881 2522 1047 2573 μέλανες·

17 2574 193 2624 ὑποζύγιοι
215 2574 275 2625 μὲν
296 2577 313 2612 ὃ
330 2575 414 2626 ᾅδης
431 2575 490 2612 καὶ
514 2574 678 2620 Θάνατος,
695 2575 885 2627 ἀκροτῆρες
907 2574 942 2612 δὲ
963 2576 1045 2612 σκό-

18 2642 76 2669 τος
93 2627 152 2664 καὶ
180 2627 336 2664 ἀπώλεια
349 2657 358 2674 ,
378 2626 435 2669 οὒς
460 2628 509 2665 δεῖ
531 2630 750 2678 καΟηνιοχεῖν
770 2630 820 2678 τῷ
841 2627 972 2678 ἅρματι
987 2633 1047 2667 τοῦ

20 2681 174 2730 Χριστοῦ
190 2694 197 2701 ·
223 2679 275 2717 ὅτι
303 2680 354 2717 Τὸ
374 2679 488 2732 ἅρμα,
508 2680 592 2731 φησὶ
609 2708 619 2723 ,
639 2682 698 2716 τοῦ
719 2680 829 2724 Θεοῦ,
851 2680 1045 2730 μυριοπλά-

21 2747 93 2770 σιον
113 2761 122 2778 ,
157 2732 313 2784 χιλιάδες
346 2731 573 2780 εὐθυνόντων,
596 2731 652 2775 οὒς
687 2731 738 2770 δεῖ
762 2735 982 2783 καθηνιοχεῖν
1015 2734 1047 2770 ἐν

18 2790 93 2826 ταῖς
112 2784 311 2836 τρικυμίαις
329 2787 388 2822 τοῦ
418 2784 491 2835 βίου
505 2815 513 2829 ,
535 2787 580 2826 ὡς
601 2787 634 2822 ἐν
655 2784 826 2833 Θαλάσσῃ.
854 2784 1046 2822 'En-efflem-

20 2852 77 2874 σεν
91 2836 158 2889 γὰρ
175 2840 222 2880 εἰς
241 2836 417 2875 θάλασσαν
441 2836 519 2880 τοὺς
538 2836 666 2880 ἵππους
684 2839 787 2875 αὐτοῦ
810 2836 1047 2888 ταράττοντας

59 2986 75 3001 ⁸
100 2983 229 3016 Collata
247 2993 323 3014 cum
337 2981 460 3015 Codice
476 2984 578 3026 Regio
593 2980 800 3027 bombycino
817 2993 909 3014 num.
925 2983 1024 3022 2553,

14 3043 47 3067 et
73 3046 149 3067 cum
171 3034 277 3066 altero
299 3033 478 3076 exemplari
500 3046 562 3066 ms.
592 3035 793 3076 recentiore,
811 3032 901 3076 quod
927 3045 1026 3076 penes

12 3098 73 3120 nos
88 3094 149 3118 est.

54 3149 68 3164 ὃ
91 3137 204 3171 Codex
224 3147 306 3168 unus
319 3139 434 3180 ἡνέῳγε.

56 3193 72 3217 b
98 3192 171 3222 Duo
187 3190 264 3221 Mss.
284 3195 400 3234 τρέχειν
414 3202 466 3231 με.

57 3255 70 3268 ¹=
94 3245 168 3275 Duo
193 3243 270 3274 Mss.
289 3247 337 3275 καὶ
362 3247 396 3275 τὸ
421 3246 633 3282 πνευματικά-ι,
660 3241 770 3272 minus
797 3247 896 3272 recte.
922 3239 1023 3272 Paulo

12 3303 89 3339 post
111 3294 212 3328 Savil.
231 3301 264 3326 el.
280 3292 395 3327 Morel.
413 3295 637 3339 προτιμώντων
654 3297 782 3335 θεωρεῖν.
808 3298 864 3327 ποῦ
887 3296 917 3326 δὲ
934 3308 1022 3327 σπου-

13 3352 111 3386 δαίως,
129 3350 282 3389 ἀγαπητὲ,
297 3349 425 3388 μᾶλλον.
447 3343 536 3376 Hinc
558 3354 616 3386 per
632 3345 805 3376 asteriscos
823 3343 950 3376 hiatum
967 3356 1024 3376 ex-

16 3399 150 3442 hibent,
170 3398 224 3431 ubi
249 3400 282 3431 in
308 3399 382 3430 Mss.
403 3396 534 3429 duobus
573 3395 679 3428 nullus
705 3394 814 3427 hiatus
846 3407 905 3428 nec
932 3395 1028 3439 quid-

1455 872 1589 908 Oratio
1611 870 1658 908 de
1679 872 1803 910 Circo.

1187 992 1353 1031 Stadium
1369 993 1472 1031 nobis
1491 993 1596 1031 hodie
1623 994 1810 1046 spirituale
1825 1005 1858 1033 et
1879 1010 2001 1034 cursus
2020 997 2121 1034 caele-

1133 1045 1196 1083 stis
1211 1054 1354 1097 apertus
1368 1055 1419 1083 est
1436 1047 1490 1094 iis,
1503 1046 1563 1097 qui
1577 1046 1623 1084 ad
1639 1047 1786 1099 spiritus
1802 1049 2040 1100 spectaculum
2058 1065 2121 1102 pa-

1134 1098 1202 1136 rati
1217 1107 1321 1147 sunt3
1339 1113 1408 1136 non
1427 1099 1623 1137 secundum
1648 1101 1826 1138 hominem
1841 1101 1886 1139 de
1901 1111 1991 1139 terra
2016 1112 2121 1140 terre-

1134 1165 1233 1199 num,
1248 1151 1309 1188 sed
1337 1152 1533 1190 secundum
1565 1153 1746 1191 hominem
1770 1154 1989 1206 spiritualem
2007 1165 2040 1193 et
2059 1169 2123 1192 cae-

1134 1204 1258 1241 lestcm
1275 1219 1283 1240 :
1301 1204 1363 1249 uhi
1387 1205 1601 1243 currendum
1625 1206 1770 1256 quidem
1807 1216 1857 1244 est
1876 1207 1911 1244 in
1932 1217 2038 1257 terra,
2059 1209 2122 1246 sed

1085 1280 1115 1304 33
1135 1256 1365 1308 spectandum
1382 1267 1431 1295 est
1446 1258 1586 1296 caelum.
1602 1259 1677 1296 Hoc
1687 1260 1910 1297 tractandum
1922 1261 2073 1312 suscepi,
2083 1270 2122 1298 ut

1087 1317 1112 1346 Α
1135 1309 1416 1360 spectaculorum
1427 1321 1584 1349 amantes
1594 1312 1855 1363 redarguerem,
1867 1313 1928 1364 qui
1940 1313 2122 1365 spirituale

1134 1362 1260 1399 salutis
1280 1364 1520 1414 spectaculum
1536 1364 1750 1416 despiciunt,
1769 1374 1801 1402 et
1815 1366 2033 1417 corporalem
2054 1380 2118 1403 ne-

1134 1414 1256 1464 quitize
1280 1414 1569 1467 hippodromum,
1593 1432 1653 1454 seu
1681 1418 1800 1469 potius
1831 1419 2120 1456 satanodromum

1135 1466 1203 1517 ipsi
1231 1475 1462 1519 anteponunt.
1487 1470 1545 1506 Tu
1565 1484 1662 1513 vero.
1682 1470 1824 1515 dilecte,
1846 1470 2035 1522 diligenter
2054 1486 2120 1523 po—

1133 1521 1205 1556 tius
1222 1520 1457 1570 tranquillum
1473 1521 1574 1558 illum
1596 1523 1762 1560 Ecclesiae
1776 1523 2053 1574 hippodromum
2067 1525 2119 1562 in-

1133 1579 1244 1621 tuere,
1263 1572 1324 1609 ubi
1356 1573 1489 1611 Paulus
1514 1574 1682 1624 decertat,
1702 1589 1771 1612 non
1791 1576 1905 1627 euripi
1926 1585 1958 1613 et
1977 1591 2119 1629 campo-

1133 1638 1213 1662 rum
1235 1625 1338 1662 orbes
1359 1626 1563 1677 decurrens,
1589 1627 1649 1665 sed
1665 1642 1684 1665 a
1699 1628 1922 1681 Jerosolyma
1942 1643 2053 1680 usque
2073 1631 2118 1668 ad

1131 1677 1322 1729 Illyricum
1343 1678 1620 1731 circumquaque
1642 1681 1867 1732 evangelium
1888 1682 1992 1734 pleno
2010 1696 2115 1721 cursu
2134 1685 2219 1714 Rom.
2252 1687 2295 1715 ¹5·

1130 1730 1329 1781 praedicans
1348 1747 1355 1768 :
1374 1732 1436 1769 nbi
1458 1732 1558 1770 Elias
1575 1735 1837 1771 currumillum
1856 1734 1966 1783 ducit,
1983 1735 2026 1772 de
2045 1750 2115 1786 quo
2135 1735 2180 1766 ¹9·

1130 1782 1267 1821 dictum
1280 1794 1330 1822 est
1344 1801 1351 1820 :
1367 1785 1513 1834 Currus,
1530 1800 1669 1835 currus,
1683 1788 1806 1838 auriga
1825 1788 1947 1836 Israel,
1963 1797 1996 1825 et
2011 1802 2114 1838 eques
2129 1793 2159 1828 4-
2174 1792 2251 1827 Reg.
2273 1801 2302 1820 2-

1130 1836 1206 1886 ejus
1225 1852 1232 1872 :
1251 1851 1320 1875 non
1340 1852 1358 1876 a
1379 1838 1471 1875 linea
1497 1839 1577 1876 alba
1597 1839 1641 1877 ad
1661 1842 1679 1859 *
1693 1839 1935 1892 sphendonem
1962 1841 2115 1880 milliare
2134 1841 2190 1884 ¹²⁴.

1129 1887 1330 1938 decurrens,
1344 1890 1404 1928 sed
1420 1906 1440 1928 a
1458 1900 1550 1928 terra
1569 1892 1616 1929 ad
1631 1893 1756 1930 caelum
1772 1894 1807 1930 in
1821 1907 1927 1931 curru
1946 1893 2047 1945 igneo
2060 1904 2113 1933 at-
2128 1915 2184 1942 do„

1128 1941 1264 1992 tingere
1282 1952 1419 1981 tentans
1440 1959 1448 1979 ε
1467 1944 1530 1981 ubi
1544 1945 1689 1983 caelestis
1705 1946 1857 1998 populus
1874 1946 1921 1984 ad
1933 1956 2112 1998 spectacu-
2127 1967 2175 1983 cus

1127 1993 1205 2031 lum
1219 1995 1332 2045 adest,
1354 2005 1386 2033 et
1401 1996 1521 2035 Jndex
1538 1997 1734 2048 spiritualis
1753 1999 1858 2043 sedet,
1871 2000 2018 2050 Resque
2032 2014 2111 2038 con·
2128 2004 2245 2050 ⁰¹⁸¹?m·
2261 1998 2317 2024 Υἱ-

1127 2047 1331 2099 templatur,
1351 2062 1391 2086 ac
1406 2049 1565 2086 victoriae
1588 2051 1776 2101 praemium
1799 2051 1933 2089 caeleste
1955 2053 2109 2103 positum
2126 2041 2161 2067 ‘¹⁰
2176 2040 2313 2076 l'¹¹¹⁸¹'3⁸'

2205 1874 2318 1910 Sphen-

2209 1916 2316 1942 estlo-

2241 1967 2316 1984 cuca

2127 2092 2140 2107 1·
2145 2092 2159 2107 U
2165 2092 2191 2108 nl

1079 2109 1102 2138 B
1128 2109 1201 2147 est,
1231 2101 1443 2152 flagellaque
1470 2102 1644 2139 tremendi
1666 2103 1798 2154 judicii
1825 2113 1998 2155 prostant.
2021 2106 2112 2143 Vult
2198 2102 2204 2108 ’

1126 2153 1223 2190 Deus
1243 2163 1282 2191 ut
1303 2164 1447 2206 propter
1473 2154 1593 2206 ipsum
1622 2155 1790 2193 decertes.
1809 2156 1892 2193 Ideo
1920 2157 2019 2195 dedit
2044 2157 2112 2195 tibi

1125 2204 1405 2257 Evangeliorum
1431 2217 1585 2258 quatuor
1611 2208 2005 2260 animalibusjunctum
2024 2224 2109 2247 cur-

1123 2272 1205 2295 rum
1222 2274 1230 2294 :
1246 2259 1303 2296 cui
1325 2260 1445 2297 currui
1466 2260 1547 2310 equi
1572 2261 1715 2298 candidi
1731 2262 1846 2313 juncti
1869 2272 1963 2311 sunt,
1985 2276 2109 2300 secun-

1122 2309 1210 2348 dum
1232 2311 1453 2349 Zachariam.
1470 2313 1617 2364 Jugales
1636 2323 1730 2361 sunt,
1750 2314 1815 2352 lux
1836 2324 1868 2352 et
1890 2314 2105 2352 immortali-
2122 2309 2216 2337 Z“‘''‘·
2237 2308 2268 2337 δ’

1122 2371 1175 2401 tas
1198 2379 1205 2399 :
1229 2365 1392 2413 extremi,
1407 2366 1550 2417 justitia
1576 2376 1609 2403 et
1633 2367 1763 2404 veritas
1789 2383 1796 2402 :
1819 2381 1898 2417 quae
1924 2376 2006 2405 eunt
2028 2378 2109 2419 post

1122 2429 1267 2454 currum
1280 2427 1482 2469 pergentem
1496 2418 1531 2455 in
1553 2427 1684 2456 terram
1700 2420 1894 2470 aquilonis;
1908 2419 2032 2471 dequo
2050 2420 2106 2457 di-

1122 2468 1170 2506 cit
1194 2470 1374 2522 Sapientia
1398 2486 1406 2506 :
1432 2472 1576 2508 Ventus
1602 2485 1716 2522 asper
1740 2481 1796 2509 est
1818 2474 1950 2510 boreas
1971 2489 1981 2508 .·
2004 2487 2107 2525 asper

1122 2521 1217 2558 enim
1249 2522 1395 2573 spiritus
1423 2532 1528 2573 atque
1552 2524 1750 2574 malignus,
1779 2524 1944 2562 diabolus
1971 2535 2035 2563 est.
2063 2527 2105 2563 In

1120 2587 1227 2610 curru
1247 2576 1323 2626 ejus
1344 2574 1425 2625 equi
1447 2575 1515 2613 atri
1534 2591 1541 2611 ε
1561 2576 1765 2627 subjugales
1785 2586 1878 2626 sunt,
1895 2578 2052 2616 infernus
2072 2588 2106 2616 et

1119 2639 1215 2663 mors
1224 2641 1235 2675 ;
1252 2627 1418 2676 extremi,
1435 2626 1587 2665 tenebrae>
1602 2638 1635 2666 et
1652 2629 1824 2680 pernicies
1841 2646 1849 2666 :
1865 2645 1954 2682 quos
1966 2640 2104 2683 oportet

1119 2679 1252 2730 opponi
1283 2680 1403 2717 currui
1435 2680 1581 2718 Christi.
1607 2683 1752 2719 Currus
1773 2684 1864 2729 Dei,
1889 2683 2016 2734 inquit,
2039 2685 2104 2721 de-
2124 2702 2206 2731 Psal.
2223 2701 2274 2740 (57,

1119 2744 1200 2767 cem
1232 2732 1405 2769 millibus
1435 2734 1660 2784 multiplex,
1694 2735 1822 2772 millia
1847 2736 2064 2774 loetantium
2090 2752 2101 2773 .·
2123 2743 2168 2771 18.

1119 2783 1182 2832 qui
1212 2784 1412 2835 opponendi
1433 2795 1515 2823 sunt
1533 2785 1642 2837 hujus
1659 2786 1742 2824 vitae
1759 2788 1926 2839 procellis
1944 2803 2007 2827 ceu
2028 2803 2103 2826 ma-
2118 2799 2235 2828 Halmc.
2250 2803 2283 2830 3.

1119 2835 1207 2873 rinis
1232 2837 1510 2889 tempestatibus.
1533 2838 1695 2877 Deduxit
1714 2841 1807 2878 enim
1827 2841 1862 2878 in
1882 2856 1979 2880 mare
1996 2856 2104 2893 equos
2123 2839 2170 2869 ¹5·

2123 2465 2208 2494 Ρι-υτ.
2236 2476 2286 2507 27.

2125 2509 2170 2538 16-

1090 2983 1181 3024 piam
1205 2981 1259 3014 hic
1275 2982 1308 3014 in
1324 2984 1405 3015 serie
1425 2982 1643 3023 desideratur,
1659 2983 1684 3016 si
1710 2993 1873 3027 punctum
1899 2998 2004 3028 ponas
2026 2997 2102 3030 post

1095 3038 1371 3079 προτιμοὺντων,ει
1386 3042 1502 3077 postea
1518 3034 1605 3078 legas
1619 3041 1738 3082 θεώρει,
1752 3039 1832 3070 utin
1844 3039 1920 3073 Mss.
1940 3038 2098 3074 habetur:

1091 3092 1147 3120 ποῦ
1169 3094 1281 3118 tamen
1301 3094 1378 3119 ante
1402 3090 1434 3120 Ze·
1457 3087 1657 3130 superfluum
1675 3089 1818 3122 videtur.
1836 3091 1928 3122 Infra
1945 3091 2036 3124 Editi
2053 3098 2101 3126 καὶ

1091 3143 1218 3181 κάμπῳ,
1236 3138 1312 3170 MSS·
1332 3144 1380 3172 καὶ
1395 3144 1522 3181 κάμπων
1538 3139 1666 3174 melius.

1134 3191 1150 3214 b
1175 3190 1252 3222 Mss.
1283 3196 1478 3236 τετράθυρον.
1505 3190 1567 3223 Alii
1595 3191 1769 3236 legendum
1792 3201 1912 3235 putant
1937 3200 2098 3240 τετράοροι

1089 3241 1192 3284 [recte
1210 3241 1326 3284 procul
1341 3242 1456 3274 dubio.
1477 3245 1603 3275 Iterum
1626 3244 1710 3276 infra
1722 3257 1743 3287 p
1773 3247 1824 3286 89,
1842 3247 2099 3290 Βρετράθηιοι]

1088 3294 1164 3325 Mox
1179 3294 1254 3328 Mss.
1268 3300 1421 3341 Ζαχαρίαν
1439 3300 1535 3337 ζυγαί.
1547 3301 1572 3330 οὶ
1588 3301 1644 3337 μὲν
1662 3306 1720 3341 ρῶς
1742 3297 1848 3338 [Infra
1867 3296 1916 3328 bis
1930 3309 1992 3339 pro
2009 3305 2096 3343 '24⁶0-

1092 3355 1180 3391 τῆρες
1195 3346 1272 3379 fort.
1292 3346 1353 3389 leg.
1371 3348 1546 3392 &ofer-ipse]
