2481 3678
709 211 749 240 m
785 211 994 242 mmmm
1036 208 1190 239 noune.
1228 207 1360 237 xvur.
1400 192 1461 236 al.

117 294 145 309 ΝΚ

113 309 148 332 οε
177 294 304 348 ἕτεροι·
328 295 415 342 αὕτη
439 294 474 334 δὲ
496 294 654 346 φαίνεται
677 294 791 344 μόνον,
813 294 874 332 καὶ
894 294 955 332 οὐκ
974 293 1030 344 ἀφ’
1053 293 1132 329 ἑαυ·

110 359 169 393 τοῦ
195 356 321 403 ταύτην
354 357 472 394 ἄπεισι
503 354 635 402 >affl-m,
665 356 740 392 ἀλλ’
775 354 890 407 ἑτέρου
921 350 1133 405 παραδόντος

112 416 228 462 αὐτήν.
258 415 370 454 εὈταν
396 416 431 454 δὲ
468 415 559 466 λάθῃ
597 417 866 467 παραδοθεῖσαν,
891 413 997 455 οὕτως
1026 409 1132 455 αὐτὴν

109 475 312 524 διατίθησιν,
333 478 380 519 ὡς
400 476 524 526 μηκέτι
556 478 752 526 μεμνῆσθαι
774 478 842 512 τῶν
870 469 1134 523 κατεγγυησάν-

106 551 187 574 των.
204 538 316 574 Τοῦτο
331 537 391 574 καὶ
410 537 466 574 ἐπὶ
486 541 544 574 τοῦ
569 538 718 588 Χριστοῦ
743 535 890 586 γέγονεν.
917 526 1048 569 Ἦλθεν
1072 530 1133 582 ἆρ-

108 597 297 648 μοσόμενος
323 598 385 644 τὴν
409 597 623 644 Ἐκκλησίαν
638 613 645 620 ·
677 595 772 635 οὐδὲν
788 594 888 637 αὐτὸς
912 586 1018 638 εἶπεν,
1042 589 1134 629 ἀλλὰ

106 657 312 709 παρεγένετο
328 658 428 709 μόνον
446 674 451 681 ·
473 662 490 696 ὃ
505 658 540 697 δὲ
558 658 652 710 φίλος
673 659 774 695 αὐτοῦ
788 658 805 692 ὃ
819 653 984 699 Ἰωάννης
1001 651 1063 698 τὴν
1080 652 1134 689 δε-

107 717 179 762 ξιὰν
202 718 339 765 ἐνέθηκε
367 723 429 766 τῆς
455 718 607 770 νύμφης,
625 717 681 755 διὰ
701 719 768 754 τῶν
803 714 914 766 λόγων
937 712 1133 765 ἐγχειρίσας

107 781 200 832 αὐτῷ
219 779 280 823 τὰς
301 780 415 833 ψυχὰς
434 783 501 818 τῶν
518 778 720 832 ἀνθρώπων.
738 775 865 814 Λαῧὼν
882 774 982 818 αὐτὸς
997 775 1130 821 λοιπὸν,

107 839 214 884 οὕτως
243 841 361 885 αὐτοὺς
389 841 556 888 διέθηκεν,
577 843 623 884 ὡς
649 837 774 890 μηκέτι
803 836 888 890 πρὸς
905 836 962 874 τὸν
983 836 1133 889 ἐγχειρί-

107 917 217 940 σαντα
245 905 416 941 ἀπελθεῖν.

159 963 212 1000 Οὐ
241 969 340 1002 τοῦτο
367 962 558 1014 δὲᾶμόνον,
587 961 678 1001 ἀλλὰ
698 961 758 999 καὶ
793 960 908 1014 ἕτερόν
944 961 1037 998 ἐστιν
1071 962 1129 998 ἐν-

106 1026 216 1062 ταῦθα
241 1028 503 1078 παρατηρῆσαι.
527 1023 696 1076 Καθάπερ
717 1023 785 1076 γὰρ
819 1022 875 1061 ἐπὶ
908 1025 975 1060 τῶν
1004 1020 1128 1073 γάμων

105 1086 168 1136 οὐχ
184 1088 205 1132 ἡ
223 1085 308 1139 κόρη
328 1087 413 1137 πρὸς
434 1085 490 1123 τὸν
507 1084 652 1137 νυμφίον
669 1084 820 1131 ἄπεισιν,
837 1084 912 1121 ἀλλ’
929 1077 1025 1127 οὗτος
1044 1083 1130 1136 πρὸς

105 1144 211 1192 αὐτὴν
241 1146 436 1198 ἐπείγεται,
453 1146 517 1184 κᾶν
553 1145 723 1197 βασιλέως
753 1145 823 1188 υἱὸς
851 1138 893 1195 ἦ,
912 1143 976 1182 κᾶν
1006 1146 1126 1190 εὐτελῆ

104 1223 181 1246 τινα
211 1209 270 1246 καὶ
297 1209 574 1261 ἀπερριμμένην,
593 1207 656 1246 κᾶν
685 1206 913 1258 θεραπαινίδα
936 1205 1129 1258 κατεγγυή-

104 1273 230 1307 σασθαι
247 1269 356 1321 μέλλῃ
373 1285 381 1293 ·
397 1269 486 1308 οὕτω
501 1269 560 1306 καὶ
577 1271 722 1306 ἐνταῦθα
737 1266 753 1286 ¹³
767 1266 905 1313 συνέῧη.
919 1268 995 1304 Οὐκ
1010 1269 1056 1310 εἷς
1070 1268 1127 1305 τὸν

104 1329 244 1382 οὐρανὸν
264 1332 391 1376 ἀνῆλθε
414 1333 482 1368 τῶν
504 1328 694 1383 ἀνθρώπων
724 1331 746 1374 ἡ
776 1327 890 1380 φύσις,
914 1329 989 1365 ἀλλ’
1024 1327 1124 1372 αὐτὸς

103 1390 189 1442 πρὸς
202 1390 264 1437 τὴν
285 1391 582 1444 εὐκαταφρόνητον
602 1390 730 1436 ταύτην
749 1389 809 1427 καὶ
832 1390 951 1434 εὐτελῆ
969 1388 1127 1442 παραγέ-

102 1467 202 1502 γονε·
236 1453 296 1490 καὶ
319 1453 512 1503 γενομένων
546 1454 638 1489 ‘rm-2
666 1450 803 1501 γάμων,
840 1451 901 1487 οὐκ
927 1448 1039 1487 εἴασεν
1074 1451 1126 1487 ἐν·

102 1515 210 1550 ταῧθα
236 1512 349 1562 μένειν
379 1512 484 1560 αὐτὴν
513 1512 646 1559 λοιπὸν,
673 1510 764 1549 ἀλλὰ
791 1509 1020 1562 παραλαὸὼν,
1040 1510 1126 1562 πρὸς

101 1572 158 1610 τὸν
188 1567 280 1612 οἶκον
316 1573 470 1625 ἀνήγαγε
492 1573 550 1612 τὸν
578 1571 760 1625 πατρικόν.
793 1570 841 1609 Τί
872 1570 1000 1617 δήποτε
1026 1570 1061 1609 δὲ
1089 1572 1126 1609 οὐ

101 1635 178 1672 κατ’
201 1634 289 1673 ἰδίαν
316 1635 489 1686 λαμὸάνει
518 1633 595 1678 τοὺς
624 1632 783 1684 μαθητὰς
809 1631 886 1675 τοὺς
907 1635 1046 1679 ἑαυτοῦ,
1066 1631 1125 1670 καὶ

100 1696 180 1749 περὶ
193 1696 321 1735 τούτων
343 1699 456 1740 αὐτοῖς
478 1695 674 1747 διαλέγεται
690 1698 707 1733 ὁ
730 1694 914 1742 Ἰωάννης,
929 1694 989 1732 καὶ
1016 1693 1124 1738 οὕτως

102 1755 223 1801 αὐτοὺς
412 1760 462 1811 τῷ
482 1758 638 1811 Χριστῷ,
656 1756 745 1795 ἀλλὰ
761 1755 911 1808 δημοσία
927 1755 1015 1806 μετὰ
1032 1755 1124 1793 πάν-

99 1833 168 1855 των
192 1819 304 1862 αὐτοῖς
325 1833 450 1870 φησιν·
468 1817 540 1856 Ἴδε
573 1821 590 1856 ὃ
620 1817 726 1868 ἀμνὸς
755 1821 814 1855 τοῦ
840 1818 948 1864 Θεοῦ,
970 1814 1048 1853 Ἵνα
1074 1813 1122 1866 μὴ

238 1759 256 1777 *
268 1757 388 1795 δίδωσι

100 1877 179 1931 δόξῃ
201 1882 367 1925 συσκευῆς
384 1882 470 1916 εἶναι
494 1879 532 1916 τὸ
553 1878 662 1930 ἔργον.
682 1879 726 1916 Εἰ
745 1876 805 1928 μὲν
825 1877 893 1930 γὰρ
917 1878 1000 1929 παρ’
1021 1879 1125 1915 αὐτοῦ

99 1941 176 1977 κατ’
209 1940 297 1978 ἰδίαν
335 1939 616 1993 παρακληθέντες
650 1939 820 1990 ἀπῄεσαν,
853 1937 913 1976 καὶ
945 1941 991 1982 ὡς
1020 1937 1122 1991 χάριν

99 2002 192 2053 αὐτῷ
211 2000 442 2053 παρέχοντες,
461 1999 597 2052 ταχέως
624 1999 662 2037 ἂν
679 1999 763 2043 ἴσως
782 1999 842 2037 καὶ
871 1999 1101 2046 ἀπεπήδησαν
1115 2015 1122 2022 ·

97 2064 154 2098 νῦν
172 2060 208 2099 δὲ
221 2064 260 2099 ἐκ
274 2064 336 2107 τῆς
355 2064 471 2108 κοινῆς
486 2061 672 2113 γενομένης
691 2059 917 2104 διδασκαλίας
934 2060 1123 2105 καταδεξά-

100 2136 195 2171 μενοι
220 2121 283 2168 τὴν
307 2121 545 2169 ἀκολούθησιν,
569 2121 706 2173 βέβαιοι
725 2120 844 2159 λοιπὸν
865 2121 984 2172 ἔμενον
1010 2124 1122 2171 μαθη-

97 2181 173 2230 ταὶ,
192 2185 239 2225 ὡς
266 2185 303 2220 οὐ
319 2182 375 2221 διὰ
387 2181 450 2229 τὴν
467 2184 513 2225 εἷς
531 2183 588 2220 τὸν
614 2181 822 2219 διδάσκαλον
847 2181 950 2234 χάριν
972 2184 1122 2220 ἀκολου-

98 2243 280 2292 θησαντες,
296 2246 372 2282 ἀλλ’
390 2245 581 2296 εἰλικρινῶς
597 2243 656 2281 καὶ
674 2243 760 2294 πρὸς
776 2242 816 2280 τὸ
839 2243 958 2296 κέρδος
976 2245 1121 2295 ὁρῶντες

93 2304 134 2342 τὸ
154 2307 295 2343 ἑαυτῶν.
308 2308 355 2344 Οἱ
369 2304 431 2356 μὲν
449 2298 505 2343 οῧν
519 2308 696 2357 προφῆται
709 2304 768 2342 καὶ
780 2307 811 2342 οἱ
829 2304 1014 2343 ἀπόστολοι
1032 2305 1119 2343 πάν-

93 2382 149 2409 τες
183 2365 316 2404 ἀπόντα
347 2367 446 2405 αὐτὸν
478 2365 682 2419 ἐκήρυττον·
702 2368 733 2404 οἱ
756 2366 817 2416 μὲν
850 2367 1001 2417 πρὸτῆς
1029 2365 1120 2404 κατὰ

95 2426 210 2481 σάρκα
229 2427 439 2480 παρουσίας,
457 2430 488 2465 οἱ
510 2426 546 2464 δὲ
572 2426 660 2477 μετὰ
674 2427 736 2474 τὴν
760 2427 951 2479 ἀνάληψιν·
971 2421 1067 2471 οὗτος
1083 2426 1118 2466 δὲ

96 2489 197 2539 μόνος
219 2489 387 2542 παρόντα.
404 2490 468 2527 Διὸ
490 2489 549 2526 καὶ
570 2489 666 2540 φίλον
686 2489 789 2526 αὐτὸν
804 2493 863 2527 τοῦ
887 2488 1033 2540 νυμφίου
1050 2505 1118 2541 φη-

94 2550 160 2598 σὶν,
181 2551 297 2597 ἐπειδὴ
311 2550 370 2588 καὶ
387 2552 420 2587 ἐν
436 2556 506 2593 τοῖς
520 2550 645 2600 γάμοις
662 2550 762 2600 μόνος
779 2550 880 2593 αὐτὸς
895 2550 1116 2604 παρεγένετο.

94 2611 165 2649 Καὶ
185 2611 253 2664 γὰρ
275 2611 375 2654 αὐτὸς
394 2610 510 2648 πάντα
536 2609 678 2656 ἐποίησε
704 2609 763 2647 καὶ
785 2611 1002 2659 ἀπετέλεσεν,
1019 2612 1118 2654 αὐτὸς

92 2675 142 2725 τῷ
157 2674 339 2726 πράγματι
366 2671 428 2718 τὴν
455 2671 565 2724 ἀρχὴν
587 2671 755 2724 παρέσεε.
773 2672 843 2709 Καὶ
872 2671 1049 2724 ἐμὸλέψας
1067 2675 1117 2725 τῷ

93 2732 209 2780 Ἰησοῦ
230 2738 477 2787 περιπατοῦντι
503 2732 617 2784 λέγει·
645 2731 716 2770 Ἴδε
752 2735 769 2770 ὃ
795 2732 902 2783 ἀμνὸς
928 2737 986 2771 τοῦ
1011 2735 1114 2771 Θεοῦ.

93 2796 205 2833 Τοῦτο
224 2788 316 2842 εἶπε,
339 2793 470 2836 δεικνὺς
489 2793 542 2831 ὅτι
562 2795 599 2831 οὐ
622 2796 665 2844 τῆ
689 2797 784 2845 φωνῇ
815 2793 929 2844 μόνον,
947 2791 1037 2830 ἀλλὰ
1057 2793 1116 2831 καὶ

91 2863 161 2901 τοῖς
177 2858 364 2908 ὀφθαλμοῖς
384 2855 568 2908 ἐμαρτύρει
586 2870 593 2878 ·
609 2854 668 2893 καὶ
682 2853 750 2907 γὰρ
767 2854 936 2906 ἐθαύμαζε
956 2854 1013 2892 τὸν
1029 2855 1115 2908 Χρι-

93 2919 172 2957 στὸν
191 2917 324 2971 χαίρων
361 2917 421 2954 καὶ
455 2917 700 2968 ἀγαλλόμενος.
733 2915 748 2935 ‘¹
762 2917 832 2955 Καὶ
864 2918 901 2954 οὐ
930 2922 1021 2954 ποιεῖ
1057 2917 1114 2954 τὸν

91 2980 191 3032 λόγον
217 2978 478 3032 παρακλητικὸν
494 2978 599 3025 τέως,
623 2977 712 3016 ἀλλὰ
734 2978 902 3028 θαυμάζει
924 2977 1025 3027 μόνον
1054 2978 1114 3015 καὶ

92 3041 323 3087 ἐκπλήττεται
343 3039 399 3077 τὸν
419 3038 594 3092 παρόντα·
614 3039 673 3077 καὶ
698 3039 760 3087 τὴν
787 3039 916 3091 δωρεὰν
947 3038 982 3075 δὲ
1000 3040 1112 3082 αὐτοῖς

91 3114 196 3146 πᾶσιν
214 3108 265 3159 ἐφ’
289 3107 331 3153 ἣν
351 3106 558 3159 παρεγένετο
584 3107 702 3154 δηλοῖ,
729 3106 788 3144 καὶ
820 3106 876 3144 τὸν
904 3105 1029 3159 τρόπον
1053 3110 1112 3145 τοῦ

92 3178 285 3227 καθαρμοῦ.
313 3172 358 3211 <O
379 3171 447 3226 γὰρ
469 3173 575 3223 ἀμνὸς
598 3173 778 3227 ἀμφότερα
802 3177 912 3211 ταῦτα
939 3173 1109 3224 ἐμφαίνει.

137 3307 150 3321 a
166 3295 280 3328 Morel.
301 3302 391 3338 μόνον
405 3299 506 3329 assos.

138 3351 154 3374 b
170 3347 267 3381 Savil
289 3352 415 3391 γέγονεν.
429 3346 547 3380 Morel.
564 3352 677 3390 συνέὸη,
695 3348 787 3391 qnod
803 3347 947 3391 idipsum
968 3356 1029 3381 est.

138 3412 150 3425 c
164 3400 223 3432 Alii
243 3410 299 3434 τῶν
311 3406 510 3446 πραγμάτων.

1499 207 1610 236 xvu.
2104 213 2181 241 121

1205 288 1297 325 circa
1315 287 1495 324 Christum
1511 287 1638 325 evenit.
1656 286 1766 326 Venit
1787 287 1822 324 in
1841 300 2006 338 sponsam
2017 287 2189 328 ducturus

1206 347 1418 395 Ecclesiam;
1441 346 1532 384 nihil
1556 347 1631 399 ipse
1650 347 1758 396 dixit,
1793 347 1855 385 sed
1882 347 1997 385 adfuit
2023 358 2159 387 tantum
2181 367 2189 387 :

1207 410 1358 446 ,loannes
1371 418 1488 446 autem
1512 409 1648 447 amicus
1667 409 1743 459 ejus
1761 422 1895 460 sponsae
1917 408 2101 447 dexteram
2123 411 2191 462 ipsi

1206 469 1367 517 tradidit,
1386 469 1505 507 verbis
1525 469 1579 506 illi
1604 469 1791 506 hominum
1819 469 1955 507 animas
1978 471 2190 509 concilians:

1207 544 1294 581 quos
1318 540 1479 583 acceptos
1512 530 1573 568 ille
1600 531 1649 568 ita
1685 530 1814 579 affecit,
1848 540 1887 568 ut
1912 545 1982 569 non
2020 531 2115 569 ultra
2147 532 2193 569 ad

1206 606 1246 630 cu
1252 607 1287 630 m
1307 592 1370 643 qui
1383 591 1578 631 tradiderat
1590 600 1859 631 reverterentur.

1157 782 1181 811 B

1256 966 1292 1002 Ξ.
1322 965 1444 1016 Neque
1460 964 1530 1002 hoc
1549 971 1708 1012 tantum,
1729 963 1791 1001 sed
1809 961 1916 1001 etiam
1941 963 2042 1001 aliud
2061 964 2121 1002 hic
2138 975 2190 1003 est

1202 1024 1476 1065 observandum.
1517 1022 1828 1071 Quemadmodum
1867 1024 1903 1061 in
1945 1025 2080 1077 nuptiis
2119 1039 2188 1063 non

1201 1100 1369 1138 sponsum
1388 1086 1464 1124 adit
1491 1085 1608 1138 puella
1623 1116 1632 1134 ‚
1660 1085 1721 1123 sed
1738 1084 1800 1122 ille
1818 1085 1863 1122 ad
1884 1085 1999 1137 ipsam
2018 1086 2158 1124 festinat
2177 1116 2187 1135 ,

1200 1146 1337 1185 etiamsi
1356 1148 1454 1185 filius
1468 1147 1561 1199 regis
1577 1147 1636 1196 sit,
1658 1146 1796 1185 etiamsi
1812 1146 1874 1184 illa
1890 1147 1936 1184 sit
1950 1147 2087 1185 vilioris
2102 1162 2186 1185 con-

1203 1207 1362 1257 ditionis,
1380 1209 1451 1246 imo
1471 1211 1501 1246 si
1526 1208 1694 1247 ancillam
1713 1208 1890 1246 ducturus
1917 1208 1962 1246 sit
1979 1224 1987 1245 t
2007 1209 2056 1246 ita
2078 1218 2110 1246 et
2129 1209 2188 1247 hic

1199 1269 1362 1322 contigit.
1388 1269 1584 1308 Hominum
1615 1279 1740 1307 natura
1772 1283 1841 1307 non
1873 1269 2031 1307 ascendit
2060 1270 2096 1308 in
2122 1284 2187 1308 eae-

1199 1330 1288 1380 lum,
1308 1331 1369 1370 sed
1392 1332 1466 1384 ipse
1484 1331 1529 1369 ad
1544 1331 1652 1371 vilem
1674 1331 1773 1369 illam
1797 1340 1829 1369 et
1849 1341 2026 1369 contemtu
2042 1331 2188 1384 dignam

1199 1391 1382 1430 descendit
1408 1409 1416 1429 :
1447 1403 1596 1445 postque
1629 1393 1820 1431 celebratas
1842 1393 2000 1445 nuptias,
2017 1408 2086 1432 non
2105 1394 2189 1433 sivit

1198 1453 1297 1492 illam
1324 1454 1385 1492 hic
1406 1455 1500 1492 ultra
1529 1468 1722 1504 remanere,
1746 1454 1808 1492 sed
1838 1455 2029 1493 abductam
2056 1456 2093 1494 in
2119 1471 2184 1508 pa-

1197 1523 1333 1553 temam
1363 1514 1512 1552 domum
1538 1515 1656 1553 duxit.
1680 1516 1752 1552 Cur
1780 1517 1931 1554 Joannes
1951 1530 2020 1553 non
2042 1517 2189 1554 seorsim

1196 1574 1390 1629 discipulos
1413 1575 1557 1628 accipit,
1589 1585 1628 1613 ut
1652 1574 1698 1613 de
1717 1575 1815 1613 hisce
1847 1576 1952 1613 rebus
1979 1576 2075 1628 ipsos
2101 1577 2186 1615 allo-

1198 1647 1345 1688 quatur,
1362 1646 1396 1675 et
1412 1637 1463 1675 sic
1480 1637 1562 1674 illos
1583 1635 1724 1674 Christo
1745 1635 1863 1673 tradat
1879 1665 1892 1686 ,
1916 1650 2043 1675 verum
2069 1637 2189 1689 palam

1198 1698 1431 1751 praesentibus
1462 1698 1627 1736 omnibus
1656 1696 1765 1747 dicit,
1798 1699 1902 1736 Ecce
1930 1712 2054 1750 agnus
2081 1700 2189 1737 Dei?

1197 1763 1251 1799 Ne
1270 1761 1452 1800 videretur
1466 1759 1558 1797 illud.
1575 1760 1620 1797 de
1637 1758 1815 1796 industria
1835 1759 1969 1796 factum
1988 1773 2074 1797 esse.
2096 1761 2189 1798 Nam

1198 1823 1227 1860 si
1246 1823 1308 1860 illo
1333 1821 1480 1861 seorsim
1493 1821 1656 1858 hortante
1674 1819 1722 1858 ad
1741 1819 1925 1857 Christum
1944 1820 2125 1871 abiissent,
2149 1831 2188 1859 ut

1197 1884 1349 1937 gratiam
1363 1882 1492 1923 Joanni
1510 1882 1694 1931 habentes,
1710 1881 1779 1919 cito
1798 1881 1945 1918 fortasse
1959 1881 2184 1920 resiliissent:

1197 1960 1291 1984 nunc
1324 1955 1442 1984 autem
1473 1959 1519 1982 ex
1541 1943 1722 1982 communi
1748 1942 1911 1981 doctrina
1930 1943 1975 1980 ad
2003 1943 2186 1983 Christum

1196 2006 1417 2059 sequendum
1434 2005 1596 2055 inducti,
1619 2005 1714 2042 firmi
1739 2004 1970 2057 perstiterunt
1991 2004 2160 2058 discipuli
2173 2037 2184 2055 ,

1196 2078 1317 2122 utpote
1339 2069 1400 2119 qui
1428 2082 1497 2106 non
1527 2067 1562 2104 in
1589 2066 1740 2118 gratiam
1767 2066 1930 2117 magistri
1958 2067 2099 2117 sequuti
2127 2082 2182 2105 es-

1195 2139 1284 2179 sent,
1298 2130 1356 2169 sed
1371 2128 1522 2182 propriae
1539 2127 1704 2165 utilitatis
1720 2141 1837 2165 causa.
1856 2127 2042 2179 Prophetae
2061 2128 2184 2179 utique

1194 2200 1227 2230 et
1252 2190 1402 2244 apostoli
1433 2204 1553 2228 omnes
1579 2188 1759 2226 absentem
1783 2187 1887 2225 illum
1911 2188 2178 2240 praedicarunt3

1193 2252 1246 2290 illi
1272 2261 1351 2290 ante
1376 2251 1595 2298 adventum,
1617 2249 1656 2286 hi
1685 2258 1764 2302 post
1789 2249 2044 2287 assumtionem
2075 2251 2149 2302 ejus
2171 2266 2178 2286 :
2193 2275 2319 2304 Joannes
2334 2288 2382 2305 so-

1192 2315 1251 2352 hic
1275 2328 1360 2353 vero
1387 2313 1483 2352 solus
1505 2320 1712 2365 praesentem
1739 2310 1936 2362 praedicat3
1960 2311 2110 2362 ideoque
2130 2313 2175 2349 il-
2191 2317 2236 2384 {us
2256 2327 2382 2386 pugen-

2204 2369 2250 2385 Cm
2328 2370 2381 2386 11'1—

2189 2404 2265 2426 stum
2296 2411 2310 2427 r
2358 2402 2381 2422 '-

1189 2437 1316 2475 adfuit.
1333 2435 1476 2474 Etenim
1491 2434 1568 2486 ipse
1585 2432 1702 2470 omnia
1720 2431 1802 2468 fecit
1814 2440 1846 2468 et
1860 2431 2020 2482 perfecit:
2034 2431 2108 2484 ipse
2126 2434 2176 2471 rei
2191 2410 2292 2468 cavit.P
2311 2401 2365 2428 aech

1190 2375 1267 2414 lum
1293 2375 1448 2414 amicum
1466 2372 1586 2425 sponsi
1603 2371 1703 2420 dicit,
1722 2371 1805 2421 quia
1831 2371 1964 2422 nuptiis
1989 2371 2063 2423 ipse
2081 2372 2177 2410 solus

1189 2497 1406 2550 principium
1418 2495 1591 2534 dedit.Et
1601 2494 1803 2543 respiciens
1821 2492 1851 2529 J
1852 2505 1956 2529 esum
1972 2495 2176 2532 ambulan-

1189 2568 1263 2598 tem
1288 2560 1406 2607 dixit,
1427 2559 1529 2594 Ecce
1558 2567 1681 2606 agnus
1704 2554 1805 2599 Dei3
1839 2553 2022 2593 ostendens
2042 2569 2078 2593 se
2108 2570 2177 2595 non

1187 2634 1273 2660 voce
1291 2628 1450 2666 tantum,
1469 2616 1532 2654 sed
1559 2624 1592 2652 et
1611 2614 1723 2652 oculis
1752 2613 1949 2652 testificari.
1975 2616 2178 2656 Mirabatur

1186 2681 1319 2733 quippe
1335 2678 1515 2717 Christum
1535 2674 1690 2727 gaudens
1710 2683 1744 2712 et
1758 2675 1950 2714 exsultans.
1967 2677 2090 2728 Neque
2105 2688 2175 2717 sta-

1186 2742 1251 2780 tim
1268 2741 1442 2788 hortatur,
1463 2736 1525 2776 secl
1540 2735 1682 2774 interim
1698 2744 1905 2787 praesentem
1924 2737 2075 2776 miratur
2094 2748 2172 2777 tan-

1187 2811 1264 2839 tum
1284 2810 1316 2838 et
1342 2796 1559 2850 obstupescit
1575 2812 1587 2847 3
1604 2795 1810 2846 donumque
1828 2795 1924 2846 quod
1946 2797 2097 2836 allatum
2114 2814 2175 2838 ve-

1188 2871 1286 2900 nerat
1331 2858 1481 2899 ostendit
1506 2888 1517 2908 ,
1551 2857 1704 2907 itemque
1740 2857 1967 2908 purgationis
2007 2860 2170 2898 modum.

1186 2928 1309 2977 Agnus
1335 2922 1466 2974 quippe
1489 2920 1565 2958 haec
1590 2919 1695 2957 ambo
1720 2918 1886 2957 declarat.
1915 2921 2037 2971 Neque
2055 2922 2148 2960 dixit
2162 2953 2171 2971 ,

1186 2987 1259 3034 Qui
1274 2985 1479 3025 sublaturus
1490 2981 1710 3033 est7v017Qui
1730 2981 1885 3028 sustulit,
1894 2982 1952 3019 sed
1956 3012 1969 3029 ,
1985 2984 2059 3034 Qui
2071 2985 2173 3023 tollit

1139 3057 1163 3087 E
1184 3056 1344 3101 peccata
1355 3046 1491 3084 mundi
1498 3062 1514 3091 ;
1530 3052 1653 3096 utpote
1673 3042 1734 3093 qui
1750 3041 1787 3079 id
1801 3056 1938 3095 semper
1955 3044 2074 3083 faciat.
2096 3047 2170 3083 Ne-

1187 3125 1254 3163 que
1271 3109 1365 3148 enim
1383 3117 1468 3146 tunc
1489 3106 1606 3144 solum
1623 3103 1767 3142 sustulit
1785 3118 1867 3141 cum
1882 3119 2007 3157 passus
2027 3116 2089 3155 est,
2109 3107 2171 3144 sed

1186 3187 1232 3211 ex
1255 3171 1318 3210 illo
1342 3169 1389 3208 ad
1405 3169 1474 3207 hoc
1501 3179 1613 3217 usque
1631 3174 1771 3217 tempus
1801 3165 1896 3203 tollit
1922 3176 2078 3218 peccata,
2100 3181 2169 3205 non

1206 3296 1223 3312 η’
1239 3295 1438 3338 [παραδίδωσι
1460 3287 1562 3322 Savil.
1589 3294 1622 3319 el.
1650 3284 1760 3319 Codd.
1779 3286 1855 3326 705,
1880 3286 1972 3328 706]

1206 3347 1220 3367 d
1233 3344 1348 3379 Morel.
1374 3347 1423 3376 καὶ
1448 3344 1512 3375 οὐδὲ
1528 3346 1614 3374 ποιεῖ.
1633 3336 1735 3370 Savil.
1754 3341 1802 3370 καὶ
1815 3341 1846 3370 οὗ
1861 3345 1946 3372 ποιεῖ.
1970 3338 2025 3379 [ln
2045 3348 2167 3380 praece-

1165 3397 1320 3433 dentibus
1337 3394 1477 3429 multum
1495 3391 1625 3425 xariant
1643 3386 1770 3429 Codd.]
