2507 3673
986 164 1039 192 DE
1075 162 1197 192 CAECO
1236 163 1355 190 NATo
1365 181 1373 189 .

132 242 280 281 ἸΙθελόν
300 259 378 282 τινα
404 245 509 281 εἰπεῖν
530 242 615 293 πρὸς
632 242 690 279 τὸν
711 243 853 294 λῃστήν·
878 245 1045 294 μνησθείη
1059 259 1120 281 σου
1137 247 1154 282 ὁ

132 296 294 347 Χριστὸς,
307 296 340 334 τί
359 296 450 340 ἄξιον
466 294 676 341 ποιήσαντος
688 312 697 343 3
710 295 762 333 ὅτι
778 295 962 347 ἐφόνευσας
976 313 986 344 ;
999 296 1052 334 ὅτι
1077 296 1154 359 ε’σύζ

129 350 256 396 λησας;
272 350 383 400 λέγεις
403 348 490 400 γὰρ,
511 348 697 394 Μνήσθητί
718 364 799 396 μου,
828 348 910 387 ὅταν
937 349 1038 400 ἔλθῃς
1057 350 1094 414 ἐν
1107 364 1149 399 τῃ

131 401 291 452 βασιλείᾳ
311 417 383 440 σου.
399 400 502 439 Ἀλλὰ
521 400 569 451 μή
594 416 643 443 τις
663 402 831 452 νομιζέτω
843 431 853 449 ,
869 401 922 440 ὅτι
940 402 1031 439 κατὰ
1046 417 1150 452 χαριν

130 454 232 503 μόνον
260 454 369 492 ἔσωσε
387 453 444 491 τὸν
461 453 594 504 λῃστὴν
611 457 628 491 ὁ
648 455 814 505 Χριστὸς,
843 454 932 492 ἀλλὰ
948 453 1039 492 κατὰ
1058 455 1150 505 ὀφει-

126 506 192 553 λὴν
207 508 435 557 ἐγρεωστεῖτο
464 508 572 557 αὐτῷ.
592 507 697 544 Ποῖον
717 507 843 559 χρέος;
863 506 966 558 φησίν
981 522 989 529 ·
1010 505 1062 570 ὅτι
1083 507 1151 542 ἐδι-

127 552 404 610 καιοπράγησεν;
418 558 651 608 ἐλεημοσύνας
666 560 792 597 ἔδωκεν
805 576 813 607 ;
829 559 873 596 τὰ
890 559 962 596 ἴδια
977 560 1149 624 ἐμερισεγ,

127 611 342 659 ἐνήστευσεν,
371 611 609 663 ἦγρύπνησεν,
644 611 785 658 ἐποίησε
811 617 979 664 πρᾶγμα,
996 611 1014 648 ὃ
1030 626 1151 674 μηωοεις

127 665 248 711 ἅλλος;
270 666 361 702 Ἀλλ’
383 664 436 702 ὅτι
454 664 634 703 ἐπίστευσε
658 666 707 716 τῷ
741 666 845 715 Θεῷ;
872 663 942 701 Καὶ
971 677 1150 726 προφηται

126 716 333 755 ἐπίστευσαν
363 719 413 769 τῷ
454 719 557 769 Θεῷ,
586 716 644 754 καὶ
671 717 890 767 πατριάρχαι
928 717 1149 764 ἐπιστευσαν,

125 770 341 823 ὑμνογροίιροι
358 769 577 817 ἐπίστευσαν,
597 768 807 815 ἀπόστολοι,
829 767 995 834 κήρυκεςχ,
1017 769 1149 833 μάρτυ-

128 838 198 875 ρες·
219 824 294 860 ἀλλ’
313 817 406 860 οὗτοι
426 823 553 865 πάντες
571 824 605 859 ἐν
625 820 704 871 δόξῃ
721 820 927 870 θεασάμενοι
954 837 1011 859 τον
1043 822 1147 867 Θεον,

126 870 223 918 οὗτος
245 875 279 912 δὲ
301 877 334 912 ἐν
354 873 462 922 ῧὲρει.
483 872 588 911 Ἀλλὰ
608 876 734 919 στῆσον
753 874 895 926 μυρίους
918 874 1054 916 οἰκέτας
1075 875 1149 912 δου-

124 925 286 970 λεύοντας
306 926 455 972 δεσπότῃ
471 955 481 972 ,
502 925 558 963 ὅτε
577 928 595 963 ὃ
614 926 782 973 δεσπότης
803 926 895 964 ἐστὶν
920 929 954 965 ἐν
976 927 1150 979 εὐπραγία

123 979 184 1016 καὶ
211 982 319 1029 τιμῆ·
340 978 399 1016 καὶ
426 970 487 1016 ἕνα
519 980 636 1016 δοῦλον
657 980 690 1016 ἐν
720 981 832 1031 καιρῷ
863 985 1058 1033 πειρασμοῦ
1090 981 1151 1017 καὶ

124 1030 271 1082 θλίψεως
283 1022 349 1069 Ικαὶ
373 1034 505 1083 φυγῆς,
533 1033 594 1069 οὐκ
616 1033 865 1083 ἀναχωροῦντα
885 1038 946 1070 τοῦ
975 1032 1060 1070 ἰδίου
1090 1033 1149 1070 δε-

124 1083 271 1122 σπότου·
303 1084 452 1127 ἐκείνους
472 1083 507 1121 δὲ
527 1082 606 1127 τοὺς
638 1084 777 1137 μυρίους
798 1085 936 1128 δούλους
958 1087 991 1123 ἐν
1014 1087 1064 1136 τῷ
1090 1090 1150 1124 τοῦ

123 1142 320 1199 πειρασμοῦ
340 1140 451 1190 καιρῷ
468 1136 528 1174 καὶ
547 1139 609 1181 τῆς
625 1140 734 1192 φυγῇς
750 1137 1008 1192 καταλιπόντας
1023 1137 1081 1175 τὸν
1099 1139 1149 1175 δε·

123 1205 255 1236 σποτην
276 1189 336 1227 καὶ
356 1189 671 1241 ὓποχωρήσαν-τας·
693 1190 762 1242 ἀρά
787 1206 826 1241 γε
854 1194 947 1228 οὗτοι
976 1194 1008 1229 οἱ
1039 1191 1152 1229 δοῦλοι

123 1245 155 1279 οἱ
175 1245 209 1280 ἐν
230 1242 404 1295 εὐπραγίᾳ
422 1243 479 1279 τὸν
506 1242 683 1296 δεσπότην,
697 1245 731 1280 ἐν
752 1245 801 1294 τῷ
820 1246 932 1297 καιρῷ
951 1247 1010 1281 τοῦ
1029 1259 1151 1296 πειρα-

124 1299 214 1344 σμοῦ
233 1294 498 1342 καταλιπόντες,
514 1293 628 1345 ὅμοιοι
653 1298 739 1332 εἶναι
756 1294 920 1334 δύνανται
933 1301 992 1334 τοῦ
1009 1297 1044 1333 ἐν
1065 1297 1150 1334 δυσ-

123 1347 259 1400 πραγίᾳ
301 1350 352 1399 τῷ
400 1347 552 1397 δεσπότῃ
606 1347 920 1396 ἀκολουθήσαντος,
964 1350 1150 1399 Οὐδαμῶς.

124 1398 333 1438 Ἐπίστευσε
350 1399 498 1451 Πέτρος,
519 1401 596 1437 ἀλλ’
617 1399 697 1437 ἰδὼν
714 1400 852 1453 νεκροὺς
869 1401 1051 1454 ἐγείραντα
1063 1432 1072 1449 ,
1087 1401 1152 1448 τὴν

124 1451 223 1495 δόξαν
244 1455 347 1490 αὐτοῦ
363 1452 575 1502 θεασάμενος
595 1451 796 1490 ἐπίστευσεν
817 1469 824 1476 ·
850 1453 1032 1491 ἐπίστευσε
1049 1455 1151 1492 Παῦ-

121 1504 198 1551 λος,
222 1507 299 1542 om?
321 1504 402 1542 ἰδὼν
432 1508 502 1556 φῶς
530 1504 725 1557 οὐρανόθεν,
746 1505 806 1543 καὶ
826 1506 888 1549 τὰς
910 1505 971 1556 μὲν
995 1522 1151 1572 σωματι-

121 1556 187 1601 κὰς
205 1557 301 1610 ὄψεις
316 1556 552 1609 πηρώσαντα,
581 1557 626 1595 τὰ
655 1557 691 1596 δὲ
713 1557 847 1610 ψυχικὰ
871 1559 1016 1609 ὄμματα
1045 1574 1150 1611 φωτι-

122 1625 232 1648 σαντα
249 1626 257 1634 ·
281 1610 482 1649 ἐπίστευσεν
510 1609 691 1662 Ἀδραὰμ,
715 1611 804 1649 ἀλλὰ
835 1612 1046 1662 θεασάμενος
1072 1613 1150 1664 ὄψιν

122 1663 240 1709 θεϊκήν
253 1679 261 1686 ·
280 1662 430 1707 ζΗσαίας
447 1662 662 1710 ἐπίστευσεν,
683 1665 758 1702 ἀλλ’
779 1662 860 1702 ἰδὼν
879 1666 980 1702 αὐτὸν
995 1665 1151 1715 καθήμε-

120 1731 176 1753 νον
197 1715 254 1753 ἐπὶ
269 1715 386 1767 θρόνου
404 1718 555 1767 ὑψηλοῦ,
570 1716 630 1754 καὶ
646 1716 691 1769 T}
705 1717 884 1769 Χερουόὶμ
899 1717 1014 1770 κύκλῳ
1032 1719 1147 1757 αὐτοῦ.

119 1766 226 1806 (Ὀλοι
243 1763 344 1815 εἶδον,
367 1769 446 1806 ἀλλ’
466 1771 501 1806 ἐν
524 1768 603 1820 δόξῃ
618 1784 626 1791 ·
647 1772 744 1812 οὗτος
764 1768 798 1807 δὲ
819 1772 852 1807 ἓν
884 1769 982 1822 ὔὸρει
995 1786 1002 1793 ·
1023 1771 1150 1809 διὸκαὶ

120 1820 262 1873 ἔκραζε,
284 1821 468 1867 Μνήσθητί
485 1837 566 1871 μου,
582 1820 700 1873 Κύριε,
715 1821 796 1859 ὅταν
813 1821 916 1874 ἔλθῃς
936 1826 970 1861 ἐν
986 1827 1029 1874 τῇ
1049 1826 1151 1874 βασι-

119 1874 196 1911 λεία
219 1889 290 1912 σου.
306 1874 389 1912 Ἀπὸ
406 1878 474 1912 τῶν
497 1877 574 1921 κατ’
600 1874 662 1924 ἐμὲ
682 1874 834 1926 ὀφείλετε
858 1891 916 1926 μοι
933 1878 1040 1914 εἰπεῖν
1055 1892 1062 1900 ·
1093 1877 1149 1915 διὰ

118 1926 153 1963 τί
172 1915 304 1977 λέγεις;
325 1926 412 1965 “Oti
442 1927 648 1978 ἁμαρτωλός
667 1929 758 1978 εἰμι,
781 1928 839 1965 καὶ
860 1928 994 1980 φονεύς·
1015 1929 1149 1980 λῃστὴς

119 1979 297 2030 μέχριτῆς
311 1979 404 2031 ὥρας
420 1979 566 2026 ταύτης·
582 1980 695 2018 πολλά
715 1996 780 2030 μου
794 1980 838 2018 τὰ
853 1981 958 2029 κακὰ,
975 1984 1148 2032 ὁμολογῶ,

118 2033 195 2070 ἀλλ’
218 2031 289 2084 ἔγω
310 2035 343 2070 ἐν
363 2035 405 2084 τῇ
430 2033 563 2084 διανοίᾳ
593 2049 658 2083 μου
679 2033 796 2071 πίστιν
818 2035 1076 2085 κεκρυμμένην,
1103 2037 1145 2082 ἦν

117 2085 226 2128 οὐδεὶς
250 2077 351 2132 οἶδεν,
380 2088 409 2123 εἰ
430 2085 478 2135 μὴ
494 2088 511 2123 ὅ
526 2085 708 2131 Δεσπότης
735 2085 836 2136 μόνος
856 2090 873 2125 ὃ
890 2087 949 2125 σὺν
975 2088 1053 2138 ἐμοὶ
1080 2089 1145 2127 πά-

117 2152 226 2188 σχων.
239 2136 393 2181 Ἔξωθεν
413 2138 487 2189 ἔχει
501 2141 518 2175 ὁ
535 2137 716 2185 Δεσπότης
731 2138 776 2176 τὰ
790 2142 850 2178 τοῦ
871 2140 1001 2185 πάθους
1019 2141 1142 2194 φαινό-

118 2205 204 2239 μενα
220 2189 399 2240 σύμέ-ολα·
420 2191 478 2228 καὶ
495 2190 576 2242 ἐγὼ,
596 2191 713 2243 φησὶν,
736 2194 773 2229 οὐ
787 2193 981 2246 προσέσχον
1002 2199 1044 2246 τῇ
1066 2210 1144 2246 φαι-

117 2242 245 2294 νομένῃ
275 2242 391 2295 ssepa,
414 2243 504 2282 ἀλλὰ
536 2243 599 2289 τὴν
622 2245 865 2297 κεκρυμμένην
888 2247 1067 2297 βασιλείαν
1091 2249 1144 2286 δο-

118 2293 219 2339 ξάζω.
241 2295 344 2334 Οὕτω
373 2296 433 2334 καὶ
463 2296 503 2334 σὺ
533 2297 633 2348 λέγε·
655 2297 782 2349 Κύριε,
814 2298 862 2349 μὴ
891 2299 966 2352 ἴδῃς
998 2316 1063 2350 μου
1083 2300 1144 2346 τὰς

118 2347 256 2392 ἀδικίας
272 2347 334 2393 τὰς
350 2349 579 2401 φαινομένας,
594 2350 682 2388 ἀλλὰ
702 2350 765 2398 τὴν
780 2352 897 2390 πίστιν
914 2352 976 2400 τὴν
997 2369 1145 2406 κρυπτο-

119 2400 238 2450 μένην,
258 2401 335 2449 καὶ,
355 2402 542 2450 Μνήσθητί
559 2418 624 2453 μου
637 2433 645 2449 ,
659 2403 740 2441 ὅταν
751 2403 852 2456 ἔλθῃς
870 2407 904 2442 ἐν
921 2408 964 2457 τῇ
983 2408 1144 2460 βασιλείᾳ

121 2467 195 2491 σου.
226 2453 350 2492 Διόλου
376 2454 483 2504 μηδὲν
521 2456 642 2505 μηδενὶ
665 2456 825 2502 λαλήσας
859 2459 1026 2509 Χριστὸς,
1054 2462 1140 2498 ἀλλὰ

121 2505 329 2553 σιωπήσας,
356 2507 415 2544 καὶ
445 2507 533 2557 μήτε
558 2510 608 2559 τῷ
632 2508 778 2561 Πιλάτῳ
808 2512 1023 2562 ἀποκριθεὶς,
1054 2513 1143 2563 μήτε

120 2557 188 2594 τινὶ
205 2558 294 2609 ἄλλῃ
313 2558 487 2609 ἀγνώμονι
507 2561 604 2612 ψυχῇ
621 2563 690 2614 τῶων
710 2560 900 2610 Ἰουδαίων,
918 2564 1143 2616 ἀποκρίνεται

122 2609 199 2647 τότε
210 2625 217 2632 ·
233 2611 293 2647 καὶ
311 2611 430 2657 ἐπειδὴ
451 2613 538 2650 πολὺ
560 2612 647 2663 βαρὺ
661 2616 703 2658 ἦν
725 2614 784 2651 καὶ
798 2614 926 2653 ἄτοπον
939 2617 979 2654 τὸ
995 2624 1143 2670 σιωπᾷν,

123 2662 348 2714 ἀποκρίνεται
363 2665 496 2712 λοιπὸν,
509 2666 568 2703 καὶ
582 2665 736 2717 λέγειτῷ
752 2669 881 2718 λῃστῇ·
898 2667 1020 2719 Ἀμὴν,
1035 2670 1141 2720 ἀμὴν,

119 2715 211 2766 λέγω
231 2730 301 2753 σοι·
323 2717 474 2768 σήμερον
492 2720 568 2768 μετ’
590 2720 673 2769 ἐμοῦ
703 2719 762 2770 ἔσῃ
792 2722 826 2757 ἐν
855 2723 904 2772 τῷ
928 2722 1141 2776 παραδείσῳ.

119 2767 167 2805 Ὢ
190 2772 249 2806 τοῦ
271 2769 450 2822 εὐεργέτου
470 2772 591 2823 χάρις·
613 2772 731 2818 ἐπειδὴ
752 2774 912 2824 βραδεῖαν
933 2775 1054 2825 ᾐτήσω
1078 2775 1142 2820 τὴν

119 2821 236 2873 γάριν,
256 2822 315 2859 καὶ
336 2823 464 2873 λέγεις,
490 2824 677 2870 Μνήσθητί
697 2840 781 2874 μου,
800 2825 925 2877 Κύριε,
941 2826 1022 2865 ὅταν
1042 2828 1144 2878 ἔλθῃς

120 2867 154 2911 ἐν
171 2877 213 2925 τῇ
234 2875 393 2926 βασιλείᾳ
410 2891 483 2914 σου.
502 2876 552 2915 Σὺ
569 2878 732 2929 βραδεῖαν
746 2878 880 2929 ᾔτησας
891 2910 899 2926 ,
917 2879 985 2930 ἐγὼ
998 2886 1142 2933 ταχεῖαν

119 2927 247 2975 δίδωμι
260 2926 322 2973 τὴν
335 2928 443 2979 ,χάριν
455 2945 462 2952 ·
489 2930 650 2980 Σήμερον
674 2933 850 2985 μετ’ἐμ.οῦ
869 2933 930 2983 ἔσῃ
948 2936 982 2971 ἐν
1000 2937 1049 2985 τῷ
1076 2949 1143 2971 πα-

121 2975 393 3031 ραδείσῳ.Εἷδες
420 2983 512 3020 Θεοῦ
540 2982 727 3033 σωτηρίαν;
744 2985 829 3026 εἶδες
853 2985 1030 3024 Δεσπότου
1047 2988 1141 3037 εὐερ-

118 3032 259 3085 γεσίαν,
286 3026 371 3076 εἶδες
386 3033 443 3071 τὸν
465 3034 574 3086 μέγαν
598 3038 660 3081 τῆς
680 3037 842 3081 ἀληθείας
869 3038 1055 3085 δικαστήν,
1074 3039 1143 3085 Σή-

120 3101 223 3138 μερον
253 3087 328 3135 μετ’
348 3088 432 3135 ἐμοῦ
452 3087 512 3139 ἔσῃ
534 3089 569 3125 ἐν
593 3091 643 3139 τῷ
673 3090 888 3142 παραδείσῳ.
916 3091 993 3142 Πρὸ
1022 3091 1141 3129 τούτου

119 3139 231 3181 οὐδεὶς
259 3138 405 3184 ἤκουσεν
440 3143 508 3177 τῶν
545 3140 722 3194 Ἰουδαίων
754 3141 775 3187 ἢ
808 3145 877 3180 τῶν
911 3148 1139 3196 πατριαρχῶν

119 3191 329 3242 ἐπαγγελίαν
352 3192 583 3245 παραδείσου,
605 3196 662 3245 ἀφ’
685 3197 721 3231 οὑ
738 3197 755 3232 ὁ
772 3194 881 3245 Ἀδὰμ
896 3197 1033 3247 παρέὸη
1047 3227 1056 3244 ,
1081 3198 1140 3235 καὶ

120 3243 259 3290 ε’ξῆλθεν
285 3244 320 3288 ἐξ
344 3247 464 3283 αὐτοῦ·
485 3244 601 3284 καίτοι
622 3246 728 3299 μυρία
754 3251 771 3285 ὁ
797 3249 885 3292 Θεὸς
909 3250 1141 3301 ἐπηγγείλατο

119 3301 190 3339 τοῖς
209 3297 402 3349 ἀνθρώποις
421 3304 492 3341 τοῖς
511 3305 644 3343 πιστοῖς
660 3315 666 3322 ·
696 3299 754 3336 καὶ
774 3301 884 3338 οὐδενὶ
910 3302 1141 3354 ἐπηγγείλατο

991 3355 999 3367 ι

2128 149 2221 213 099

1227 246 1281 281 ris
1299 246 1340 280 in
1358 257 1517 295 regnum
1544 253 1662 283 tuum.
1684 247 1823 287 Vellem
1842 257 1875 286 et
1893 250 1966 301 ipse
1987 251 2102 288 verbis
2131 253 2209 303 qui-

1226 295 1378 333 busdam
1399 296 1572 334 latronem
1599 299 1811 350 compellare
1829 316 1835 336 :
1855 302 1905 339 Ut
1932 304 2131 341 meminerit
2156 307 2210 343 tui

1226 347 1407 397 Christus,
1426 349 1515 399 quid
1536 349 1677 387 tandem
1703 351 1832 400 fecisti,
1849 367 1918 403 quo
1938 354 1975 392 id
1994 369 2210 395 commerue-

1224 399 1303 436 ris?
1323 413 1367 437 an
1399 401 1483 451 quia
1517 402 1694 453 occidisti,
1725 404 1807 453 quia
1839 405 2062 456 deprzcdatus
2080 411 2139 447 es?
2160 411 2209 448 sic

1224 451 1318 489 enim
1333 452 1398 499 ais,
1411 456 1608 492 ,Memento
1622 458 1710 503 mei,
1727 470 1814 494 cum
1830 461 1984 496 veneris
2000 463 2041 496 in
2052 476 2210 512 regnum

1225 512 1345 542 ῑιιαηι.
1373 505 1445 544 Sed
1479 521 1581 545 nemo
1610 508 1805 557 existimet,
1837 510 2031 548 secundum
2059 515 2208 563 gratiam

1222 565 1360 595 tantum
1392 560 1571 598 salvatum
1601 575 1676 599 esse
1704 576 1723 599 a
1746 563 1889 601 Christo
1920 564 2109 614 latronem;
2138 567 2209 604 im<-

1222 610 1418 648 secundum
1433 612 1595 651 debitum
1609 614 1662 652 illi
1684 614 1907 653 reddendum
1923 616 1989 653 hoc
2004 618 2083 656 suit.
2102 619 2210 665 Quod

1221 662 1365 701 tandem
1379 664 1556 716 debitum,
1574 666 1669 705 dicet
1684 668 1842 719 aliquis?
1860 683 1903 706 an
1920 670 2015 719 quod
2029 685 2082 709 res
2095 672 2208 724 justas

1221 715 1361 766 egerit?
1380 718 1620 772 eleemosynas
1648 720 1815 759 dederit?
1841 736 1894 759 res
1914 736 1994 760 suas
2014 723 2208 762 distribue—

1221 768 1267 805 rit
1282 769 1299 806 Ξ)
1312 769 1509 821 jejunarit?
1525 772 1709 824 vigilarit?
1728 788 1803 811 rem
1825 775 1960 821 fecerit,
1981 790 2089 826 quam
2107 792 2209 815 nemo

1221 821 1338 859 alius?
1364 825 1419 861 An
1438 838 1524 862 vero
1547 825 1644 876 quod
1662 828 1738 864 Deo
1755 827 1971 865 crediderit?
1992 829 2038 866 Et
2057 831 2209 883 prophe-

1223 882 1265 911 tae
1286 875 1361 912 Deo
1386 876 1636 928 crediderunt,
1668 889 1701 917 et
1728 881 1938 932 patriarchae
1965 883 2207 933 crediderunt,

1222 926 1441 978 hymnorum
1459 931 1647 983 scriptores
1666 932 1911 982 crediderunt,
1930 936 2096 986 apostoli,
2118 952 2209 989 prae-

1222 978 1408 1031 dicatores,
1424 993 1601 1036 martyres
1616 999 1764 1023 :verum
1777 1001 1897 1024 omnes
1913 987 1986 1038 isti,
1997 1002 2079 1026 cum
2093 991 2209 1028 Deum

1222 1031 1257 1069 in
1275 1033 1389 1084 gloria
1413 1037 1691 1089 conspexissent,
1712 1039 1772 1076 hic
1796 1049 1926 1087 autem,
1946 1054 2028 1078 cum
2048 1042 2084 1079 in
2104 1043 2207 1095 igno-

1223 1085 1345 1124 minia.
1370 1089 1429 1126 Tu
1451 1103 1536 1128 vero
1566 1091 1664 1129 mille
1684 1091 1774 1129 mihi
1803 1093 1954 1131 famulos
1973 1093 2118 1133 domino
2137 1111 2208 1134 ser-

1223 1137 1357 1177 vientes
1375 1141 1470 1190 siste,
1491 1157 1561 1193 quo
1579 1152 1737 1197 tempore
1754 1145 1816 1183 ille
1830 1160 1997 1198 prospera
2020 1149 2160 1187 fortuna
2176 1160 2209 1187 et

1223 1190 1419 1232 honoribus
1437 1195 1569 1233 fruitur
1586 1212 1594 1232 ε
1613 1206 1646 1234 et
1662 1212 1775 1235 unum
1800 1213 1961 1248 servum,
1985 1201 2047 1250 qui
2067 1202 2103 1239 in
2120 1212 2208 1240 tem-

1222 1257 1307 1295 pore
1319 1247 1531 1295 tentationis,
1553 1249 1756 1288 afflictionis
1768 1260 1801 1288 et
1816 1251 1933 1289 exsilii
1948 1268 1967 1290 a
1980 1254 2126 1292 domino
2145 1269 2208 1293 suo

1222 1310 1291 1335 non
1312 1299 1449 1337 recedat
1457 1316 1467 1350 3
1490 1301 1570 1339 illos
1588 1312 1708 1341 autem
1732 1304 1832 1342 mille
1851 1319 1986 1355 servos,
2006 1308 2069 1357 qui
2092 1317 2208 1347 tenta-

1221 1348 1327 1388 tionis
1346 1352 1382 1389 in
1419 1362 1577 1406 tempore
1605 1365 1640 1393 et
1675 1357 1792 1394 exsilii
1826 1357 2013 1397 dominum
2043 1360 2207 1399 deserue-

1221 1402 1307 1452 rint,
1328 1418 1370 1441 ac
1384 1407 1590 1445 recesserint
1607 1424 1614 1445 :
1629 1409 1805 1459 numquid
1825 1410 1862 1447 hi
1882 1426 2051 1464 prospera
2069 1414 2207 1453 favente

1221 1454 1362 1494 fortuna
1383 1459 1493 1509 servi,
1521 1461 1583 1510 qni
1612 1463 1816 1500 tentationis
1836 1472 1993 1516 tempore
2020 1466 2207 1505 dominum

1221 1507 1455 1559 reliquerunt,
1471 1525 1572 1563 pares
1602 1527 1676 1551 esse
1701 1525 1849 1566 possunt
1878 1517 1923 1561 ei,
1950 1519 2012 1568 qui
2038 1520 2143 1557 rebus
2170 1521 2207 1558 in

1221 1559 1380 1600 adversis
1411 1564 1607 1603 Dominum
1642 1575 1693 1604 est
1723 1577 1892 1618 sequutus
1909 1570 1926 1605 Ξ)
1958 1571 2204 1622 Nequaquam.

1222 1613 1385 1652 Credidit
1400 1617 1526 1655 Petrus
1537 1633 1549 1667 3
1569 1618 1632 1656 sed
1645 1633 1726 1657 cum
1745 1630 1902 1659 mortuos
1927 1636 2009 1660 eum
2029 1626 2208 1663 suscitan—

1221 1674 1294 1703 tem
1326 1668 1492 1715 vidisset,
1537 1684 1621 1708 cum
1657 1672 1808 1723 gloriam
1841 1675 1918 1726 ejus
1951 1678 2208 1730 contemplatus

1171 1740 1201 1764 71
1223 1728 1325 1768 esset,
1363 1721 1514 1760 credidit
1533 1738 1541 1758 ε
1563 1724 1715 1763 eredidit
1744 1727 1897 1777 Paulus,
1927 1728 1988 1766 sed
2025 1743 2106 1768 cum
2137 1745 2207 1769 cae-

1175 1779 1202 1808 A
1221 1770 1308 1810 litus
1347 1773 1491 1812 missam
1527 1776 1645 1815 lucem
1682 1778 1846 1830 vidisset,
1886 1795 2037 1832 eumque
2071 1783 2207 1823 lumina

1222 1826 1379 1877 corporis
1413 1839 1662 1881 excaecantem,
1694 1833 1820 1870 animae
1853 1847 1938 1871 vero
1969 1836 2090 1874 oculos
2119 1837 2206 1875 illu-

1221 1877 1414 1917 minantem
1437 1896 1445 1917 :
1475 1882 1630 1921 credidit
1662 1885 1870 1935 Abraham3
1901 1887 1964 1925 sed
1994 1903 2076 1926 cum
2110 1889 2207 1929 dix-i-

1219 1944 1302 1967 nam
1320 1931 1495 1971 visionem
1509 1936 1703 1987 aspexisset
1715 1954 1723 1974 :
1735 1939 1845 1976 Isaias
1862 1940 2030 1990 credidi13
2046 1942 2109 1980 sed
2124 1957 2206 1982 eum

1218 1996 1300 2020 eum
1318 1984 1354 2021 in
1373 1986 1462 2024 solio
1479 1987 1660 2027 sedentem
1677 1991 1815 2029 excelso
1833 1992 1996 2044 vidisset,
2017 2004 2051 2032 et
2069 1996 2204 2034 Cheru-

1217 2035 1293 2072 bim
1312 2036 1348 2074 in
1372 2038 1524 2077 circuitu
1539 2041 1627 2092 ejus.
1645 2044 1778 2081 Omnes
1796 2044 1976 2094 viderunt,
1995 2047 2058 2086 sed
2076 2049 2111 2085 in
2129 2050 2205 2100 glo-

1217 2088 1269 2125 ria
1285 2105 1293 2125 :
1309 2089 1369 2128 hic
1398 2101 1516 2129 autem
1546 2093 1583 2131 in
1609 2094 1802 2146 ignominia
1816 2113 1827 2147 5
1845 2099 2077 2148 quamobrem
2098 2103 2203 2140 etiam

1216 2141 1415 2181 clamabat:
1430 2147 1612 2193 Domine,
1634 2158 1822 2187 memento
1837 2153 1924 2197 mei,
1943 2165 2030 2190 cum
2049 2159 2204 2194 veneris

1216 2196 1258 2231 in
1277 2210 1436 2245 regnum
1465 2207 1584 2237 tuum.
1617 2201 1687 2239 Sed
1713 2212 1867 2254 spectato
1897 2218 2017 2242 rerum
2043 2221 2203 2246 mearum

1215 2256 1330 2294 statu,
1350 2250 1439 2288 mihi
1468 2251 1600 2290 dicturi
1632 2255 1738 2292 estis:
1759 2256 2001 2303 Quamobrem
2028 2259 2096 2297 hoc
2123 2261 2200 2299 ais?

1216 2301 1394 2351 Equidem
1407 2315 1571 2355 peccator
1588 2320 1679 2355 sum,
1694 2316 1728 2344 et
1739 2308 1917 2347 homicida
1930 2311 2038 2349 :latro
2051 2313 2098 2350 ad
2110 2313 2200 2352 hanc

1215 2355 1341 2393 horam
1371 2371 1484 2407 usque
1501 2374 1508 2394 ε
1527 2359 1641 2396 multa
1672 2370 1754 2398 sunt
1781 2362 1911 2400 scelera
1943 2377 2043 2413 mea,
2061 2366 2173 2404 fateor
2186 2384 2197 2416 ;

1214 2407 1276 2445 sed
1290 2408 1326 2445 in
1339 2419 1456 2448 mente
1469 2425 1547 2449 mea
1562 2411 1671 2449 fidem
1688 2413 1931 2453 absconditam
1950 2416 2075 2467 habeo,
2092 2433 2200 2470 quam

1213 2475 1316 2498 nemo
1338 2462 1449 2511 novit,
1469 2463 1537 2501 nisi
1560 2464 1735 2503 Dominus
1757 2467 1869 2515 solus,
1889 2468 1951 2518 qui
1977 2484 2117 2509 mecum
2136 2487 2198 2524 pa-

1212 2513 1312 2550 titur.
1340 2514 1456 2552 Habet
1481 2516 1636 2555 exterius
1666 2529 1872 2570 apparentes
1898 2531 1999 2560 notas
2025 2525 2198 2575 passionis

1214 2566 1389 2604 Dominus
1407 2583 1415 2603 :
1435 2578 1470 2606 at
1491 2583 1554 2620 ego
1573 2583 1664 2619 eam,
1686 2585 1764 2621 quae
1784 2583 1945 2625 apparet,
1965 2575 2199 2626 ignominiam

1214 2633 1283 2656 non
1299 2619 1453 2669 attendo,
1461 2622 1524 2659 sed
1535 2622 1778 2661 absconditam
1793 2626 2011 2678 majestatem
2023 2630 2195 2681 glorifico.

1214 2671 1273 2709 Sic
1286 2680 1319 2708 et
1329 2680 1367 2709 tu
1377 2672 1487 2712 dicito
1499 2689 1507 2710 τ
1521 2675 1687 2727 Domine,
1705 2677 1790 2724 noli,
1807 2692 1887 2729 quae
1903 2692 2073 2733 apparent
2091 2684 2197 2723 scele-

1213 2738 1251 2761 ra
1272 2738 1363 2774 mea,
1384 2725 1446 2763 sed
1470 2727 1714 2767 absconditam
1733 2730 1842 2768 fidem
1860 2743 2037 2785 spectare;
2059 2745 2093 2774 et
2112 2739 2195 2776 Me-

1214 2786 1341 2814 mento
1356 2781 1443 2825 mei,
1463 2793 1550 2817 cum
1564 2785 1718 2821 veneris
1733 2785 1774 2820 in
1786 2798 1946 2837 regnum
1963 2797 2082 2827 tuum.
2103 2791 2196 2828 Cum

1214 2829 1305 2867 nulli
1331 2845 1477 2882 prorsus
1505 2833 1701 2885 quidquam
1720 2835 1889 2887 loquutus
1907 2850 1996 2878 esset
2015 2842 2193 2893 Christus,

1213 2881 1277 2919 sed
1305 2883 1492 2934 tacuisset,
1514 2895 1547 2923 et
1571 2900 1684 2939 neque
1708 2889 1843 2939 Pilato,
1869 2906 1980 2943 neque
2004 2895 2069 2932 ulli
2093 2896 2194 2934 alteri

1212 2936 1232 2974 J
1237 2934 1421 2974 udaeorum
1439 2939 1604 2977 scelerato
1634 2941 1744 2994 capiti
1774 2945 2026 2996 respondisset,
2045 2957 2123 2986 tum
2140 2963 2194 2987 re-

1213 2987 1362 3040 spondet
1367 3004 1378 3038 3
1394 2999 1428 3027 et
1439 2992 1606 3041 quoniam
1623 3008 1730 3046 grave
1745 2995 1940 3036 admodum
1954 3009 1986 3036 et
2001 3000 2194 3039 incommo-

1212 3041 1299 3078 dum
1320 3051 1394 3080 erat
1411 3043 1607 3096 silentium,
1624 3048 1700 3098 jam
1720 3049 1925 3101 respondet,
1951 3052 2068 3103 aitque
2086 3054 2193 3091 latro-

1212 3094 1248 3131 ni
1265 3109 1272 3130 :
1287 3095 1432 3143 Amen,
1452 3111 1579 3145 amen,
1602 3101 1688 3138 dico
1708 3104 1779 3139 tihi
1794 3118 1805 3138 :
1818 3104 1931 3142 hodie
1951 3119 2096 3143 mecum
2121 3110 2195 3145 eris

1212 3149 1254 3184 in
1277 3150 1475 3199 paradiso.
1502 3152 1534 3189 O
1557 3153 1732 3191 eximium
1758 3155 1938 3206 largitoris
1955 3158 2189 3198 beneficium!

1211 3200 1510 3253 Quandoquidem
1534 3205 1677 3243 tardum
1707 3207 1918 3246 beneficium
1934 3210 2137 3260 postulasti,
2153 3225 2194 3249 ac

1210 3253 1348 3303 dixisti,
1372 3257 1568 3295 Memento
1595 3262 1682 3306 mei,
1714 3262 1894 3307 Domine,
1924 3275 2010 3298 cnm
2039 3267 2194 3301 ‘veneris

1211 3309 1252 3344 in
1267 3321 1426 3359 regnum
1445 3319 1565 3358 tuum,
1592 3325 1668 3349 sero
1692 3313 1892 3364 postulasti,
1913 3326 1978 3363 ego
1993 3328 2194 3368 praeprope-

2225 1954 2296 1981 lsai.
2312 1955 2337 1982 (i,
2360 1963 2383 1981 ῐ.

119 3349 343 3400 παράδεισον,
361 3350 383 3395 ἢ
401 3354 449 3403 τῷ
467 3354 578 3402 λῃστῇ
594 3369 600 3374 ·
628 3354 779 3402 οὐδαμοῦ
795 3353 952 3404 φαίνεται
968 3371 1007 3393 το
1026 3356 1139 3406 στόμα
1164 3369 1186 3398 C
1211 3374 1291 3398 rum
1309 3361 1521 3401 beneficium
1544 3365 1684 3403 confero
1701 3380 1709 3400 ε
1727 3366 1853 3404 Hodie
1880 3379 2026 3403 mecum
2055 3372 2129 3407 eris
2155 3373 2195 3408 in
2210 3369 2271 3397 Luc
2290 3372 2393 3413 2343.

1946 3419 2007 3456 402
