2481 3678
631 207 674 237 ΙΝ
713 207 923 237 ,ΙΟΛΝΝΕΜ
958 206 1121 237 HOMlL.

108 288 209 328 τοῦτο’
239 291 343 334 ἐστιν,
372 288 530 335 ἐννόησον
551 292 624 333 πῶς
650 289 776 328 ἄτοπον
797 290 836 328 τὸ
858 288 1049 342 εἰρημένον,
1067 288 1127 325 ἀπ’

109 353 220 389 αὐτῶν
239 353 306 388 τῶν
327 349 491 402 ῥημάτων
505 350 700 401 γυμνάζων.
716 349 829 389 ΩὈταν
850 350 917 402 γὰρ
941 349 1019 400 εἴπῃ
1033 377 1042 394 ,
1058 346 1129 385 Καὶ

109 411 249 461 μείζονα
267 410 395 449 τούτων
415 410 514 454 δείξει
538 413 631 462 αὐτῷ
647 411 748 463 ἔργα,
773 410 997 463 εὑρεθήσεται
1014 405 1130 446 πολλὰ

109 472 255 522 μηδέπω
283 470 400 522 μαθών
413 488 420 495 ·
443 472 528 525 ὅπερ
548 471 622 511 οὐδὲ
642 472 721 525 περὶ
742 471 944 510 ἀποστόλων
965 470 1055 508 ἔστιν
1079 469 1130 506 εἷ-

108 539 198 570 πεῖν.
221 535 293 570 Τοῦ
311 532 378 584 γὰρ
403 533 605 583 Πνεύματος
624 532 716 576 ἅπαξ
738 531 902 575 λαόόντες
930 530 992 577 τὴν
1011 529 1129 582 χάριν,

110 593 231 644 ἀθρόον
253 593 370 631 πάντα
389 593 448 631 καὶ
464 594 592 645 ᾔδεσαν
611 594 670 632 καὶ
695 592 854 632 ἐδύναντο
871 593 1017 638 ἐκεῖνοι,
1041 589 1131 642 ἅπερ

109 654 169 691 καὶ
186 654 309 692 εἰδέναι
330 653 453 698 αὐτοὺς
474 655 533 693 καὶ
557 655 721 693 δύνασθαι
739 652 818 691 ἔδει.
845 646 957 696 Οῧτος
977 650 1012 689 δὲ
1032 653 1131 702 εὑρε-

111 715 251 761 θήσεται
264 715 378 753 πολλὰ
397 709 443 753 ὧν
461 716 585 754 εἰδέναι
605 717 726 767 ἐχρῆν,
746 713 894 764 μηδέπω
910 711 1044 763 μαθών.
1062 710 1132 749 Καὶ

110 775 144 813 τί
158 776 279 814 τούτου
298 776 422 827 γένοιτ’
436 777 476 814 ἂν
494 776 730 829 ἀτοπώτερον,
749 774 796 812 Τί
817 768 874 812 οῧν
894 776 968 811 ἐστι
983 773 1022 811 τὸ
1041 775 1134 824 εἰρη-

113 837 235 887 μένον;
254 837 399 884 Ἐπειδὴ
415 837 473 876 τὸν
487 837 686 888 παράλυτον
704 835 841 887 ἔσφιγξε
856 865 865 882 ,
887 835 1006 886 μέλλει
1024 832 1059 871 δὲ
1075 833 1135 871 καὶ

110 898 227 950 νεκρὸν
240 898 396 949 ἐγείρειν,
410 897 466 935 διὰ
481 902 580 935 τοῦτο
591 897 699 940 οὕτως
715 890 790 934 εἶπε
802 924 811 941 ,
829 894 1014 946 μονονουχὶ
1035 897 1136 932 τοῦτο

110 958 238 1009 λέγων·
275 958 465 1009 θαυμάζετε
499 958 552 996 ὅτι
584 958 780 1010 παράλυτον
807 955 972 1008 ἔσφιγξα,
995 954 1135 1005 μείζονα

108 1019 236 1058 τούτων
265 1019 399 1071 ὄψεσθε.
421 1019 512 1057 Ἀλλ’
533 1018 622 1058 οὕτω
647 1018 708 1070 μὲν
729 1019 791 1056 οὐκ
810 1012 885 1056 εἷπε
898 1048 907 1066 ,
927 1015 1132 1055 ταπεινότε-

110 1096 166 1132 ρον
186 1081 223 1119 δέ
241 1097 315 1125 πως
331 1080 502 1127 διέξεισιν,
518 1081 574 1119 ἵνα
595 1082 706 1118 αὐτῶν
726 1079 1051 1131 1’παραμυθήσηται
1070 1077 1134 1124 τὴν

109 1141 249 1192 μανίαν.
268 1141 337 1180 Καὶ
357 1141 412 1179 ἵνα
433 1142 545 1194 μάθῃς
563 1142 617 1180 ὅτι
640 1141 700 1189 τὸ,
722 1140 856 1189 Δείξει,
876 1143 913 1178 οὐ
932 1140 1059 1191 κυρίως
1088 1141 1134 1178 εἴ·

111 1218 234 1254 ρηται,
262 1203 407 1242 ἄκουσον
433 1206 501 1241 τῶν
532 1202 609 1248 ἑξῆς
634 1195 680 1240 ὧν
704 1202 826 1253 ἐπάγει
856 1202 973 1241 πάλιν.
995 1200 1135 1253 Ἰξσπερ

107 1263 176 1315 γὰρ
198 1267 215 1302 ὃ
234 1263 361 1315 Πατὴρ
380 1264 505 1315 ἐγείρει
525 1263 603 1307 τοὺς
621 1263 762 1315 νεκροὺς
792 1263 851 1301 καὶ
875 1266 1053 1309 ζωοποιεῖ,
1073 1278 1136 1314 φη-

110 1325 175 1372 σὶν,
193 1324 283 1362 οὕτω
302 1325 361 1363 καὶ
386 1328 403 1363 ὁ
427 1325 509 1369 Υἱὸς
531 1325 586 1368 οὒς
615 1325 704 1363 θέλει
727 1326 898 1368 ζωοποιεῖ.
922 1324 1048 1362 Καίτοι
1074 1325 1136 1370 τὸ,

109 1386 218 1424 Οὐδὲν
242 1386 385 1424 δύναται
415 1389 472 1438 ἀφ)
504 1389 627 1425 ἑαυτοῦ
661 1392 785 1432 ποιεῖν,
817 1389 887 1438 τῷ,
910 1385 981 1428 Οὒς
1020 1385 1136 1432 θέλει,

108 1447 259 1485 ἐναντίον
279 1447 383 1486 ἐστίν.
404 1449 448 1485 Εἰ
475 1447 541 1499 γὰρ
563 1447 619 1490 οὒς
645 1446 754 1495 θέλει,
772 1446 916 1484 δύναται
934 1448 991 1497 ἀφ’
1015 1449 1138 1484 ἑαυτοῦ

108 1514 217 1546 ποιεῖν
244 1508 305 1555 (τὸ
332 1507 399 1559 γὰρ
420 1508 543 1554 θέλειν,
569 1506 768 1555 ἐξουσίας)·
793 1509 822 1545 εἷ
858 1506 892 1545 δὲ
924 1510 960 1545 οὐ
994 1506 1138 1544 δύναται

109 1571 167 1620 ἀφ’
189 1571 330 1615 ἑαυτοῦ,
351 1570 411 1607 οὐκ
427 1568 478 1606 ἔτι
496 1568 551 1611 οὒς
571 1567 675 1606 θέλει.
697 1568 750 1606 Τὸ
771 1567 834 1618 μὲν
852 1567 940 1619 γὰρ,
959 1566 1100 1618 (Ὠσπερ
1121 1570 1139 1603 ὃ

109 1628 235 1681 Πατὴρ
255 1628 400 1681 ἐγείρει,
427 1631 491 1675 τῆς
515 1628 693 1679 δυνάμεως
716 1628 869 1667 δείκνυσι
889 1628 951 1675 τὴν
973 1630 1136 1681 ἀπαραλ-

108 1689 228 1734 λαξίαν
241 1706 248 1713 ·
271 1690 311 1728 τὸ
333 1690 390 1737 δὲ,
421 1689 492 1734 Οὓς
511 1690 623 1736 θέλει,
643 1693 706 1737 τῆς
725 1689 880 1734 ἐξουσίας
897 1689 959 1736 τὴν
981 1688 1137 1736 ἰσότητα.

109 1751 218 1804 Ὁρᾷς
244 1751 297 1789 ὅτι
328 1751 390 1797 τὸ,
423 1753 477 1790 Οὐ
516 1750 659 1790 δύναται
691 1753 750 1804 ἀφ’
782 1754 905 1789 ἑαυτοῦ
938 1757 1061 1796 ποιεῖν,
1100 1751 1137 1788 οὐ

109 1811 173 1859 τὴν
211 1812 367 1857 ἐξουσίαν
399 1812 618 1866 ἀναιροῦντος
649 1815 757 1860 ἐστιν,
783 1813 873 1851 ἀλλὰ
904 1813 944 1851 τὸ
975 1812 1137 1864 ἀπαράλ-

109 1875 234 1912 λακτον
271 1878 334 1920 τῆς
367 1873 544 1925 δυνάμεως
578 1874 636 1912 καὶ
659 1879 718 1912 τοῦ
750 1873 944 1924 θελήματος
970 1874 1139 1911 ἐνδεικνυ-

110 1934 236 1984 μένους
262 1934 368 1973 Οὕτω
387 1935 446 1973 καὶ
468 1935 528 1983 τὸ,
555 1934 668 1979 Δείξει
687 1937 781 1986 αὐτῷ
794 1965 804 1979 ,
822 1935 960 1981 νόησον.
988 1935 1057 1972 Καὶ
1072 1935 1139 1985 γὰρ

110 1994 169 2032 καὶ
201 1997 355 2047 ἀλλαχοῦ
388 2011 512 2048 φησιν·
546 1994 642 2047 Ἐγὼ
674 1995 861 2042 ἀναστήσω
896 1996 997 2033 αὐτὸν
1028 1998 1062 2033 ἐν
1096 1999 1138 2047 τῇ

111 2056 244 2107 ἐσχάτῃ
265 2055 392 2108 ἡμέρᾳ.
413 2056 483 2095 Καὶ
508 2057 627 2104 πάλιν,
649 2055 780 2100 δεικνὺς
800 2057 852 2094 ὅτι
883 2059 943 2095 οὐκ
965 2057 1139 2109 ἐνέργειαν

113 2116 296 2167 δεχόμενος
316 2123 431 2163 ποιεῖ,
456 2117 552 2170 Ἐγώ
573 2120 643 2168 εἶμι
663 2121 684 2164 ἡ
709 2118 920 2163 ἀνάστασις,
948 2118 1051 2170 φησὶ,
1080 2118 1140 2157 καὶ

110 2180 132 2223 ἡ
154 2177 238 2223 ζωή.
270 2171 360 2216 Εἶτα
386 2179 443 2216 ἵνα
468 2178 516 2229 μὴ
545 2178 666 2230 λέγῃς,
696 2179 748 2218 ὅτι
767 2177 906 2232 νεκροὺς
926 2179 988 2229 μὲν
1014 2179 1140 2232 ἐγείρει

111 2236 168 2280 οὒς
185 2237 288 2286 θέλει,
309 2239 368 2276 καὶ
379 2242 555 2287 ζωοποιεῖ,
575 2239 619 2277 τὰ
640 2240 675 2279 δὲ
705 2240 795 2278 ἄλλα
815 2242 880 2292 οὐχ
905 2239 994 2278 οὕτω
1022 2248 1137 2288 ποιεῖ,

111 2298 298 2349 προλαὸὼν
319 2306 435 2338 πᾶσαν
453 2301 658 2339 ἀπέκλεισεν
676 2300 873 2352 ἀντιλογίαν
889 2301 1065 2350 τοιαύτην,
1087 2305 1139 2341 εἷ-

111 2359 205 2397 πών·
238 2358 280 2397 Ἃ
314 2360 382 2413 γὰρ
411 2361 450 2399 ἂν
482 2364 609 2406 ἐκεῖνος
636 2365 742 2414 ποιῇ,
772 2365 884 2400 ταῦτα
916 2363 975 2400 καὶ
1007 2366 1025 2401 ὃ
1058 2364 1141 2408 Υἱὸς

110 2420 238 2470 ὁμοίως
270 2427 383 2459 ποιεῖ·
419 2423 533 2470 δηλῶν
557 2423 611 2461 ὅτι
633 2423 692 2461 καὶ
711 2424 827 2462 πάντα
851 2424 873 2461 ἃ
902 2426 1048 2470 ἐκεῖνος,
1081 2426 1141 2463 καὶ

111 2479 220 2524 οὕτως
239 2484 285 2525 ὡς
304 2484 432 2526 ἐκεῖνος
451 2490 566 2521 ποιεῖ·
586 2483 650 2521 κᾶν
670 2486 800 2535 νεκρῶν
816 2484 916 2533 εἴπῃς
937 2485 1140 2533 ἀνάστασιν,

112 2539 178 2577 κᾶν
209 2540 380 2590 σωμάτων
402 2542 601 2589 διάπλασιν,
626 2543 690 2581 κᾶν
712 2543 975 2594 ἁμαρτημάτων
1003 2544 1139 2596 ἄφεσιν,

114 2600 178 2639 κᾶν
198 2603 390 2648 ἀλλοτιοῦν,
409 2602 536 2653 ὁμοίως
554 2603 736 2655 ἐργάζεται
754 2607 804 2656 τῷ
822 2604 1056 2655 γεγεννηκότι.

169 3049 260 3087 Ἀλλ’
293 3050 405 3087 οὐδενὶ
433 3051 565 3089 τούτων
593 3053 822 3105 προσέχουσιν
851 3056 882 3092 οἱ
916 3056 978 3100 τῆς
1009 3055 1139 3091 ἑαυτῶν
1154 3080 1202 3107 224

117 3111 324 3160 ἀμελοῦντες
350 3112 542 3165 σωτηρίας·
570 3118 730 3152 τοσοῦτον
758 3115 864 3152 κακὸν
888 3115 928 3152 τὸ
956 3113 1140 3165 προεδρίας
1165 3117 1192 3146 Α
1215 3123 1316 3148 suam
1347 3106 1534 3157 negligunt
1567 3102 1716 3141 salutem
1748 3116 1755 3136 :

118 3173 210 3222 ἐρᾷν.
232 3172 344 3209 Τοῦτο
358 3172 418 3215 τὰς
439 3173 584 3224 αἱρέσεις
601 3173 714 3222 ἔτεκε,
735 3180 835 3213 τοῦτο
848 3175 909 3223 τὴν
926 3177 994 3212 τῶν
1009 3174 1141 3221 Ἑλλή-

118 3247 184 3268 νων
201 3232 408 3271 ἐὸεὸαίωσεν
429 3233 603 3273 ἀσέὸειαν.
619 3235 663 3274 ‘O
680 3236 741 3286 μὲν
757 3236 824 3288 γὰρ
839 3236 929 3280 Θεὸς
949 3235 993 3274 τὰ
1009 3235 1142 3287 ἀόρατα

121 3294 222 3328 αὐτοῦ
246 3293 412 3337 ἦέούλετο
431 3294 488 3333 διὰ
506 3299 568 3342 τῆς
585 3296 730 3340 κτίσεως
750 3302 808 3335 τοῦ
827 3296 958 3347 κόσμου
976 3298 1141 3343 νοηθῆναι

169 3410 180 3422 ···
200 3402 221 3430 Α
228 3398 258 3431 lii
276 3406 323 3445 θερ
330 3406 438 3438 umber.
445 3430 451 3434 .

2124 184 2144 197 pu

1162 203 1350 233 xxxviii.
1387 185 1448 230 al.
1487 185 1659 230 xxxvii.
2087 201 2174 244 ²³7

1194 284 1270 335 jam
1301 281 1401 330 dixi,
1433 294 1496 318 nec
1522 280 1629 317 finem
1658 277 1802 316 dicendi
1834 278 1984 325 faciam,
2018 279 2057 316 id
2089 294 2180 317 nunc

1198 351 1366 395 repetam.
1387 340 1541 388 Quando
1562 339 1699 391 aliquid
1730 338 1924 376 demissum
1943 338 2031 376 dicit
2062 348 2095 376 et
2114 339 2180 376 hu-

1200 403 1302 451 mile,
1323 402 1363 440 id
1382 416 1461 441 cum
1480 400 1678 453 hyperbole
1693 400 1845 452 profert,
1866 408 1904 437 ut
1936 399 1990 439 vel
2010 399 2183 451 improbis

1200 464 1394 504 verborum
1427 463 1547 501 vilitas
1576 461 1742 510 suadeat,
1779 470 1818 498 ut
1846 460 1905 512 pia
1939 469 2055 497 mente
2084 474 2184 497 sensa

1205 524 1416 577 percipiant.
1446 523 1523 561 Nisi
1558 522 1652 560 enim
1683 522 1750 559 hoc
1788 530 1894 571 esset,
1927 520 2042 572 cogita
2079 534 2186 571 quam

1205 585 1403 624 absurdum
1435 593 1524 623 esset
1557 584 1597 622 id
1627 582 1725 634 quod
1752 582 1904 630 dicitur,
1939 582 2037 632 quod
2078 582 2187 620 verba

1206 645 1425 699 explorando
1452 645 1635 698 percipies.
1665 643 1817 690 Quando
1837 643 1931 681 enim
1957 642 2067 693 dicit,
2101 644 2190 680 Ma-

1201 711 1293 761 jora
1324 709 1384 746 his
1415 708 1586 746 ostendet
1619 709 1655 744 ei
1685 719 1822 757 opera,
1852 704 2051 744 invenietur
2078 704 2189 741 multa

1157 782 1181 812 C
1209 770 1366 809 nondum
1392 769 1560 808 didicisse
1582 784 1589 805 z
1612 768 1708 819 quod
1727 781 1770 805 ne
1795 766 1840 805 de
1858 766 2027 819 apostolis
2047 765 2191 816 quidem

1207 831 1409 869 dicendum.
1437 831 1530 868 Nam
1557 844 1638 868 cum
1666 828 1824 880 Spiritus
1850 827 2001 878 gratiam
2036 826 2191 878 accepis-

1208 904 1305 944 sent,
1334 894 1519 932 confertim
1549 892 1668 930 onmia
1698 899 1895 940 noverunt,
1924 889 2042 927 omnia
2070 898 2192 941 potue-

1210 964 1310 1006 runt,
1341 970 1418 1006 quae
1449 955 1545 1006 ipsos
1564 963 1598 991 et
1617 953 1704 991 scire
1723 961 1756 989 et
1782 965 1883 1003 posse
1911 950 2094 1002 oportebat
2103 966 2114 999 3
2138 950 2196 987 hic

1209 1026 1327 1054 autem
1341 1017 1454 1054 multa
1468 1016 1558 1053 scitu
1573 1013 1766 1052 necessaria
1783 1011 1942 1050 nondum
1953 1010 2121 1048 didicisse
2134 1011 2194 1048 de-

1210 1078 1449 1131 prehendetur
1462 1093 1469 1113 :
1485 1090 1555 1128 quo
1568 1075 1656 1127 quid
1666 1073 1860 1112 absurdius
1874 1086 1946 1110 esse
1956 1072 2085 1123 queat?
2098 1070 2197 1118 Quid

1211 1154 1293 1192 ergo
1321 1138 1387 1177 sibi
1408 1138 1488 1177 vult
1514 1137 1651 1175 dictum
1669 1135 1789 1174 illud?
1815 1134 1906 1181 Quia
1928 1133 2126 1185 paralytico
2147 1133 2196 1170 sic

1210 1210 1350 1250 curato,
1380 1207 1563 1237 mortuum
1583 1197 1819 1236 suscitaturus
1847 1204 1920 1233 erat
1929 1210 1939 1243 3
1963 1194 2043 1231 ideo
2073 1194 2124 1230 sic
2144 1194 2195 1230 lo-

1210 1271 1344 1313 quutus
1376 1270 1447 1310 est,
1468 1274 1509 1297 ac
1530 1259 1559 1297 si
1589 1258 1722 1296 diceret
1740 1273 1748 1293 :
1770 1255 1953 1296 Miramini
1974 1270 2029 1293 me
2050 1256 2196 1307 paraly-

1212 1325 1323 1363 ticum
1342 1322 1508 1361 sanasse?
1526 1321 1582 1359 his
1599 1321 1735 1371 majora
1753 1317 1933 1357 videbitis.
1946 1317 2066 1367 Neque
2081 1325 2196 1353 tamen

1212 1387 1260 1424 ita
1278 1387 1448 1436 loquutus
1462 1393 1532 1432 est,
1553 1381 1615 1419 sed
1630 1379 1822 1417 humiliore
1842 1392 1928 1416 usus
1943 1386 1995 1415 est
2015 1391 2173 1415 sermone
2185 1407 2194 1423 ,

1211 1457 1250 1485 ut
1270 1446 1415 1483 illorum
1433 1445 1591 1481 furorem
1615 1449 1864 1492 compesceret.
1894 1440 1946 1476 Ut
1965 1452 2049 1476 vero
2079 1437 2196 1475 discas

1210 1508 1322 1555 illud,
1351 1505 1644 1544 Demonstrabit
1655 1531 1667 1548 ‚
1690 1515 1759 1539 non
1788 1499 1930 1552 proprie
1949 1498 2085 1536 dietum
2103 1513 2194 1545 esse,

1211 1570 1294 1608 audi
1316 1584 1357 1607 ea
1384 1582 1460 1619 quae
1488 1572 1694 1616 sequuntur.
1725 1565 1787 1600 91.
1818 1561 1923 1600 Sicut
1954 1563 2057 1598 enim
2076 1562 2197 1598 Pater

1211 1633 1372 1670 suscitat
1405 1636 1573 1667 mortuos
1605 1633 1641 1663 et
1672 1623 1870 1676 vivificat,
1907 1624 1962 1659 sic
2001 1629 2038 1658 et
2068 1622 2196 1659 Filius

1213 1706 1308 1745 quos
1327 1691 1416 1729 vult
1438 1688 1630 1741 vivificat.
1649 1684 1759 1735 Atqui
1779 1681 1887 1731 illud,
1903 1682 2017 1720 Nihil
2028 1690 2153 1733 potest
2173 1697 2197 1719 a

1212 1756 1413 1805 semetipso
1445 1752 1597 1803 facere,
1641 1745 1857 1784 contrarium
1892 1752 1944 1781 est
1990 1742 2044 1780 illi
2081 1742 2196 1793 dicto,

1218 1817 1320 1867 Quos
1339 1813 1441 1851 vult.
1459 1811 1497 1849 Si
1519 1810 1613 1848 enim
1627 1822 1715 1859 quos
1737 1806 1815 1846 vult
1835 1804 2016 1853 vivificat,
2037 1819 2057 1841 a
2076 1813 2198 1841 semet-

1214 1878 1291 1930 ipso
1320 1874 1459 1926 aliquid
1478 1874 1590 1910 facere
1624 1878 1738 1922 potest
1775 1867 1886 1916 (velle
1907 1866 1999 1903 euim
2019 1866 2199 1917 potestatis

1215 1944 1301 1988 est):
1320 1936 1419 1989 quod
1440 1935 1468 1974 si
1497 1947 1567 1973 non
1586 1941 1702 1985 potest
1729 1945 1747 1967 a
1768 1930 1882 1981 seipso
1895 1958 1903 1971 ,
1918 1928 1994 1980 jam
2026 1941 2095 1965 non
2111 1942 2198 1978 quos

1215 2002 1296 2041 vult
1314 1999 1485 2039 vivificat.
1502 1995 1601 2035 Illud
1623 1994 1734 2041 enim,
1753 1993 1857 2031 Sicut
1874 1993 1995 2029 Pater
2012 1994 2193 2034 suscitat,

1216 2063 1386 2115 aequalem
1403 2061 1529 2114 probat
1549 2058 1717 2096 virtutem
1727 2070 1737 2105 3
1761 2053 1939 2104 illudque,
1965 2054 2066 2103 Quos
2087 2053 2193 2099 vult,

1215 2125 1398 2181 potestatis
1418 2123 1615 2177 paritatem.
1632 2118 1764 2159 Videu’
1787 2116 1898 2165 illud,
1922 2117 2012 2154 Non
2028 2124 2151 2167 potest
2174 2130 2199 2152 α

1215 2193 1337 2241 seipso
1344 2189 1504 2241 facere,
1521 2191 1728 2238 potestatem
1753 2195 1823 2219 non
1837 2179 1978 2228 tollere,
1999 2179 2060 2217 sed
2078 2194 2199 2231 parem

1215 2250 1410 2304 potentiam
1438 2257 1472 2286 et
1489 2246 1710 2287 voluntatem
1730 2241 1956 2294 significare?
1978 2241 2038 2279 Sic
2068 2240 2199 2278 intelli-

1215 2313 1307 2364 ligas
1349 2310 1464 2361 illud,
1506 2307 1799 2347 Demonstrabit
1838 2307 1886 2341 ei.
1929 2301 2072 2340 Etenim
2111 2300 2198 2337 alibi

1215 2374 1323 2423 dicit,
1348 2375 1433 2426 Ego
1453 2371 1687 2411 resuscitabo
1707 2380 1793 2405 eum
1823 2369 1863 2402 in
1891 2365 2095 2402 novissimo
2120 2363 2194 2399 die.
2212 2377 2398 2416 Jumr.6.39.

1215 2436 1266 2473 Ac
1286 2448 1448 2481 rursum,
1469 2429 1655 2470 ostendens
1679 2441 1714 2466 se
1733 2427 1808 2464 vim
1829 2422 1996 2476 operandi
2015 2436 2082 2459 non
2102 2436 2199 2460 acce-

1213 2497 1327 2549 pisse,
1356 2497 1442 2546 Ego
1463 2506 1566 2537 sum,
1596 2488 1736 2539 inquit,
1766 2487 1992 2525 resurrectio
2027 2493 2064 2521 et
2094 2487 2194 2522 vita.
2212 2497 2303 2564 Jgan.
2327 2500 2376 2522 ιι.

2172 2545 2179 2551 '
2214 2546 2230 2565 2
2257 2556 2264 2564 2

1214 2557 1354 2595 Deinde
1376 2570 1420 2593 ne
1438 2554 1535 2591 dicas
1558 2552 1677 2603 ipsum
1701 2562 1789 2599 quos
1811 2547 1892 2586 vult
1910 2554 2069 2583 mortuos
2086 2560 2198 2583 susci-

1213 2629 1288 2657 tare
1312 2628 1346 2656 et
1363 2616 1562 2662 vivificare,
1585 2611 1646 2650 sed
1669 2611 1738 2648 alia
1761 2624 1831 2648 non
1849 2606 1997 2661 perinde
2015 2608 2142 2655 facere,
2167 2617 2201 2645 et

1213 2681 1305 2718 hanc
1339 2677 1573 2730 objectionem
1594 2672 1770 2725 depellere
1799 2678 1948 2722 occupat
1975 2668 2032 2706 his
2050 2668 2169 2707 verbis
2189 2685 2196 2705 ε

1218 2744 1474 2794 Quaecumque
1487 2737 1719 2788 illefecerit,
1738 2734 1819 2770 hoec
1835 2740 1871 2769 et
1886 2732 1925 2768 F
1924 2731 2013 2768 ilius
2025 2731 2202 2768 similiter

1202 2805 1313 2857 facit
1320 2818 1334 2847 ,·
1356 2799 1538 2839 declarans
1558 2811 1594 2835 se
1614 2794 1732 2833 onmia
1752 2807 1829 2844 quae
1851 2792 1912 2829 ille
1931 2791 2015 2829 facit
2037 2791 2200 2828 similiter

1213 2867 1346 2915 facere3
1382 2870 1539 2900 mortuos
1566 2871 1693 2910 nempe
1722 2854 1908 2903 suscitare,
1942 2867 2089 2905 corpora
2124 2854 2199 2890 for—

1214 2939 1311 2964 mare
1321 2954 1333 2975 ,
1349 2931 1489 2975 peecata
1501 2919 1695 2966 remittere,
1708 2926 1741 2954 et
1754 2914 1899 2968 quidvis
1913 2913 2015 2951 aliud
2023 2943 2034 2963 ,
2051 2913 2199 2965 perinde

1215 2995 1321 3037 atque
1339 2985 1444 3022 Pater
1461 2989 1645 3035 operatur,
1666 2979 1791 3015 facere.

1270 3048 1304 3086 5.
1341 3048 1481 3085 Verum
1512 3043 1569 3081 his
1596 3040 1756 3080 animum
1792 3052 1861 3076 non
1887 3036 2060 3074 adhibent
2088 3035 2114 3072 ii
2137 3036 2198 3085 qui

1791 3108 1929 3137 tantum
1962 3097 2097 3134 malum
2125 3105 2197 3140 est,

1215 3167 1461 3223 praecellentiae
1480 3179 1592 3203 amor.
1608 3163 1684 3200 Hoc
1695 3162 1845 3198 liaereses
1861 3158 2014 3210 peperit,
2035 3157 2100 3193 hoc.
2115 3169 2199 3205 gen-

1213 3232 1335 3271 tilium
1352 3228 1570 3282 impietatem
1588 3223 1761 3262 firmavit.
1784 3223 1880 3259 Deus
1897 3217 2041 3269 quidem
2059 3217 2199 3254 volebat

1216 3291 1415 3334 invisibilia
1443 3303 1505 3328 sua
1539 3301 1603 3340 per
1624 3282 1749 3324 mundi
1778 3281 1990 3320 creationem
2023 3278 2198 3329 intelligi:
