2507 3673
813 189 870 217 DE
910 189 1171 220 NEGATIONF,
1206 190 1351 219 PETRI.

50 266 205 316 εἴρηται·
239 266 436 313 εΠοιήσατε
462 269 543 317 ὑμῖν
564 268 679 319 φίλους
698 269 738 305 ἐκ
754 271 813 306 τοῦ
834 277 987 321 μαμωνᾶ·
1012 274 1074 318 τῆς

50 319 203 362 ἀδικίας·
225 319 300 367 ἵνα,
323 319 404 357 ὅταν
426 318 629 367 ε’κλείπητε,
650 319 814 364 δέξωνται
837 326 925 372 ὑμᾶς
948 326 994 367 εἷς
1013 323 1074 368 τὰς

50 371 209 416 αἰωνίους
236 372 377 419 σκηνάς.
412 373 538 416 Καλῶς
567 366 674 420 εἶπεν,
702 374 880 418 Αἰωνίους.
901 376 1074 415 Ἐνταῦθα

50 423 112 474 μὲν
129 425 195 476 γὰρ
213 424 275 462 κᾶν
297 424 465 476 λαμπρὰν
483 425 567 477 ἔχῃς
581 426 707 471 οἰκίαν,
731 428 1074 472 ἀπόλλυταιπάντως

48 477 254 528 φθειρομένη
284 480 333 528 τῷ
362 477 497 530 χρόνῳ·
528 480 658 528 μᾶλλον
680 479 715 517 δὲ
737 480 797 517 καὶ
816 480 883 532 πρὸ
901 485 962 528 τῆς
983 481 1074 519 κατὰ

47 529 170 580 χρόνον
190 533 315 582 φθορᾶς
329 530 473 572 Θάνατος
489 531 649 581 ἐμπεσὼν
671 532 833 570 ἕκὸάλλει
851 549 889 571 σε
904 536 965 579 τῆς
978 536 1074 583 λαμ-

46 588 138 646 πρᾶς
158 582 286 627 ταύτης
306 582 472 629 οἰκήσεως
485 599 492 606 ·
512 585 681 628 πολλάκις
701 585 736 622 δὲ
758 585 817 622 καὶ
843 585 912 637 πρὸ
929 591 989 624 τοῦ
1013 589 1074 622 θα-

46 649 149 672 νατου
178 634 396 686 πραγμάτων
420 638 522 674 τινῶν
553 637 732 675 δυσκολίαι
763 637 822 674 καὶ
850 640 1072 689 συκοφαντῶν

45 685 160 738 ἔφοδοι
184 688 243 726 καὶ
273 688 453 726 ἐπιὲουλαὶ
482 691 640 727 ἐκπεσεῖν
665 692 771 736 αὐτῆς
794 690 1072 742 παρεσκεύασαν.

42 738 143 778 ’,Εκεῖ
163 741 198 779 δὲ
211 740 306 779 οὐδὲν
318 742 449 779 τούτων
463 742 554 780 ἐστὶν
571 745 803 787 ὑποπτεῦσαι,
821 743 858 778 οὐ
877 742 1018 794 φθορὰν,
1035 744 1072 780 οὗ

44 792 203 841 θάνατον,
237 796 275 831 οὐ
303 795 543 841 κατάπτωσιν,
575 797 613 832 οὐ
644 796 864 845 συκοφαντῶν
892 795 1071 847 ἐπήρειαν,

43 851 106 886 οὐκ
121 849 206 886 ἄλλο
219 845 326 891 οὐδὲν,
347 849 422 885 ἀλλ’
454 847 614 894 ἀκίνητος
643 847 702 884 καὶ
733 846 901 891 ἀθάνατός
930 849 1023 886 ἔστιν
1047 853 1070 896 ἡ

43 901 188 948 οἴκησις.
213 899 280 937 Διὰ
301 905 399 938 τοῦτο
420 899 577 942 αἰωνίους
592 899 696 942 αὐτὰς
715 899 870 938 ἐκάλεσε.
892 901 1073 948 Ποιήσατε

42 955 123 1004 ὑμῖν
149 953 265 1005 φίλους
295 955 334 990 ἐκ
363 957 423 990 τοῦ
455 959 608 1002 μαμωνᾶ
638 956 700 999 τῆς
745 952 895 997 ἀδικίας.
937 953 1066 1006 “Ορᾷ’ς,

41 1006 132 1053 πόση
165 1004 405 1057 φιλανθρωπία
434 1008 494 1041 τοῦ
527 1004 725 1053 Δεσπότου,
746 1004 837 1052 πόση
872 1007 1071 1058 χρηστότης

41 1058 100 1097 καὶ
121 1057 309 1105 ἐπιείκεια,
325 1059 362 1095 οὔ
391 1057 460 1110 γὰρ
479 1058 598 1101 ἁπλῶς
610 1057 740 1104 ταύτην
757 1058 859 1106 ἔθηκε
876 1060 938 1106 την
955 1076 1069 1113 προσ-

41 1111 170 1159 θήκην,
199 1112 276 1148 ἀλλ’
298 1110 418 1156 ἐπειδὴ
446 1111 586 1153 πολλοῖς
612 1111 788 1154 πλουσίοις
818 1113 964 1156 πλοῦτος
993 1129 1069 1152 συν-

40 1164 193 1203 είλεκται
229 1162 265 1207 ἐξ
292 1165 452 1215 ἁρπαγῆς
485 1163 544 1201 καὶ
576 1163 794 1210 πλεονεξίας,
845 1167 961 1208 κακῶς
992 1165 1067 1216 μὲν,

39 1218 156 1270 φησὶν,
191 1219 252 1254 οὐκ
278 1219 384 1269 ἐχρῆν
409 1232 447 1254 σε
466 1215 557 1253 οὕτω
586 1216 745 1260 συλλέξαι
773 1217 959 1269 χρήματα·
990 1220 1066 1257 ἀλλ’

38 1270 158 1318 ἐπειδὴ
179 1268 377 1317 συνέλεξας,
398 1272 499 1316 στῆθι
514 1272 576 1315 τῆς
596 1271 756 1322 ἁρπαγῆς
771 1271 908 1316 καὶτῆς
923 1272 1067 1309 πλεονε-

40 1322 133 1367 ξίας,
152 1323 211 1361 καὶ
229 1324 361 1375 χρῆσαι
386 1324 434 1365 εἷς
454 1321 528 1360 δέον
551 1328 622 1365 τοῖς
649 1323 844 1374 χρήμασιν.
877 1324 930 1361 Οὔ
955 1325 1066 1375 λέγω,

37 1375 93 1413 ἵνα
108 1376 270 1428 ἁρπάζων
285 1376 400 1426 ἐλεῇς,
422 1376 498 1412 ἀλλ’
518 1374 575 1411 ἵνα
590 1377 652 1420 τῆς
671 1375 869 1419 πλεονεξίας
889 1377 1044 1421 ἀποστὰς
1056 1407 1065 1424 ,

36 1428 122 1479 πρὸς
157 1428 392 1478 ἐλεημοσύνην
422 1428 482 1465 καὶ
510 1427 772 1479 φιλανθρωπίαν
798 1429 986 1481 ἀποχρήσῃ
1016 1434 1065 1482 τῷ

35 1480 186 1534 πλούτῳ.
214 1483 257 1519 Εἰ
273 1481 340 1533 γάρ
355 1496 408 1523 τις
427 1479 476 1530 μὴ
496 1479 672 1518 παύσαιτο
700 1483 763 1526 τῆς
792 1482 970 1533 ἁρπαγῆς,
989 1484 1065 1521 οῧέὲ

37 1534 272 1585 ἐλεημοσύνην
297 1532 500 1586 ἐργάσεται·
525 1533 616 1570 ἀλλὰ
640 1532 703 1571 κᾶν
722 1533 828 1585 μυρία
856 1534 1062 1587 καταὲάλλῃ

35 1587 206 1639 χρήματα
231 1590 276 1631 εἰς
302 1586 365 1629 τὰς
395 1589 464 1623 τῶν
486 1585 656 1636 δεομένων
685 1593 823 1639 χεῖρας,
857 1586 902 1624 τὰ
937 1587 1063 1641 ἑτέρων

37 1640 199 1693 ἁρπάζων
225 1639 285 1678 καὶ
305 1640 536 1683 πλεονεκτῶν,
555 1645 625 1682 τοῖς
639 1639 857 1691 ἀνδροφόνοις
876 1640 988 1687 ἐξίσης
1004 1643 1064 1679 λε-

34 1693 194 1744 λόγισται
208 1695 258 1744 τῷ
277 1694 371 1745 Θεῷ.
385 1693 448 1730 Διὸ
467 1691 537 1744 χρὴ
548 1691 744 1736 πλεονεξίας
761 1693 962 1731 ἀποστάντα
977 1695 1065 1746 πρό-

34 1761 150 1798 τερον,
172 1745 260 1783 οὕτω
284 1744 362 1787 τοὺς
388 1744 567 1794 δεομένους
599 1747 717 1783 ἐλεεῖν,
741 1745 863 1792 Πολλὴ
897 1746 964 1798 γὰρ
1000 1752 1063 1795 τῆς

34 1798 265 1848 ἕλεν-,μοσύνης
297 1801 319 1844 ἡ
353 1797 505 1847 δύναμις.
522 1797 627 1836 Ἀλλὰ
648 1798 768 1848 μηδεὶς
788 1798 851 1844 τὴν
881 1799 1060 1852 συνέχειαν

33 1853 95 1897 τῆς
114 1851 343 1901 ὑπομνήσεως
368 1849 579 1901 κατηγορίαν
595 1850 746 1901 ἡγείσθω
768 1854 837 1888 τῶν
853 1852 1060 1892 ἀκουόντων.

32 1905 102 1942 Καὶ
119 1905 183 1957 γᾶρ
201 1907 234 1942 ἐν
250 1911 320 1948 τοῖς
351 1905 481 1954 ἀγῶσιν
509 1902 656 1946 ἐκείνους
678 1907 745 1941 τῶν
764 1904 917 1954 δρομέων
938 1906 1060 1958 διεγεί-

34 1972 148 2008 ρουσιν
169 1960 199 1995 οἱ
220 1957 354 2004 θεαταὶ,
373 1956 430 1999 οὒς
446 1955 485 1993 ἂν
505 1955 624 1994 ἴδωσιν
640 1955 740 2007 ἐγγὺς
750 1962 808 1995 τοῦ
824 1957 986 2011 βραδείου
1006 1976 1059 2011 γε-

31 2010 206 2060 νομένους,
227 2010 285 2048 καὶ
308 2009 439 2052 πολλὰς
457 2011 519 2054 τῆς
537 2009 635 2055 νίκης
649 2010 791 2052 ἐλπίδας
815 2010 968 2062 ἔχοντας.
991 2014 1060 2051 Καὶ

31 2063 98 2114 ἐγὼ
125 2062 234 2101 τοίνυν
258 2061 376 2108 ἐπειδὴ
413 2061 500 2112 μετὰ
519 2064 651 2108 παλλῆς
685 2063 737 2100 ἀεὶ
767 2063 962 2115 προθυμίας
990 2067 1059 2117 ὁρῶ

29 2115 107 2160 τοὺς
123 2116 202 2167 περὶ
225 2115 458 2165 ἐλεημοσύνη-,ς
487 2116 691 2166 δεχομένους
726 2115 846 2167 λόγους
867 2120 979 2168 ὑμᾶς,
1003 2120 1058 2157 διὰ

28 2173 128 2207 τοῦτο
158 2169 216 2206 καὶ
241 2170 339 2211 αὐτὸς
362 2167 606 2220 συνεχέστερον
635 2168 698 2215 τὴν
718 2168 804 2222 ὑπὲρ
825 2170 952 2208 τούτων
973 2176 1058 2210 κινῶ

28 2223 244 2274 παραίνεσιν.
265 2221 394 2274 Ἰατροὶ
408 2223 477 2258 τῶν
492 2222 613 2273 ψυχῶν
633 2225 730 2271 ἡμῶν
744 2224 830 2260 εἰσιν
848 2225 878 2260 οἱ
893 2223 1056 2271 πένητες,

27 2276 202 2327 εὐεργέται
218 2275 278 2312 καὶ
291 2274 505 2326 προστάται·
527 2275 564 2311 οὐ
581 2273 647 2327 γὰρ
662 2279 822 2312 τοσοῦτον
840 2276 958 2323 δίδως,
978 2277 1056 2315 ὅσον

26 2328 227 2378 λαμὸἀνεις.
254 2328 366 2370 Δίδως
388 2326 565 2380 ἀργύριον,
587 2328 646 2366 καὶ
661 2327 852 2376 λαμὸάνεις
875 2331 1055 2380 βασιλείαν

25 2384 198 2433 οὐρανῶν·
231 2380 323 2424 λύεις
351 2380 492 2427 πενίαν,
534 2381 595 2418 καὶ
632 2381 885 2425 καταλλάττεις
918 2387 1054 2437 σεαυτῷ

24 2433 81 2471 τὸν
103 2433 297 2480 Δεσπότην.
312 2433 437 2485 Ὁρᾷς,
458 2434 511 2471 ὅτι
526 2435 587 2471 οὐκ
601 2433 658 2480 ἴση
679 2437 700 2480 ἡ
722 2435 914 2482 ἀντίδοσις,
930 2438 1054 2474 Ταῦτα

24 2487 82 2524 ἐπὶ
103 2490 166 2538 γῆς
178 2518 186 2534 ,
214 2488 329 2523 ἐκεῖνα
348 2487 383 2522 ἐν
398 2488 532 2538 οὐρανῷ
544 2502 551 2508 ·
574 2491 683 2524 ταῦτα
707 2487 919 2535 ἀπόλλυται,
938 2491 1052 2527 ἐκεῖνα

25 2538 137 2589 μένει·
173 2542 281 2576 ταῦτα
317 2537 515 2591 φθείρεται,
554 2541 666 2577 ἐκεῖνα
691 2540 807 2586 πάσης
836 2540 930 2578 ἐστὶν
956 2542 1052 2580 ἀνώ-

22 2607 107 2642 τερα
134 2591 321 2634 ἀπωλείας.
361 2590 429 2628 Διὰ
456 2596 556 2629 τοῦτο
584 2592 642 2629 καὶ
669 2593 737 2645 πρὸ
764 2596 832 2630 τῶν
854 2596 963 2645 θυρῶν
983 2597 1050 2634 τῶν

22 2644 125 2683 οἴκων
158 2647 226 2682 τῶν
255 2643 445 2696 εὖκτηρίων
467 2643 615 2690 ἔστησαν
631 2644 707 2688 τοὺς
722 2645 873 2692 πένητας
901 2649 932 2684 οἱ
958 2647 1051 2697 ἡμέ-

20 2712 114 2750 τεροι
132 2697 297 2750 πατέρες,
334 2696 390 2734 ἵνα
426 2697 484 2734 καὶ
518 2697 576 2735 τὸν
609 2698 823 2749 νωθρότατον
851 2698 910 2736 καὶ
940 2701 1050 2739 ἀπαν-

21 2749 242 2801 θρωπότατον
265 2748 350 2795 αὕτη
370 2752 438 2787 τῶν
465 2750 623 2796 πενήτων
643 2754 664 2797 ἠ
685 2752 761 2803 ὄψις
780 2751 866 2803 πρὸς
893 2752 1050 2803 ΙΪιπόμνη--

19 2818 73 2842 σιν
93 2802 208 2855 ἐγείρῃ
226 2806 287 2848 τῆς
307 2802 550 2852 ἐλεημοσύνης.
563 2803 678 2842 ”Οταν
697 2803 763 2856 γὰρ
783 2804 926 2857 εἱστήκῃ
947 2807 1050 2859 χορὸς

17 2855 188 2907 γερόντων
211 2855 491 2907 συγκεκυφότων,
521 2856 625 2909 ῥάκια
643 2856 966 2910 περιὲεὸλημένων,
983 2862 1047 2897 αὐ-

17 2907 204 2960 χμώντων,
223 2907 427 2959 ρυπώντων,
450 2910 642 2962 βακτηρίας
658 2910 819 2960 ἐχόντων,
841 2912 940 2960 μόλις
961 2927 1046 2958 στη-

19 2962 171 3012 ρίζεσθαι
193 2959 409 3010 δυναμένων,
431 2962 599 3006 πολλάκις
619 2962 654 3000 δὲ
674 2963 734 3000 καὶ
753 2961 829 3006 τοὺς
849 2964 1046 3016 ὀφθαλμοὺς

15 3013 295 3064 ἓκκεκομμένων,
314 3014 374 3053 καὶ
397 3017 446 3065 τῷ
466 3014 605 3065 σώματι
629 3016 838 3067 ἀναπήρων,
867 3016 918 3059 τίς
938 3016 1045 3057 οὕτως

15 3067 172 3116 ἀδάμας,
192 3070 238 3110 ὡς
259 3066 318 3104 καὶ
348 3070 410 3113 τῆς
428 3067 585 3115 ἡλικίας,
602 3068 662 3106 καὶ
687 3070 750 3113 τῆς
769 3069 964 3116 ἀσθενείας,
985 3071 1044 3107 καὶ

14 3122 74 3166 τ’ῆς
105 3119 317 3172 πηρώσεως,
350 3119 410 3157 καὶ
428 3123 489 3165 τῆς
520 3120 657 3166 πενίας,
679 3121 738 3158 καὶ
770 3124 832 3167 τῆς
852 3122 1041 3168 εὐτελείας,

13 3172 72 3210 καὶ
91 3172 230 3210 πάντων
254 3173 372 3216 ἁπλῶς
391 3173 475 3224 πρὸς
504 3174 722 3223 συμπάθειαν
740 3173 963 3211 ἐπικλώντων
983 3176 1043 3211 αὐ-

12 3224 87 3274 τὸν,
107 3228 332 3272 ἀντιστῆναι,
352 3225 410 3262 καὶ
432 3230 548 3275 μεῖναι
562 3226 646 3277 πρὸς
664 3226 801 3264 ἅπαντα
818 3230 928 3264 ταῦτα
948 3229 1043 3264 ἀνεν-

54 3340 67 3354 0
92 3331 169 3363 Haec
186 3331 407 3373 pulcherrima
425 3331 468 3364 ad
485 3332 732 3376 eleemosynam
751 3332 954 3377 erogandam
973 3346 1029 3366 ex-

12 3381 159 3416 hortatio
177 3383 219 3415 ad
248 3384 375 3417 literani
395 3394 548 3427 excerpta
576 3385 637 3418 fuit
663 3398 700 3418 vx
727 3388 820 3419 Orat.
840 3387 895 3419 ΙΙΙ
921 3388 952 3420 in
979 3386 1029 3419 di-

2042 201 2125 246 70¹

1147 269 1182 307 in
1201 269 1396 321 Evangelio
1417 269 1553 307 dictum
1575 280 1626 308 est
1647 282 1854 324 usurpantes
1878 291 1885 310 :
1907 277 2045 316 Facite
2059 294 2135 317 vo-

1147 325 1204 360 bis
1217 325 1362 360 amicos
1373 323 1420 359 de
1431 336 1657 360 mammona
1669 327 1888 375 iniquitatis
1900 343 1910 363 :
1921 338 1961 366 ut
1976 344 2062 368 cum
2072 334 2137 371 de-

1140 376 1329 426 feceritis,
1350 376 1540 425 recipiant
1554 388 1628 412 vos
1648 378 1690 412 in
1706 385 1852 415 aecerna
1866 383 2133 423 tabernacula.

1147 428 1252 464 Recte
1267 425 1376 475 dixit,
1396 428 1571 464 AEterna.
1591 428 1683 465 Nam
1699 428 1758 465 hic
1775 430 1918 480 quidem
1937 434 2001 471 etsi
2021 437 2136 487 splen-

1145 477 1268 515 didam
1289 477 1438 516 domum
1453 479 1649 531 possideas,
1667 481 1809 519 omnino
1829 485 2000 536 temporis
2022 487 2134 527 inter-

1145 530 1241 569 vallo
1268 540 1434 583 corrupta
1464 532 1570 583 periit
1594 547 1601 568 :
1625 533 1697 571 imo
1719 548 1803 572 vero
1823 545 2009 587 antequam
2030 541 2135 579 etiam

1145 583 1314 634 temporis
1339 583 1501 621 successu
1530 595 1659 636 pereat,
1680 600 1775 624 mors
1797 588 1963 639 ingruens
1995 605 2040 629 ex
2072 593 2127 632 liis

1146 635 1342 687 splendidis
1364 636 1502 674 aedibus
1522 646 1554 674 te
1573 640 1740 676 exturbat
1762 655 1769 675 ε
1793 655 1886 693 saepe
1904 656 1988 681 vero
2009 654 2041 683 et
2056 656 2136 684 ante

1145 697 1295 725 mortem
1314 702 1433 727 rerum
1451 691 1703 742 quarumpiam
1724 691 1953 733 difficultates
1975 705 2007 734 et
2034 699 2133 736 calu-

1144 741 1362 779 mniatorum
1381 742 1598 781 incursiones
1617 753 1723 793 atque
1744 745 1882 784 insidjae
1905 748 2073 799 efficient,
2096 761 2135 789 ut

1144 792 1218 831 illis
1244 793 1400 832 excidas.
1434 798 1481 832 At
1517 795 1592 833 illic
1623 797 1714 834 nihil
1744 797 1872 837 horum
1904 802 2135 842 reformidare

1143 845 1243 884 licet:
1261 860 1330 884 non
1345 847 1618 899 corruptionem,
1631 863 1700 886 non
1714 860 1875 900 mortem,
1891 867 1960 891 non
1974 855 2130 907 lapsum,

1144 912 1213 936 non
1225 899 1522 938 calumniatorum
1535 901 1721 952 insultum,
1730 917 1798 941 non
1814 905 1915 943 aliud
1924 907 2134 959 quidquam;

1143 951 1206 989 sed
1224 952 1408 991 immobile
1433 962 1482 991 est
1503 963 1536 991 et
1564 954 1765 994 immortale
1789 956 2025 998 domicilium.
2048 964 2134 1000 Pro-

1142 1013 1263 1056 pterea
1283 1015 1412 1044 aeterna
1431 1006 1493 1043 illa
1512 1008 1746 1059 nuncupavit.
1760 1011 1898 1048 Facite
1910 1015 2022 1052 vobis
2035 1018 2134 1052 ami-

1143 1071 1207 1095 cos
1239 1060 1288 1096 de
1314 1073 1538 1097 mammona
1567 1063 1800 1112 iniquitatis.
1826 1064 1940 1102 Vides
1957 1095 1969 1116 ,
2003 1078 2134 1117 quanta

1142 1110 1188 1147 sit
1207 1110 1409 1149 humanitas
1426 1112 1571 1149 Domini
1585 1113 1602 1150 ?
1616 1123 1749 1163 quanta
1765 1115 1980 1167 benignitaS,
2004 1130 2037 1157 et
2058 1121 2134 1159 cle-

1141 1164 1297 1201 mentia?
1321 1166 1399 1203 Non
1418 1165 1512 1203 enim
1534 1174 1663 1203 temere
1682 1166 1750 1204 hoc
1770 1168 2052 1210 additamentum
2068 1173 2132 1212 ad-

1136 1215 1304 1267 junctum
1335 1227 1407 1267 est,
1444 1217 1505 1255 sed
1540 1219 1710 1268 quoniam
1748 1222 1944 1260 multorum
1976 1224 2134 1264 divitum

1141 1282 1224 1320 opes
1252 1283 1298 1307 ex
1324 1270 1449 1322 rapina
1477 1279 1511 1308 et
1535 1271 1669 1322 injusto
1699 1283 1833 1322 quaestu
1860 1276 2012 1315 collectae
2033 1289 2129 1325 sunt,

1140 1321 1249 1358 Malis
1267 1323 1417 1371 artibus,
1440 1323 1575 1374 inquit,
1595 1338 1664 1361 non
1691 1327 1877 1377 oportebat
1899 1328 1946 1366 ita
1966 1332 2132 1381 pecunias

1140 1375 1325 1425 colligere,
1359 1376 1419 1413 sed
1442 1376 1586 1426 quando
1613 1377 1689 1428 jam
1719 1379 1918 1431 collegisti,
1952 1383 2082 1422 desiste
2111 1400 2131 1423 a

1139 1428 1263 1478 rapina
1283 1437 1316 1465 et
1336 1427 1467 1478 injusto
1483 1438 1632 1480 quaestu,
1653 1439 1757 1480 atque
1776 1434 1822 1470 ad
1836 1433 1889 1483 id,
1910 1436 2007 1485 quod
2026 1451 2131 1489 opor-

1139 1487 1200 1525 tet,
1227 1481 1388 1531 pecuniis
1408 1490 1518 1518 utere.
1545 1483 1625 1519 Non
1644 1483 1740 1531 dieo,
1763 1495 1803 1522 ut
1829 1486 1970 1538 rapiens
1993 1490 2131 1528 miseri-

1139 1532 1292 1570 corditer
1323 1533 1508 1585 largiaris,
1539 1534 1601 1571 sed
1632 1544 1671 1572 ut
1703 1536 1884 1576 abstinens
1916 1541 1962 1578 ab
1994 1542 2126 1594 injusto

1138 1594 1274 1634 quaestu
1288 1594 1321 1622 et
1338 1587 1462 1638 rapina
1479 1585 1524 1623 ad
1542 1587 1803 1639 eleemosynam
1823 1601 1856 1628 et
1868 1592 2128 1644 benignitatem

1137 1636 1275 1675 divitiis
1294 1640 1415 1676 utaris.
1435 1639 1474 1677 Si
1495 1639 1588 1677 enim
1608 1641 1687 1691 quis
1710 1655 1731 1678 a
1759 1643 1883 1695 rapina
1912 1660 1981 1683 non
2005 1658 2127 1698 cesset,

1137 1703 1202 1728 nec
1224 1691 1481 1745 eleemosynam
1499 1692 1652 1744 largitur
1675 1709 1682 1729 :
1707 1696 1792 1745 quin
1817 1696 1901 1734 licet
1925 1698 2127 1740 innumeras

1136 1745 1303 1795 pecunias
1330 1746 1366 1782 iu
1398 1760 1596 1797 pauperum
1615 1761 1741 1785 manus
1761 1750 1936 1801 projiciat,
1963 1752 2051 1790 dum
2075 1769 2129 1793 res

1135 1796 1267 1835 alienas
1303 1798 1421 1849 rapit,
1450 1808 1483 1836 et
1511 1799 1616 1836 malis
1640 1800 1778 1839 artibus
1803 1803 1960 1854 ditatur,
1991 1806 2126 1856 eodem,

1135 1863 1203 1899 quo
1224 1850 1424 1901 homicidae,
1457 1851 1554 1904 apud
1582 1854 1699 1890 Deum
1723 1868 1869 1893 numero
1889 1856 2036 1908 locoque
2061 1860 2126 1897 du-

1135 1911 1245 1941 cetur,
1275 1905 1519 1951 Quamobrem
1551 1915 1590 1942 ut
1618 1905 1663 1943 ab
1697 1907 1840 1958 injustis
1871 1912 2065 1959 quaestibus
2093 1923 2127 1951 ct

1073 1994 1099 2017 11
1134 1956 1268 2007 rapinis
1288 1957 1389 2007 prius
1415 1958 1655 1995 abstineamus
1685 1970 1839 2011 oportet,
1869 1972 1972 2013 atque
1998 1964 2129 2004 deinde

1085 1995 1120 2060 ,⁴3⁰
1134 2007 1168 2044 in
1195 2022 1322 2060 egenos
1345 2010 1605 2063 eleemosynam
1627 2025 1823 2062 erogemus.
1846 2017 1977 2067 Magna
1995 2018 2127 2071 quippe

1133 2061 1247 2099 virtus
1263 2071 1312 2099 est
1329 2063 1572 2115 elcemosynae.
1600 2065 1737 2102 Verum
1755 2080 1856 2104 nemo
1878 2069 2125 2109 assiduitatem

1132 2114 1384 2153 admonitionis
1407 2126 1533 2154 nostrae
1561 2118 1821 2156 accusationem
1842 2120 2049 2160 auditorum
2070 2124 2124 2161 in-

1132 2174 1356 2219 terpretetur.
1379 2171 1469 2206 Nam
1495 2179 1528 2206 et
1556 2170 1592 2207 in
1615 2172 1866 2210 certaminibus
1885 2187 1942 2212 eos
1964 2190 2123 2214 cursores

1130 2221 1286 2259 excitant
1313 2231 1538 2274 spectatores,
1563 2237 1651 2273 quos
1676 2223 1722 2260 ad
1749 2227 1941 2276 praemiuul
1965 2229 2122 2267 viderint

1128 2274 1294 2323 proxime
1321 2275 1497 2324 accedere,
1518 2289 1756 2327 magnamque
1774 2278 1932 2316 victoriae
1946 2296 2043 2333 spem
2060 2282 2122 2320 ha-

1128 2325 1222 2364 bere.
1242 2327 1302 2365 Sic
1325 2342 1389 2379 ego
1412 2343 1554 2380 quoque
1570 2342 1698 2380 magna
1718 2345 1780 2368 vos
1802 2345 1883 2369 cum
1911 2335 2021 2372 animi
2040 2335 2119 2373 ala—

1128 2379 1252 2418 critate
1280 2380 1419 2419 habitos
1439 2382 1483 2420 de
1511 2382 1734 2435 eleemosyna
1761 2398 1936 2424 sermones
1959 2388 2120 2440 excipere

1128 2432 1265 2482 videns,
1282 2434 1402 2486 etipse
1412 2435 1630 2485 frequentius
1644 2436 1880 2475 nihilominus
1894 2438 1990 2477 hisce
2002 2440 2046 2478 de
2058 2456 2117 2479 re-

1126 2484 1194 2523 bus
1212 2487 1358 2524 instituo
1374 2488 1665 2525 cohortationem.
1682 2489 1815 2526 Medici
1831 2493 2116 2532 suntanimarum

1126 2548 1326 2577 nostrarum
1346 2555 1531 2592 pauperes,
1552 2541 1788 2579 benefactores
1807 2556 1848 2579 ae
1863 2546 2001 2595 patroni
2020 2562 2026 2582 :
2046 2561 2116 2585 non

1125 2591 1219 2629 enim
1232 2601 1369 2630 tantum
1384 2593 1459 2641 das,
1475 2602 1646 2643 quantum
1667 2595 1809 2647 accipis.
1826 2597 1899 2634 Das
1915 2600 2116 2649 pecuniam,

1123 2653 1156 2682 et
1169 2645 1302 2697 accipis
1318 2660 1468 2697 regnum
1483 2646 1647 2683 caelorum
1664 2663 1671 2682 :
1685 2658 1932 2699 paupertatem
1948 2651 2112 2703 discutis,

1123 2707 1156 2735 et
1172 2698 1366 2736 Dominum
1387 2699 1591 2736 reconcilias
1615 2699 1676 2736 tibi
1696 2701 1777 2752 ipsi.
1803 2702 1916 2741 Vides
1935 2703 2113 2757 disparem

1122 2764 1196 2788 esse
1216 2751 1557 2790 remunerationem!
1579 2752 1665 2790 Haec
1687 2753 1723 2790 in
1746 2754 1849 2792 terris
1871 2767 1964 2806 sunt,
1994 2758 2054 2796 1lla
2076 2759 2111 2796 in

1121 2803 1216 2841 eaelis
1239 2819 1246 2839 τ
1266 2804 1340 2841 haec
1363 2814 1526 2856 pereunt,
1556 2804 1619 2842 illa
1645 2816 1849 2857 permanent
1871 2824 1879 2845 :
1905 2810 1980 2848 haec
2001 2812 2108 2849 inter-

1121 2866 1215 2905 eunt,
1238 2856 1314 2905 illa,
1340 2858 1435 2894 omni
1458 2867 1540 2895 sunt
1560 2857 1704 2896 interitu
1725 2860 1919 2912 superiora.
1946 2865 2111 2916 Propter-

1119 2923 1159 2946 ea
1183 2923 1323 2960 quoque
1336 2910 1486 2962 majores
1500 2910 1609 2948 nostri
1620 2926 1792 2964 pauperes
1806 2929 1870 2966 pro
1893 2917 2108 2968 templorum

1118 2963 1254 3000 foribus
1269 2971 1480 3007 statuerunt,
1499 2973 1538 3001 ut
1566 2964 1624 3001 vel
1642 2965 1928 3017 stupidissimum
1944 2971 2107 3019 quemvis

1117 3024 1149 3052 et
1166 3015 1462 3053 immanissimum
1484 3016 1542 3054 hie
1566 3031 1765 3069 pauperum
1785 3031 1950 3073 aspectus
1969 3021 2013 3059 ad
2034 3037 2105 3060 me-

1116 3068 1265 3106 moriam
1295 3068 1422 3106 excitet
1450 3069 1693 3122 eleemosynae.
1726 3073 1817 3110 Cum
1847 3075 1941 3111 enim
1974 3075 2106 3112 steterit

1116 3121 1219 3158 turba
1250 3136 1373 3159 senum
1411 3122 1667 3169 incurvomm,
1706 3126 1835 3176 pannis
1869 3128 2101 3175 afflictorum,

1113 3173 1361 3224 squalentium,
1378 3175 1656 3227 sordidatorum,
1679 3178 1854 3230 scipiones
1888 3181 2098 3225 tenentium3

1117 3228 1250 3278 quique
1269 3228 1332 3267 vix
1352 3228 1489 3281 possint
1513 3230 1721 3280 consistere,
1743 3245 1836 3284 saepe
1855 3247 1938 3270 vero
1967 3232 2103 3269 effossis

1085 3344 1174 3368 ctum
1190 3337 1351 3380 Apostoli,
1368 3337 1540 3371 Habentes
1557 3340 1885 3383 eumdem18'p1'1r'lz1111,
1900 3352 1996 3383 supra
2010 3342 2050 3373 Τ.
2066 3344 2094 3381 3,

1086 3401 1117 3431 p.
1138 3389 1213 3424 288.

2152 298 2224 326 Luc.
2245 296 2290 326 16.
2304 306 2334 337 9.

2147 1016 2334 1056 Luc.16.19.
