2481 3678
89 2916 176 2942 Jomi.
189 2914 272 2952 5.3’,.

88 2956 182 2985 0135.

290 226 372 253 122
700 222 737 252 S.
776 220 954 251 somnis
991 217 1227 248 cnm'sosT.

278 318 418 357 semper
436 303 628 342 crucifixus
658 306 793 351 (unum
814 302 907 340 0111111
930 316 995 354 pro
1016 299 1166 353 peccatis
1194 297 1258 335 ob—

278 367 361 405 tulit
385 366 521 405 53011111
524 366 637 415 111111)
657 365 718 403 sed
743 378 880 418 semper
906 364 973 402 hoe
1000 375 1070 400 uno
1088 359 1262 399 sacrificio

279 428 458 482 purificat.
483 426 793 475 Quemadmodum
826 426 935 478 igitur
959 424 1121 464 Velbum
1142 422 1259 461 excel-

1269 215 1453 244 ARCfflEP
1463 235 1470 244 .
1510 213 1844 244 CONSTANTINOP
1853 234 1860 243 .

1333 296 1403 335 Καὶ
1430 299 1489 335 οὐκ
1512 289 1617 344 εἶπεν,
1634 298 1651 333 6
1666 295 1876 348 ληψόμενος,
1896 295 1918 341 ἢ
1936 298 1953 333 6
1977 296 2079 348 ἄρας·
2108 297 2204 344 ἀλλ’,
2232 297 2276 336 Ὁ
2299 300 2352 337 αἶ’-

1335 373 1400 409 ρων
1423 357 1484 400 τὰς
1500 355 1674 410 ἁμαρτίας
1696 362 1756 395 τοῦ
1774 357 1926 407 κόσμου,
1945 359 2008 401 θὼς
2027 357 2081 395 ἀεὶ
2099 362 2198 396 τοῦτο
2218 363 2352 397 ποιοῦν-

1331 434 1387 461 τος
1416 418 1531 456 αὐτοῦ.
1554 419 1607 455 Οὐ
1641 417 1708 471 γὰρ
1737 417 1829 455 τότε
1847 417 1947 468 μόνον
1981 418 2150 457 ἔλαὸεν“
2129 435 2186 457 οτε
2214 418 2352 467 ἔπαθεν,

278 490 425 529 lentiam
446 489 619 539 ostendit,
638 499 671 527 et
690 488 802 526 Filius
820 486 1059 539 praestantiam
1082 499 1151 536 qua
1181 483 1261 521 alus
1274 504 1320 529 106
1333 480 1408 517 ἀλλ’
1428 478 1461 523 ἐξ
1484 478 1612 517 ἐκείνου
1638 478 1743 532 μέχρι
1763 483 1822 517 τοῦ
1842 478 2010 531 παρόντος
2041 479 2130 533 αἴρει
2153 479 2215 523 τὰς
2239 480 2353 532 ἆμαρ-

279 552 481 589 antecellit:
506 552 555 590 510
579 564 691 603 agnus
705 580 716 600 ,
739 556 771 587 et
799 547 988 597 Christus,
1006 555 1040 584 et
1066 545 1259 599 propheta,
1285 544 1311 572 Α
1332 539 1428 587 τίας,
1444 541 1504 577 οὐκ
1520 539 1573 578 ἀεὶ
1593 538 1847 592 σταυρούμενος
1862 538 1965 590 (μίαν
1981 539 2048 592 γὰρ
2069 539 2157 593 ὑπὲρ
2172 541 2352 594 ἁμαρτιῶν

279 612 344 650 lux
362 626 385 651 x
389 627 457 662 era,
473 622 593 665 pastor
614 613 740 659 bonus,
761 619 794 647 et
812 622 1045 661 quaecumque
1062 607 1106 645 de
1123 607 1185 644 illo
1201 605 1258 643 di-

280 686 407 714 cuntur
426 691 507 714 cum
525 676 666 714 articuli
684 674 943 720 addjtamento‚
962 673 1112 711 multam
1130 686 1201 725 prae
1226 684 1262 708 50

279 745 396 783 ferunt
413 745 689 782 distinctionem.
712 744 804 781 Nam
817 741 921 779 multi
942 750 1041 778 erant
1060 740 1156 792 agui,
1177 754 1261 792 pro*

281 811 406 863 phetae,
443 810 586 860 christi,
606 810 697 859 sslii5
727 808 790 848 sed
809 809 854 847 al)
874 808 947 848 illis
969 807 1134 846 omnibus
1159 807 1263 858 longe

281 878 389 917 distat
419 879 505 931 ipse.
529 880 650 928 Neque
669 876 818 915 articulo
841 884 979 913 tantum
1006 874 1044 912 id
1070 874 1260 912 confirma—

281 947 346 997 vit,
363 947 423 986 sed
441 947 548 985 etiam
565 946 807 985 additamento
826 943 1025 995 Unigeniti.
1046 942 1146 981 Nihil
1169 942 1264 980 enim

282 1016 350 1069 ipsi
372 1029 558 1054 commune
583 1028 665 1052 eum
682 1022 841 1052 creatura
860 1021 923 1050 est.
946 1011 1053 1058 Quod
1074 1010 1103 1048 si
1124 1009 1181 1047 cui
1201 1023 1263 1047 ex-

280 1093 335 1121 tra
354 1092 493 1135 tempus
519 1082 656 1120 dictum
674 1080 853 1127 videatur,
871 1079 959 1116 hora
984 1091 1108 1129 nempe
1127 1076 1264 1114 decima

281 1155 377 1199 (uam
391 1151 458 1188 hoe
477 1159 643 1201 tempore,
664 1150 775 1185 Hora
787 1153 872 1184 erat
890 1148 1000 1198 quasi
1023 1145 1186 1189 decima,
1210 1142 1265 1179 in-

279 1219 404 1269 quit),
434 1217 495 1255 hic
531 1225 623 1254 certe
653 1214 743 1253 mihi
770 1213 873 1263 longe
913 1212 1076 1249 aberrare
1109 1209 1263 1249 videtur.

279 1287 371 1324 Nam
395 1284 492 1337 apud
511 1283 641 1322 multos
659 1282 803 1335 quidem
833 1293 956 1319 eorum
983 1277 1046 1330 qui
1065 1277 1160 1316 carni
1188 1290 1262 1314 501·-

278 1354 392 1402 vium,
408 1362 487 1405 post
502 1360 658 1390 sumtum
676 1348 869 1403 prandium
891 1361 959 1385 non
976 1345 1118 1386 videtur
1136 1358 1265 1397 oppor-

278 1430 405 1459 tunum
425 1435 498 1458 esse
516 1429 656 1473 tempus
674 1418 719 1456 ad
733 1432 788 1456 res
807 1416 915 1456 serias
933 1414 1150 1461 tractandas,
1167 1411 1266 1464 quod

279 1489 439 1528 ciborum
458 1488 550 1526 mole
572 1502 631 1526 cor
659 1487 830 1525 obruatur
852 1500 860 1521 z
889 1483 953 1520 ubi
981 1491 1098 1520 autem
1117 1481 1173 1520 vir
1192 1489 1265 1518 erat

278 1556 340 1608 qui
370 1571 413 1594 ne
437 1555 617 1594 communi
646 1553 792 1605 quidem
823 1551 903 1590 cibo
935 1559 1103 1599 uteretur,
1135 1548 1266 1599 quique

279 1624 385 1661 etiam
399 1637 543 1676 vespere
564 1622 613 1660 ita
632 1621 770 1659 sobrius
787 1629 820 1657 et
844 1618 933 1656 levis
949 1625 1038 1667 erat,
1055 1625 1091 1654 ut
1119 1629 1182 1654 nos
1201 1630 1265 1653 su-

280 1704 359 1728 mus
378 1690 562 1728 matutinis
588 1688 685 1726 horis
700 1718 709 1735 ‚
730 1687 802 1724 imo
818 1685 923 1736 longe
942 1684 1056 1735 magis
1075 1682 1186 1735 (apud
1204 1696 1267 1720 nos

279 1759 373 1796 enim
402 1773 495 1811 saepe
524 1757 717 1810 vespertini
751 1755 822 1794 cibi
850 1753 1011 1806 reliquiae
1044 1753 1080 1790 in
1114 1751 1268 1803 imagine

280 1836 492 1876 versamur3
516 1826 575 1863 ille
603 1838 686 1864 vero
706 1823 804 1861 nulla
831 1836 868 1860 re
892 1819 1101 1873 hujusmodi
1122 1817 1267 1857 navicu-

281 1895 351 1931 lam
368 1893 553 1945 gravabat)
571 1909 578 1929 :
594 1893 674 1944 jure
687 1889 826 1943 vesperi
840 1888 885 1926 de
905 1887 1011 1925 rebus
1030 1886 1128 1924 111500
1144 1885 1267 1935 loque-

281 1961 396 1998 batur.
420 1959 476 1996 Ad
502 1959 578 1996 haee
602 1972 686 1997 vero
706 1957 741 1994 in
770 1956 909 1994 deserto
937 1952 1035 1992 sedes
1057 1951 1211 1990 habebat
1235 1959 1269 1988 et

281 2042 390 2080 prope
409 2026 611 2075 Jordancm‚
627 2039 696 2076 quo
715 2037 836 2062 omnes
861 2036 942 2060 cum
968 2030 1119 2059 tremore
1139 2031 1268 2070 magno

281 2095 326 2132 ad
341 2093 560 2146 baptismum
581 2090 828 2143 properabant,
844 2102 970 2141 parum
990 2085 1172 2124 saecularia
1185 2094 1270 2122 tunc

283 2171 460 2201 curantes:
474 2158 761 2211 quandoquidem
779 2172 860 2195 cum
874 2155 1015 2194 Christo
1033 2168 1096 2206 per
1109 2152 1270 2190 triduum

279 2229 392 2282 jejuni
429 2234 712 2280 perseverarunt.
745 2224 820 2261 Hoc
850 2222 946 2260 0111111
975 2219 1144 2273 praeconis
1179 2227 1266 2256 stre-

284 2296 357 2344 nui,
377 2303 409 2331 ct
433 2292 588 2331 accurati
608 2290 770 2343 agricolae
787 2302 876 2342 opus
907 2296 972 2338 est,
989 2300 1058 2324 non
1086 2294 1166 2323 ante
1190 2283 1268 2322 dis-

284 2363 406 2402 cedere
422 2393 433 2413 ,
467 2376 574 2413 quam
607 2360 725 2399 videat
762 2356 909 2394 insitum
941 2353 1091 2392 verbum
1133 2351 1270 2390 radices

284 2446 422 2484 ponere.
438 2432 509 2469 Cur
537 2438 655 2467 autem
670 2439 739 2464 non
757 2432 868 2475 totam
882 2419 1084 2474 peragravit
1095 2419 1270 2465 Judaeam,

286 2509 323 2537 ut
343 2499 444 2536 illum
470 2496 696 2550 praedicaret,
719 2491 781 2530 sed
800 2503 899 2528 secus
920 2488 1052 2526 flumen
1071 2486 1189 2535 stetit,
1208 2499 1270 2523 ex-

287 2575 444 2618 spectans
472 2577 577 2613 011111,
600 2571 639 2599 ut
668 2558 913 2598 advenientem
932 2553 1154 2593 ostenderet?
1177 2552 1271 2599 Quia

287 2632 377 2672 illud
396 2646 458 2684 per
476 2644 581 2682 opera
600 2629 675 2666 fieri
694 2626 855 2666 volebat:
881 2624 918 2661 id
939 2637 1022 2662 vero
1041 2621 1184 2660 interim
1203 2635 1270 2658 011-

287 2699 401 2749 rabat,
420 2708 458 2736 ut
474 2698 578 2735 illum
598 2704 721 2733 notum
740 2694 878 2741 faceret,
898 2705 938 2729 ac
955 2688 1170 2741 quibusdam
1189 2701 1268 2726 sua-

286 2767 383 2805 deret
396 2797 406 2816 ,
424 2775 463 2803 ut
482 2775 646 2803 aeteruam
665 2762 774 2801 vitam
805 2759 979 2797 audirent.
1001 2758 1121 2810 Majus
1150 2765 1268 2794 autem

288 2837 355 2889 ipsi
374 2835 541 2885 relinquit
560 2831 814 2879 testimonium,
844 2844 904 2881 per
924 2843 1030 2881 opera
1055 2827 1268 2865 confirman-

287 2905 400 2953 dum5
431 2899 728 2954 quemadmodum
759 2898 831 2950 ipsc
857 2896 966 2934 dicit:
1000 2898 1085 2948 Ego
1109 2909 1186 2933 non
1217 2897 1266 2933 ab

288 2976 442 3024 homine
460 2972 606 3021 accipio
628 2968 884 3006 testimonium
901 2979 911 2999 .·
929 2977 1043 3015 opera
1062 2966 1164 3000 enim
1183 2975 1268 3013 quoe

287 3042 390 3078 dedit
418 3039 513 3076 mihi
532 3038 665 3080 Pater,
687 3035 766 3071 laeoec
792 3039 881 3069 sunt
901 3044 986 3082 quse
1011 3029 1269 3081 testificantur

287 3109 333 3145 de
366 3120 438 3143 me.
461 3103 556 3143 Vide
585 3115 691 3152 quam
720 3098 899 3137 efficacius
926 3095 1016 3133 illud
1046 3105 1144 3133 esset.
1173 3095 1267 3142 Quia

287 3174 379 3210 euim
399 3185 546 3224 parvam
565 3170 730 3220 injecerat
744 3164 949 3211 scintillam,
966 3171 1104 3214 repento
1125 3163 1267 3200 flamma

288 3242 320 3277 in
351 3240 462 3277 altum
489 3235 615 3288 erupit.
647 3235 737 3271 Nam
762 3231 823 3283 qui
846 3230 943 3282 prius
973 3228 1118 3267 Joannis
1147 3229 1265 3267 verbis

329 3386 338 3395 f
357 3376 502 3417 Quidam
519 3380 632 3409 ὡσανεί.

335 3434 342 3440 ’
362 3431 422 3471 [διὰ
437 3438 486 3465 753,-
504 3427 592 3460 sax-'11
624 3433 655 3457 et
670 3422 752 3456 cod,
774 3423 864 3463 705⁴]

1289 1273 1313 1302 B

1292 2069 1316 2100 C

1331 600 1544 653 προσήνεγκε
1572 600 1736 651 θυσίαν),
1758 600 1836 638 ἀλλ’
1852 599 2094 653 ἀεικαθαίρων
2111 600 2168 639 διὰ
2189 604 2251 648 τῆς
2274 607 2355 652 μιᾶς

1332 661 1474 709 εκείνης.
1493 661 1633 715 (Ὠσπερ
1660 665 1716 700 οὖν
1736 664 1820 712 ἡμῖν
1849 664 1867 699 6
1886 660 1998 713 Λόγος
2023 661 2063 699 τὸ
2091 660 2262 714 ἐξαίρετον
2280 661 2355 700 δει-

1331 738 1446 770 κνυσι,
1466 723 1526 761 καὶ
1544 726 1562 761 6
1582 723 1664 767 Υἱὸς
1685 722 1725 761 τὸ
1752 721 2004 774 ἐξηλλαγμένον
2024 722 2110 776 πρὸς
2131 722 2210 766 τοὺς
2229 723 2354 765 ἄλλους

1333 782 1508 835 ἐμφαίνει·
1525 782 1615 822 οὕτω
1642 783 1700 821 καὶ
1732 786 1749 821 6
1778 782 1907 834 ἀμνὸς,
1928 783 1988 821 καὶ
2009 786 2027 822 6
2056 783 2226 836 Χριστὸς,
2251 783 2310 821 καὶ
2340 788 2358 822 6

1331 844 1532 896 προφήτης,
1551 844 1611 882 καὶ
1637 844 1676 882 τὸ
1708 847 1779 919 cp’ffiq
1806 843 1846 881 τὸ
1878 843 2052 892 ἀληθινὸν,
2081 844 2142 882 καὶ
2171 847 2188 882 6
2223 843 2356 895 ποιμὴν

1333 909 1350 944 6
1365 905 1486 952 καλὸς,
1505 904 1600 943 καὶ’
1579 922 1644 944 οσα
1660 904 1699 942 ἂν
1723 906 1776 943 ἐπ’
1792 908 1895 943 αὐτοῦ
1913 904 2099 956 λέγ’*ήται
2114 904 2204 956 μετὰ
2218 921 2280 951 της
2295 910 2354 943 τοῦ

1335 966 1461 1019 ἄρθρου
1499 966 1720 1018 προσθήκης,
1748 965 1836 1004 πολυ
1867 965 2018 1003 δείκνυσι
2050 982 2090 1004 το
2117 965 2355 1019 διωρισμένον.

1334 1027 1405 1065 Και
1419 1043 1486 1078 γαρ
1509 1027 1611 1076 ἀανοὶ
1628 1030 1716 1072 ἠσαν
1743 1026 1886 1074 πολλοὶ,
1901 1027 1962 1064 καὶ
1989 1030 2185 1079 προφῆται,
2207 1042 2360 1080 καιγρι-

1336 1087 1430 1135 στοὶ,
1449 1103 1509 1125 και
1524 1090 1611 1125 υιοι
1631 1087 1720 1125 ἀλλὰ
1735 1086 1873 1125 πάντων
1904 1087 2041 1126 ἐκείνων
2066 1088 2167 1126 αὐτὸν
2190 1086 2356 1140 ἀφίστησι

1334 1149 1453 1199 πολλῷ
1469 1150 1519 1200 τῷ
1530 1147 1636 1200 μέσῳ.
1648 1148 1718 1186 Καὶ
1732 1147 1807 1186 οὐδὲ
1819 1151 1869 1200 τῷ
1886 1148 2002 1201 ἄρθρῳ
2015 1148 2125 1201 τούτῳ
2139 1148 2361 1201 ’ἠσφαλίσατο

1336 1207 1456 1284 μόνον,
1480 1207 1569 1245 ἀλλὰ
1583 1208 1643 1246 καὶ
1663 1210 1707 1258 τῇ
1729 1211 1789 1245 τοῦ
1807 1209 2019 1259 Μονογενοῦς
2032 1209 2230 1262 προσθήκῃ.
2250 1208 2360 1247 Οὐδὲν

1335 1267 1403 1321 γὰρ
1433 1270 1526 1322 αὐτῷ
1545 1268 1657 1306 κοινὸν
1688 1266 1774 1342 πρὸς
1794 1267 1856 1315 τὴν
1885 1268 2011 1306 κτίσιν.
2032 1270 2077 1307 Ei
2107 1270 2238 1307 δέτινι
2264 1269 2363 1322 παρὰ

1335 1329 1455 1381 καιρὸν
1471 1333 1498 1367 ει
1501 1345 1558 1367 ναι
1573 1331 1681 1377 δοκεῖ,
1691 1329 1732 1368 τὸ
1750 1327 1824 1382 ὥρᾳ
1838 1329 1964 1380 δεκάτη
1981 1334 2092 1368 ταῦτα
2107 1329 2361 1382 λέγεσθαιζκαι

1335 1391 1403 1444 γὰρ
1414 1394 1509 1435 οὗτος
1519 1394 1536 1429 6
1552 1391 1672 1444 καιρὸς
1686 1391 1763 1430 τότε
1777 1395 1841 1438 τῆς
1854 1391 2019 1444 ἡμέρας
2002 1406 2057 1438 ην·
2071 1389 2168 1443 Ωρα
2180 1390 2248 1443 γὰρ
2261 1395 2303 1438 ἠν
2317 1393 2363 1434 ὣς

1335 1453 1461 1499 δεκάτη
1475 1482 1484 1499 ,
1501 1452 1644 1504 φησὶν),
1660 1452 1829 1505 ἐσφάλθαι
1841 1452 1972 1506 σφόδρα
1985 1455 2002 1490 ὃ
2016 1452 2165 1496 τοιοῦτός
2183 1468 2241 1503 μοι
2259 1453 2363 1490 δοκεῖ.

1335 1513 1419 1552 Ἐπὶ
1437 1514 1497 1565 μὲν
1518 1514 1585 1566 γὰρ
1605 1517 1674 1552 τῶν
1692 1516 1830 1553 πολλῶν
1854 1514 1914 1552 καὶ
1933 1516 1977 1565 τῇ
1998 1514 2101 1567 σαρκὶ
2121 1513 2362 1560 δουλευόντων,

1336 1575 1476 1620 εἰκότως
1495 1580 1511 1615 6
1533 1575 1621 1628 μετὰ
1640 1575 1702 1624 τὴν
1734 1575 1889 1615 ἑστίασιν
1917 1590 2037 1629 καιρος
2057 1577 2118 1614 οὐκ
2138 1575 2212 1613 ἔστι
2232 1574 2364 1628 σφόορα

1335 1637 1526 1685 ἐπιτήδειος
1544 1637 1630 1691 πρὸς
1656 1637 1689 1675 τὶ
1719 1653 1787 1675 των
1817 1636 2029 1687 ἀναγκαίων,
2050 1635 2106 1674 διὰ
2124 1636 2163 1674 τὸ
2189 1634 2251 1682 τὴν
2271 1651 2362 1689 καρ-

1336 1699 1411 1737 δίαν
1440 1705 1510 1742 τοῖς
1539 1697 1659 1742 σιτίοις
1696 1697 1920 1751 βαρυνεσθαι
1942 1696 2022 1735 ἔνθα
2050 1696 2085 1735 δὲ
2116 1695 2205 1749 ἀνὴρ
2224 1700 2265 1743 ἠν
2287 1695 2362 1734 οὐδὲ

1335 1763 1397 1806 τῆς
1432 1763 1550 1806 κοινῆς
1579 1758 1735 1811 μετέχων
1762 1773 1910 1811 τροφης,
1941 1756 2031 1796 ἀλλα
2050 1756 2109 1795 καὶ
2128 1756 2190 1803 τὴν
2212 1755 2362 1809 ἑσπέραν

1338 1821 1426 1873 μετὰ
1445 1820 1615 1868 τοσαύτης
1638 1820 1765 1872 διάγων
1785 1819 1940 1871 νήψεως,
1962 1820 2036 1869 μεθ’
2068 1817 2152 1864 ὅσης
2170 1821 2272 1868 ἡμεῖς
2298 1818 2364 1856 ὑπὸ

1336 1882 1398 1930 τὴν
1427 1881 1494 1930 ἕω,
1524 1883 1654 1932 μᾶλλον
1690 1880 1725 1919 δὲ
1756 1879 1816 1918 καὶ
1850 1878 1938 1931 μετὰ
1973 1880 2092 1930 πολλῷ
2111 1878 2267 1922 πλείονος
2286 1877 2365 1925 (ἐπὶ

1339 1942 1400 1995 μὲν
1420 1942 1488 1996 γὰρ
1507 1944 1606 1993 ἡμῶν
1639 1940 1807 1985 πολλάκις
1837 1944 1900 1987 τῆς
1928 1942 2110 1991 ἑσπερινῆς
2128 1942 2256 1992 τροφῆς
2289 1939 2363 1976 λεί-

1337 2006 1431 2057 ψανα
1461 2002 1768 2055 ἐναπολειφθέντα,
1788 2000 1951 2054 φαντάζει
1982 2000 2046 2046 τὴν
2078 1999 2215 2052 ψυχὴν,
2235 2001 2363 2043 ἐκεῖνος

1340 2065 1375 2104 δὲ
1393 2064 1529 2103 ὓοῦδενὶ
1557 2063 1688 2102 τούτων
1708 2063 1748 2102 τὸ
1774 2065 1893 2101 πλοῖον
1915 2061 2118 2114 ἕδάρυνεν)·
2139 2060 2279 2104 εἰκότως
2303 2061 2362 2098 καὶ

1339 2125 1453 2172 δείλης
1471 2124 1572 2177 ὀψίας
1591 2123 1671 2177 περὶ
1690 2122 1852 2162 τοιούτων
1873 2121 2068 2174 ἐφθέγγετο.
2087 2119 2239 2159 ’Έπειτα
2253 2120 2313 2159 καὶ
2329 2123 2362 2159 ἐν

1337 2187 1458 2239 ἐρήμῳ
1491 2185 1641 2238 διέτριέε
1674 2183 1772 2237 παρὰ
1801 2184 1858 2221 τὸν
1896 2182 2087 2235 Ἰορδάνην,
2124 2181 2204 2219 ἔνθα
2236 2181 2363 2224 πάντες

1340 2246 1427 2298 μετὰ
1446 2247 1574 2284 πολλοῦ
1595 2250 1654 2283 τοῦ
1672 2244 1801 2296 τρόμου
1819 2242 1905 2296 πρὸς
1924 2242 1964 2280 τὸ
1985 2242 2170 2293 βάπτισμα
2185 2241 2363 2288 ἀπήντων,

1338 2310 1404 2345 τῶν
1428 2307 1598 2358 βιωτικῶν
1635 2303 1748 2359 βραχὺ
1768 2302 2002 2356 φροντίζοντες
2020 2301 2116 2340 τότε·
2139 2303 2214 2341 ἐπεὶ
2233 2303 2294 2340 καὶ
2313 2305 2363 2355 τῷ

1339 2371 1482 2422 Χριστῷ
1517 2373 1608 2420 τρεῖς
1643 2365 1778 2419 ἡμέρας
1808 2363 2151 2417 προσεκαρτέρησαν,
2184 2364 2243 2401 καὶ
2273 2359 2362 2411 ἦσαν

1341 2429 1463 2468 ἄσιτοι.
1484 2429 1597 2466 Τοῦτο
1624 2426 1692 2478 γὰρ
1730 2425 1876 2478 σφοδροῦ
1909 2424 2058 2477 κήρυκος
2091 2424 2150 2462 καὶ
2179 2427 2364 2476 ἐπιμελοῦς

1341 2494 1510 2544 γεωργοῦ,
1533 2487 1580 2539 μὴ
1603 2486 1769 2541 πρότερον
1805 2488 2019 2533 ἀποστῆναι,
2039 2485 2104 2528 ἕως
2126 2485 2164 2522 ἂν
2199 2485 2254 2537 ἴδῃ
2275 2484 2361 2524 ιικοι-

1341 2550 1554 2604 τασχεθέντα
1571 2549 1629 2587 τὸν
1655 2546 1862 2601 φυτευθέντα
1881 2545 1995 2598 λόγον.
2016 2545 2062 2584 Τί
2096 2546 2224 2593 δήποτε
2254 2546 2289 2584 δὲ
2325 2549 2362 2585 οὐ

1340 2613 1506 2665 περιῆλθε
1538 2612 1720 2661 πανταχοῦ
1747 2611 1809 2654 τῆς
1836 2607 2009 2651 Ἰουδαίας
2040 2606 2222 2660 κηρύσσων
2249 2607 2363 2654 αὐτὸν,

1341 2675 1416 2712 ἀλλ’
1447 2672 1597 2719 εἱστήκει
1630 2668 1728 2722 παρὰ
1759 2668 1816 2706 τὸν
1849 2668 2019 2718 ποταμὸν,
2039 2667 2235 2721 περιμένων
2255 2669 2362 2706 ἐλθεῖν

1340 2734 1439 2773 αὐτὸν
1459 2733 1519 2771 καὶ
1541 2730 1647 2775 δεῖξαι
1661 2728 1962 2782 παραγενόμενον;
1983 2728 2066 2766 ζὈτι
2090 2727 2146 2765 διὰ
2162 2730 2230 2765 τῶν
2251 2727 2359 2780 ἔργων

1339 2798 1448 2834 ἐκεῖνο
1464 2792 1622 2845 γενέσθαι
1641 2789 1798 2829 ἐδούλετο
1810 2804 1817 2812 ·
1839 2789 1878 2826 τὸ
1909 2788 1944 2827 δὲ
1964 2788 2252 2838 σπουδαζόμενον,
2272 2788 2361 2839 γνώ-

1341 2873 1438 2910 ριμον
1457 2855 1544 2898 τέως
1574 2855 1719 2898 ποιῆσαι
1740 2849 1854 2901 μόνον,
1883 2849 1942 2887 καὶ
1962 2848 2080 2887 πεῖσαί
2096 2865 2192 2892 τινας
2213 2851 2358 2886 ἀκοῦσαι

1337 2935 1399 2965 της
1418 2915 1556 2956 αἰωνίου
1575 2917 1675 2960 ζωῆς.
1695 2912 1812 2958 Τὴν
1795 2911 1830 2950 οὲ
1853 2911 1991 2962 μείζονα
2009 2913 2100 2949 edm)
2135 2911 2363 2961 καταλιμπά-

1338 2997 1388 3019 νει
1411 2975 1601 3032 μαρτυρίαν
1621 2974 1683 3022 τὴν
1713 2972 1770 3011 διὰ
1789 2976 1856 3011 των
1885 2971 2007 3024 ἔργων,
2028 2971 2186 3024 καθάπερ
2218 2971 2277 3009 καὶ
2305 2974 2363 3008 αὖ-

1337 3042 1394 3086 τός
1427 3054 1549 3093 φησιν·

1341 3101 1553 3180 μαρτυρίαν·
1575 3097 1619 3137 τὰ
1633 3097 1702 3150 γαρ
1718 3097 1801 3149 ἔργα
1818 3095 1839 3133 ἃ
1859 3094 1966 3133 ἔδωκε’
1984 3110 2042 3145 μοι
2056 3097 2074 3132 6
2093 3093 2239 3146 Πατὴρ,
2253 3094 2363 3132 ταῦτά

1339 3170 1412 3205 ἐστι
1431 3163 1476 3202 τὰ
1497 3164 1736 3214 μαρτυροῦντα
1756 3156 1870 3210 περὶ
1856 3160 1951 3207 εμοῦ.
1965 3154 2063 3208 εὈρα
2078 3160 2155 3207 γοῦν
2174 3157 2248 3198 πῶς
2263 3157 2362 3191 τοῦτο

1342 3225 1575 3279 ἐνεργέστερον
1598 3225 1651 3268 ἦν.
1673 3217 1819 3264 Ἐπειδὴ
1850 3216 1917 3268 γὰρ
1951 3231 2073 3267 μικρον
2092 3214 2230 3253 ἐνέὸαλε
2259 3230 2361 3252 σπιν-

1580 3035 1675 3088 Ἐγὼ
1707 3051 1744 3074 ου
1776 3033 1877 3110 παρὰ
1911 3032 2092 3085 ἀνθρώπου
2110 3031 2361 3084 λαμὸάνωτὴν

1403 3374 1416 3386 ³
1433 3359 1545 3393 Morel.
1567 3363 1613 3393 ἐπὶ
1630 3360 1732 3392 οᾶδενί.
1753 3356 1793 3387 111
1810 3352 1911 3387 Savil.
1931 3360 1964 3384 01
1978 3352 2053 3384 Mss.
2074 3356 2120 3385 ἐπί
2133 3350 2234 3383 deest.

1406 3416 1420 3439 ¹¹
1438 3412 1552 3445 Morel.
1572 3414 1803 3452 νατασχεθέντα,
1819 3404 1918 3439 Savil.
1939 3411 2138 3447 κατασχόντα,-
