2481 3678
70 3016 142 3043 Cen,
168 3024 212 3052 ¹7·

286 219 377 265 556

283 327 471 369 oporteret,
504 329 536 358 01
562 313 725 359 oblatum
740 322 871 359 crimen
895 322 1088 371 confutare,
1109 322 1169 360 ille
1199 336 1267 360 non

283 381 424 418 Patrem
435 392 698 430 commemoret,
714 382 771 420 sed
790 397 975 435 personam
995 397 1095 420 suam
1110 383 1266 421 inducat.

287 441 413 478 Unum
431 444 625 496 opzcsseci.
650 443 739 481 Vult
759 443 954 491 ostendere,
982 443 1011 480 si
1031 457 1099 480 non
1120 443 1267 491 fecisset,

280 508 363 539 tunc
384 502 496 553 legem
527 504 679 541 solutam
707 503 780 540 dici
801 503 970 555 potuisse,
1002 513 1035 541 et
1064 505 1176 541 multa
1196 519 1268 542 0550

279 563 468 601 observatu
508 564 690 616 digniora,
723 578 830 615 quam
868 564 1006 616 legem:
1034 567 1267 618 Moysemque

279 633 399 662 contra
419 626 529 676 legem
553 625 759 663 mandatum
785 625 974 677 accepisse,
997 625 1092 676 quod
1112 627 1188 678 lege
1210 627 1266 664 di-

278 686 382 736 gnius
401 696 503 725 esset.
532 686 685 737 Dignior
704 686 837 738 quippe
863 686 1010 724 sabbato
1041 686 1265 726 circumcisio

276 756 364 796 erat,
385 747 549 797 quamvis
575 762 614 784 ea
644 761 712 784 non
732 761 750 783 a
777 747 868 798 lege,
894 747 956 784 sed
982 762 1001 785 a
1029 747 1191 799 patribus
1211 748 1265 786 in-

274 806 379 845 ducta
399 808 531 846 suisset.
547 807 625 859 Ego
644 822 729 846 vero
748 821 823 845 rem
839 807 1040 859 digniorem
1063 808 1264 846 meliorem—

275 883 343 919 que
356 869 436 919 seci,
462 883 570 920 quam
588 869 632 907 sit
651 868 887 906 circumcisio.
910 869 1020 906 Porro
1040 883 1109 906 nou
1138 870 1263 907 memi-

276 930 327 967 nit
359 930 482 982 legalis
519 929 675 968 mandati
697 946 708 980 3
752 944 877 982 nempe
919 929 1017 980 quod
1064 930 1261 968 sacerdotes

274 991 461 1028 sabbatum
480 989 798 1042 transgrediantur,
813 999 852 1026 ut
867 991 940 1041 jam
962 999 1041 1027 ante
1061 989 1180 1027 dixit:
1201 990 1261 1028 sed
1285 1001 1308 1030 Β

273 1066 353 1089 011111
368 1051 495 1103 majori
518 1051 724 1089 auctoritate
738 1050 1018 1100 loquium-diluti
1036 1059 1166 1099 autem,
1184 1053 1260 1088 Mi-

269 1113 426 1156 ramini,
447 1110 485 1147 id
501 1119 566 1159 est,
583 1109 790 1147 turbamini.
811 1110 902 1145 Nam
930 1108 959 1145 si
984 1109 1096 1159 legem
1118 1108 1166 1145 ita
1197 1109 1260 1146 fir-

269 1184 364 1208 mam
383 1185 455 1209 0550
488 1170 714 1222 oportuisset,
744 1168 967 1207 circumcisio
987 1183 1056 1206 non
1076 1168 1137 1206 illa
1168 1183 1259 1221 prac—

268 1232 416 1270 stantior
440 1241 528 1270 05501
536 1247 547 1282 3
571 1246 682 1282 neque
701 1230 851 1268 dixisset
882 1244 918 1268 se
937 1230 1051 1282 majus
1071 1229 1258 1282 quidpiam

265 1293 400 1342 fecisse,
419 1307 527 1344 quam
547 1292 876 1341 circumcisionem,
893 1291 955 1329 sed
984 1306 1029 1329 ex
1049 1291 1257 1329 auctoritate

266 1356 423 1393 confutat
444 1369 501 1393 005
531 1354 652 1392 dicens
669 1369 676 1389 :
698 1355 761 1391 25.
781 1353 821 1391 Si
838 1354 1167 1390 circumcisionem
1188 1366 1252 1390 (ιο-

264 1420 355 1469 cipit
385 1419 511 1455 homo.
538 1415 666 1456 Viden'
687 1425 772 1453 tunc
803 1415 960 1453 maxime
991 1424 1083 1452 stare
1112 1415 1251 1466 legem,

265 1492 347 1516 cum
362 1478 478 1531 ipsam
494 1477 629 1516 solvit?
648 1476 768 1514 viden’
794 1476 931 1514 sabbati
952 1475 1166 1514 solutionem
1181 1489 1253 1514 esse

264 1540 352 1591 legis
372 1540 657 1579 observationem
672 1555 681 1587 3
699 1539 748 1576 ita
765 1548 805 1575 ut
818 1538 847 1575 si
864 1552 933 1575 non
954 1537 1076 1575 fuisset
1096 1537 1252 1575 solutum

264 1601 466 1651 sabbatum,
484 1601 599 1652 legem
622 1600 713 1638 solvi
736 1613 873 1637 necesse
895 1597 1002 1635 fuerit
1017 1598 1034 1635 ‚⁰
1052 1599 1177 1648 Itaque
1196 1599 1248 1637 le—

264 1676 342 1713 gem
374 1676 440 1713 ego
476 1661 631 1700 firmavi.
668 1662 746 1699 Non
768 1659 877 1710 dixit,
911 1659 1005 1696 Mihi
1040 1659 1250 1709 irascimini,
1277 1666 1299 1696 C

265 1724 361 1774 quod
379 1738 453 1762 rem
485 1722 751 1761 circumcisione
773 1721 943 1773 majorem
975 1720 1119 1758 fecerim
1145 1736 1152 1757 :
1190 1721 1251 1759 sed

265 1799 339 1823 rem
361 1795 501 1823 tantum
531 1798 724 1836 exponens,
749 1781 930 1834 judicium
963 1781 1050 1833 ipsis
1076 1781 1250 1832 permisit,

266 1861 352 1884 num
370 1846 483 1897 magis
503 1845 695 1883 necessaria
715 1843 761 1881 sit
783 1843 917 1893 integra
929 1841 1084 1879 hominis
1103 1842 1250 1891 curatio,

265 1922 373 1958 quam
399 1906 632 1945 circumcisio.
656 1906 705 1943 Ut
725 1904 869 1955 signum
889 1901 1040 1954 accipiat
1059 1902 1166 1940 homo
1195 1903 1250 1940 ni—

266 1969 320 2006 hil
333 1969 379 2006 ad
398 1967 639 2007 valetudinem
650 1966 843 2013 conserens,
861 1965 919 2002 lex
934 1962 1099 2013 solvitur,
1116 1963 1246 2014 inquit,-

264 2039 302 2067 ut
320 2039 415 2068 tanto
435 2030 559 2068 morbo
583 2028 764 2074 liberetur,
795 2023 1062 2076 indignamini?
1084 2024 1148 2063 24.
1172 2026 1218 2062 N
1235 2048 1250 2053 -

265 2093 331 2129 lite
353 2091 532 2144 judicare
560 2088 941 2140 secunclumfaciem.
963 2085 1064 2134 Quid
1095 2095 1158 2135 est,
1188 2087 1249 2124 Se-

264 2154 433 2191 cundum
449 2154 603 2204 faciem
623 2155 638 2186 ἓ)
673 2151 724 2187 Ne
756 2148 839 2199 quia
872 2149 1016 2200 Moyses
1049 2146 1087 2184 in
1119 2147 1250 2199 majore

264 2215 362 2267 apud
384 2228 447 2253 vos
468 2211 729 2251 existimatione
749 2219 813 2259 est,
833 2224 852 2247 a
878 2222 1110 2261 personarum
1132 2208 1250 2260 digui-

267 2286 335 2314 1010
363 2276 541 2313 calculum
567 2272 711 2321 feratis,
736 2270 798 2309 sed
821 2285 840 2308 a
877 2284 996 2307 rerum
1028 2279 1152 2307 natura
1176 2285 1183 2305 ι
1210 2270 1251 2308 11-
1273 2270 1298 2298 D

266 2338 327 2376 lud
348 2351 499 2387 namque
513 2345 565 2373 est
575 2332 856 2387 justejiidicai'e.
877 2332 951 2368 Cur
976 2345 1079 2369 nemo
1100 2333 1249 2384 Moysen

266 2398 468 2437 incusavit?
488 2412 551 2435 cur
575 2409 677 2433 nemo
696 2393 836 2431 obstitit
850 2392 990 2445 jubenti
1011 2392 1103 2431 solvi
1123 2393 1250 2431 sabba-

269 2470 341 2497 111111
374 2474 436 2511 pro
461 2466 636 2511 praecepto
663 2455 883 2493 extrinsecus
906 2453 978 2504 legi
1001 2452 1160 2491 addito?
1180 2456 1251 2494 Ve-

268 2535 346 2557 rum
362 2521 421 2557 ille
440 2520 801 2571 patiturpraeeeptum
820 2514 915 2552 illud
930 2516 1005 2566 lege
1022 2529 1085 2552 sua
1103 2513 1250 2566 dignius

266 2596 362 2629 0550;
400 2589 638 2633 pracceptum,
670 2578 830 2629 inquam,
852 2591 872 2614 a
900 2577 975 2628 lege
1012 2591 1083 2614 non
1120 2577 1246 2627 latum,

267 2644 328 2680 5011
346 2643 562 2680 extrinsecus
581 2640 750 2688 allatum,
770 2639 868 2689 quod
880 2647 931 2675 est
947 2638 1069 2688 utique
1094 2638 1247 2676 mirum:

267 2718 328 2741 vos
347 2713 462 2740 autem
477 2702 538 2752 qui
554 2716 621 2739 11011
639 2701 720 2737 05115
740 2700 970 2751 legislatores,
990 2699 1085 2736 ultra
1101 2699 1250 2737 modum

267 2765 379 2816 legem
416 2762 617 2801 vindicatis.
642 2762 780 2799 Verum
815 2759 888 2798 side
908 2759 1051 2810 dignior
1075 2759 1177 2798 vohis
1200 2769 1250 2798 cst
1273 2764 1297 2793 E

269 2827 425 2877 Moyses,
441 2823 500 2873 qui
528 2823 638 2871 legem
658 2821 749 2858 solvi
775 2819 938 2872 principit
957 2820 1003 2857 ob
1032 2829 1250 2872 praeceptum

268 2899 336 2922 11011
355 2884 479 2936 legale.
502 2884 593 2918 (lum
614 2895 695 2931 ergo
727 2881 816 2918 dicit
835 2890 949 2918 totum
968 2880 1159 2929 hominem,
1188 2880 1250 2919 de-

731 239 768 269 S.
805 238 989 270 JOANNJS

269 2948 379 2985 clarat
397 2944 701 2983 circumcisionem
721 2953 855 2994 partem
879 2953 1014 2981 tantum
1035 2943 1251 2982 valetudinis

267 3023 352 3046 0550.
370 3008 415 3045 lit
442 3020 521 3057 quae
541 3014 590 3041 051
607 3003 737 3040 sanitas
756 3003 1065 3042 011·011111(.·ἰ5101115ἷ’
1080 3004 1244 3051 Anima,

266 3070 395 3121 inquit,
418 3067 532 3106 omnis
548 3080 633 3118 (sure
658 3079 734 3101 non
749 3067 1049 3114 circumciditur,
1070 3069 1250 3104 attermi-

265 3134 429 3170 nabitur.
449 3128 524 3180 Ego
543 3141 626 3166 vero
650 3140 718 3163 11011
738 3125 871 3177 partim
890 3140 1025 3177 aegrum
1045 3127 1164 3178 modo,
1183 3127 1245 3166 sed

256 3267 303 3299 sic
320 3263 456 3302 habeut,
474 3265 524 3295 καὶ
541 3263 577 3298 ὡς
594 3262 731 3302 ἔγκλημα
747 3259 880 3299 δέχεσθαι
897 3262 931 3290 τὸ
953 3262 1080 3299 γεγονὸς,
1095 3261 1126 3290 οὔ
1141 3265 1260 3301 μέμνη-

255 3334 304 3352 ται
327 3322 377 3351 τοῦ
399 3319 528 3360 πατρὸς,
546 3322 646 3355 quam
670 3309 847 3342 lectionem
875 3310 965 3351 sequi
990 3308 1097 3342 visum
1122 3317 1181 3341 est.
1198 3310 1259 3342 Alii

253 3374 398 3413 ggfifflm·
418 3373 452 3402 τὸ
470 3372 527 3411 γὰρ
545 3370 670 3408 γεγονός.
684 3361 775 3394 Εάἰιὶ
798 3366 846 3395 καὶ
862 3365 898 3399 ὡς
913 3364 1050 3404 ἔγκλημα
1066 3364 1170 3402 δεῖξαι,
1191 3366 1259 3395 συλ-

253 3426 413 3465 λογίζεται.
425 3425 458 3455 τὸ
472 3424 529 3463 γὰρ
543 3422 656 3461 γεγονὸς
673 3419 703 3452 οὗ
720 3420 754 3453 τὸ
769 3419 820 3450 τοῦ
837 3421 958 3460 πατρὸς,
969 3425 1141 3459 perperam
1156 3422 1255 3448 certe.

1025 239 1267 270 Cllux'soS'r.
1313 242 1515 273 Asculi-29.

1556 242 1912 274 CONSTAMQNOP.

1336 326 1373 361 οὐ
1397 324 1571 375 μέμνηται
1591 329 1651 363 τοῦ
1673 326 1811 378 Πατρὸς
1825 356 1834 374 ,
1863 326 1954 364 ἀλλὰ
1976 326 2015 364 τὸ
2042 326 2144 364 αὐτοῦ
2171 323 2355 377 πρόσωπον

1338 386 1479 437 εἰσάγει.
1509 385 1576 424 Ἓν
1597 385 1694 438 ἔργον
1714 385 1874 433 ἐποίησα.
1907 386 2013 425 Θέλει
2034 385 2153 434 δεῖξαι,
2177 385 2230 424 δ’τι
2248 386 2287 424 τὸ
2308 385 2356 436 μὴ

1335 449 1491 494 ποιῆσαι,
1511 449 1613 485 λῦσαι
1631 446 1688 484 τὸν
1708 446 1811 497 νόμον
1839 441 1880 494 ῆν
1894 463 1902 471 ·
1923 448 1982 485 καὶ
1999 447 2051 485 ὅτι
2070 447 2142 485 ἐστὶ
2164 446 2278 485 πολλὰ
2298 451 2358 485 τοῦ

1334 508 1439 558 νόμου
1459 506 1670 561 κυριώτερα·
1693 507 1752 545 καὶ
1775 507 1826 545 ὅτι
1847 507 1985 555 ἐντολὴν
2005 507 2172 560 ἠνέσχετο
2196 506 2357 551 δέξασθαι

1336 570 1489 615 Μωυσῆς
1511 568 1602 606 κατὰ
1619 573 1678 606 τοῦ
1700 567 1818 619 νόμου,
1839 568 1899 606 καὶ
1919 573 1979 607 τοῦ
2001 569 2106 620 νόμου
2130 567 2355 620 κυριωτέραν.

1333 631 1406 667 Τοῦ
1425 629 1492 681 γὰρ
1512 628 1689 667 σαὸδάτου
1703 633 1724 675 ἦ
1743 628 1914 680 περιτομὴ
1929 629 2143 680 κυριωτέρα·
2167 628 2281 667 καίτοι
2296 631 2358 667 οὐκ

1332 689 1405 728 ἔστι
1421 694 1479 728 τοῦ
1497 689 1615 740 νόμου,
1644 689 1733 728 ἀλλὰ
1756 692 1824 727 τῶν
1850 688 2023 742 πατέρων.
2052 688 2149 740 Ἐγὼ
2166 689 2201 726 δὲ
2217 689 2277 727 καὶ
2292 692 2356 735 τῆς

1332 754 1521 802 περιτομῆς
1535 751 1573 788 τὸ
1593 749 1799 804 κυριώτερον
1824 750 1972 797 ἐποίησα
1991 749 2050 788 καὶ
2067 757 2236 803 κρεῖττον.
2265 743 2355 788 Εἶτα

1332 812 1368 849 οὐ
1386 811 1560 861 μέμνηται
1589 812 1730 857 ἐντολῆς
1755 815 1920 862 νομικῆς·
1949 805 2040 858 οἷον,
2068 810 2121 849 ὅτι
2147 813 2178 849 οἱ
2197 812 2297 863 ἱερεῖς
2315 810 2355 848 τὸ

1332 870 1505 909 ‹affigam›
1542 872 1750 922 βεδηλοῦσι,
1780 871 1938 924 καθάπερ
1968 871 2034 918 ἤδη
2059 865 2177 919 εἶπεν,
2210 872 2286 909 ἀλλ’
2315 873 2354 909 ἐκ

1333 931 1484 981 μείζονος
1505 932 1716 985 περιουσίας.
1752 932 1804 970 Τὸ
1824 931 1878 980 δὲ,
1898 932 2125 983 Θαυμάζετε,
2146 931 2247 970 τοῦτο’
2267 932 2352 980 ἐστι,

1332 991 1549 1042 Οορυέεῖσθε,
1575 992 1797 1045 ταράττεσθε.
1837 994 1882 1030 Εἰ
1909 992 1976 1045 γὰρ
2002 992 2069 1030 ἔδει
2101 986 2187 1030 εἶναι
2212 991 2351 1043 βέὸαιον

1329 1050 1387 1088 τὸν
1408 1050 1509 1101 νόμον
1523 1081 1531 1097 ,
1554 1054 1616 1089 οὐκ
1637 1051 1675 1089 ἂν
1696 1055 1717 1098 ἡ
1746 1052 1917 1105 περιτομὴ
1946 1056 2048 1092 αὐτοῦ
2073 1052 2268 1106 κυριωτέρα
2297 1047 2351 1099 ῆν.

1330 1110 1400 1148 Καὶ
1427 1113 1487 1148 οὐκ
1514 1105 1606 1149 εἶπεν
1622 1141 1631 1158 ,
1665 1111 1717 1149 ὅτι
1744 1114 1857 1162 μεῖζον
1892 1113 2039 1161 ἐποίησα
2063 1118 2125 1161 τῆς
2149 1117 2352 1166 περιτομῆς·

1330 1170 1345 1191 ¹³
1361 1171 1438 1209 ἀλλ’
1458 1174 1496 1209 ἐκ
1517 1171 1714 1223 περιουσίας
1734 1173 1868 1224 ἐλέγχει
1888 1176 1938 1225 τῷ
1956 1177 2077 1212 εἰπεῖν·
2098 1177 2142 1213 Εἰ
2160 1174 2352 1226 περιτομὴν

1327 1232 1500 1283 λαμὸάνει
1517 1233 1708 1285 ἅνθρωπος.
1741 1232 1849 1285 (Ορᾷς
1867 1233 1919 1272 ὅτι
1939 1234 2016 1273 τότε
2038 1235 2192 1286 μάλιστα
2212 1235 2352 1273 ἵσταται

1327 1296 1344 1331 ὁ
1363 1293 1487 1344 νόμος,
1510 1293 1590 1332 ὅταν
1626 1295 1725 1332 αὐτὸν
1759 1293 1849 1346 λύῃ,
1879 1298 1962 1348 ὃρᾷς
1978 1295 2029 1333 ὅτι
2048 1299 2069 1342 ἡ
2091 1299 2151 1333 τοῦ
2175 1296 2352 1334 σαέὅάτου

1325 1353 1421 1398 λύσις
1449 1353 1596 1406 τήρησίς
1626 1357 1699 1392 ἐστι
1731 1359 1790 1393 τοῦ
1815 1355 1943 1406 νόμου;
1987 1358 2033 1400 ὡς
2062 1358 2091 1394 εἷ
2123 1354 2171 1407 μὴ
2190 1356 2291 1403 ἐλύθη
2312 1355 2351 1394 τὸ

1326 1415 1500 1454 σάέἒατον
1515 1444 1524 1461 ,
1551 1415 1685 1466 ἀνάγκη
1715 1415 1772 1454 τὸν
1795 1415 1899 1466 νόμον
1924 1411 1966 1463 ῆν
1984 1418 2154 1463 λυθῆναι·
2182 1417 2272 1456 ὥστε
2292 1418 2351 1455 καὶ

1324 1476 1391 1528 ἐγὼ
1417 1476 1548 1523 ἔστησα
1576 1477 1689 1515 αὐτόν.
1731 1477 1800 1515 Καὶ
1821 1479 1881 1515 οὐκ
1899 1471 2010 1526 εἶπεν,
2029 1478 2106 1529 ἐμοὶ
2129 1480 2256 1530 χολᾶτε
2270 1509 2279 1526 ,
2297 1478 2350 1517 ὅτι

1325 1537 1439 1584 μεῖζον
1460 1559 1465 1572 1
1484 1539 1645 1586 εριτομῆς
1665 1536 1881 1587 εἰργασάμην
1896 1551 1903 1559 ·
1926 1536 2015 1574 ἀλλὰ
2033 1537 2072 1575 τὸ
2092 1537 2229 1589 γεγονὸς
2248 1536 2349 1588 μόνον

1324 1595 1442 1644 εἰπὼν,
1465 1598 1579 1640 αὐτοῖς
1604 1596 1667 1644 τὴν
1688 1596 1801 1648 κρίσιν
1828 1597 2026 1651 ἐπέτρεψεν,
2044 1600 2072 1636 εἶ
2090 1597 2138 1649 μὴ
2157 1602 2350 1651 περιτομῆς

1325 1656 1592 1709 ἀναγκαιότερον
1614 1657 1801 1710 ὁλόκληρος
1821 1658 1946 1710 ὑγίεια.
1987 1658 2067 1696 Ἵνα
2091 1665 2233 1709 σημεῖον
2256 1659 2348 1711 λα’ὅῃ

1325 1721 1342 1755 ὁ
1367 1719 1546 1771 ἅνθρωπος
1575 1718 1671 1756 οὐδὲν
1696 1718 1780 1772 πρὸς
1800 1718 1917 1770 ὑγείαν
1938 1719 2136 1767 συντελοῧν,
2152 1719 2270 1758 λύεται
2289 1719 2349 1758 νό-

1327 1795 1399 1828 μος,
1418 1779 1520 1831 φησίν
1536 1795 1543 1802 ·
1565 1778 1621 1817 ἵνα
1639 1779 1738 1818 νόσου
1754 1779 1925 1825 τοσαύτης
1945 1782 2146 1832 ἀπαλλαγῇ,
2165 1781 2350 1833 δυσχεραί-

1324 1857 1411 1887 νετε,
1430 1841 1490 1879 καὶ
1508 1844 1750 1893 ἀγανακτεῖτε,
1769 1840 1829 1888 Μὴ
1848 1841 1981 1894 κρίνετε
1996 1842 2075 1879 κατ’
2091 1842 2180 1894 ὄψιν.
2199 1843 2246 1880 Τί
2263 1845 2348 1890 ἐστι,

1324 1904 1412 1940 Κατ’
1432 1903 1529 1954 ὄψιν;
1564 1902 1625 1950 Μὴ
1660 1902 1778 1949 ἐπειδὴ
1812 1904 1969 1949 Μωῦσῆς
1996 1902 2135 1954 μείζονα
2158 1903 2242 1956 παρ’
2265 1906 2347 1954 ὑμῖν

1324 1963 1397 2015 ἔχει
1420 1963 1481 2010 τὴν
1513 1963 1637 2010 δόξαν,
1669 1963 1738 2001 ἀπὸ
1768 1966 1826 2001 τοῦ
1849 1966 1918 2001 τῶν
1936 1962 2132 2015 προσώπων
2151 1962 2348 2014 ἀξιώματος

1323 2025 1441 2077 φέρετε
1463 2023 1524 2071 τὴν
1542 2026 1654 2076 ψῆφον
1667 2040 1674 2046 ·
1702 2025 1778 2061 ἀλλ’
1799 2023 1868 2062 ἀπὸ
1884 2027 1946 2070 τῆς
1962 2026 2031 2062 τῶν
2050 2023 2268 2077 πραγμάτων
2286 2025 2347 2077 φύ-

1324 2101 1431 2128 σεως·
1462 2091 1562 2124 τοῦτο
1588 2085 1655 2138 γάρ
1681 2084 1812 2123 ἔστιτὸ
1839 2085 1980 2128 δικαίως
2005 2091 2132 2138 κρῖναι.
2162 2085 2264 2124 Διατί
2280 2085 2347 2138 γὰρ

1322 2145 1431 2189 οὐδεὶς
1462 2146 1641 2184 ἐνεκάλεσε
1670 2148 1836 2192 Μωυσεῖ,
1866 2146 1957 2184 διατί
1984 2146 2275 2194 οὖδεὶςήπείθησε
2290 2163 2344 2185 κε-

1322 2205 1455 2244 λεύοντι
1467 2206 1506 2243 τὸ
1523 2206 1698 2244 wiggonem
1715 2205 1931 2244 λύεσθαιὺπὸ
1941 2207 2079 2252 ἐντολῆς
2096 2205 2218 2250 ἔξωθεν
2236 2209 2348 2245 ἐπεισ-

1324 2267 1518 2318 ενεχθείσης
1542 2269 1591 2318 τῷ
1620 2267 1737 2318 νόμῳ,
1771 2267 1860 2304 Ἀλλ’
1891 2269 2018 2309 ἐκεῖνος
2045 2265 2106 2316 μὲν
2134 2270 2193 2305 τοῦ
2221 2267 2346 2305 οἰκείου

1322 2325 1427 2375 νόμου
1461 2326 1622 2378 ἀνέχεται
1653 2324 1791 2372 ἐντολὴν
1819 2319 1905 2363 εἶναι
1933 2325 2162 2377 κυριωτέραν,
2191 2327 2345 2375 ἐντολὴν,

1323 2386 1385 2434 τὴν
1409 2389 1473 2439 οὐχ
1495 2387 1560 2424 ὑπὸ
1587 2390 1646 2425 τοῦ
1671 2385 1775 2437 νόμου
1804 2388 2075 2438 εἰσενεχῡεῖσαν,
2102 2387 2178 2425 ἀλλ’
2208 2386 2343 2432 ἔξωθεν·

1323 2448 1408 2499 ὅπερ
1431 2447 1506 2486 ἐστὶ
1532 2447 1685 2498 μάλιστα
1710 2447 1909 2498 Θαυμαστόν
1926 2463 1933 2470 ·
1953 2449 2052 2498 ὑμεῖς
2074 2447 2110 2485 δὲ
2130 2451 2161 2486 οἱ
2181 2449 2219 2485 οὐ
2239 2464 2342 2499 νομο-

1324 2509 1430 2556 Οέται,
1446 2508 1535 2562 πέρα
1553 2514 1612 2548 τοῦ
1633 2508 1759 2560 μέτρου
1777 2509 1944 2546 ἐκδικεῖτε
1964 2508 2021 2546 τὸν
2042 2508 2157 2559 νόμον,
2177 2509 2236 2547 καὶ
2256 2509 2344 2561 ἀμύ-

1323 2586 1396 2608 νετε
1417 2573 1522 2622 αὐτῷ.
1552 2569 1655 2608 Ἀλλὰ
1676 2569 1954 2622 ἀξιοπιστότερος
1972 2571 2069 2620 ὑμῶν
2087 2571 2180 2608 ἐστιν
2199 2572 2216 2608 ὃ
2237 2573 2342 2609 Meni}-

1322 2634 1404 2678 σῆς,
1432 2633 1449 2668 ὁ
1478 2631 1627 2669 κελεύων
1654 2630 1797 2669 λύεσθαι
1820 2631 1877 2669 τὸν
1905 2630 2009 2681 νόμον
2033 2630 2129 2682 παρὰ
2149 2633 2288 2678 ἐντολῆς
2304 2634 2340 2670 οὐ

1323 2692 1484 2744 νομίμης.
1513 2695 1576 2745 Τῷ
1591 2696 1672 2745 γοῦν
1697 2695 1821 2737 εἰπεῖν,
1850 2692 1958 2731 ”Ολον
1977 2693 2171 2744 ἄνθρωπον,
2192 2694 2343 2733 δείκνυσι

1322 2753 1380 2792 καὶ
1426 2753 1571 2805 μερικὴν
1615 2753 1730 2803 ὑγείαν
1769 2747 1872 2791 οὖσαν
1918 2753 1980 2800 τὴν
2023 2755 2225 2807 περιτομήν.
2270 2756 2341 2794 Καὶ

1322 2813 1374 2856 τίς
1405 2816 1427 2859 ἡ
1458 2813 1555 2864 ὑγεία
1589 2816 1650 2858 τῆς
1679 2816 1887 2865 περιτομῆς;
1905 2813 2065 2865 cll'uyyh,
2097 2815 2206 2865 φησὶ,
2231 2822 2341 2864 πᾶσα,

1321 2876 1398 2922 ἥτις
1433 2874 1490 2911 ἐὰν
1520 2873 1569 2924 μὴ
1607 2877 1827 2926 περιτμηΟῆ,
1864 2873 2199 2926 ἐξολοΟρευΟήο-εται.
2243 2876 2340 2928 Ἐγὼ

1323 2935 1357 2974 δὲ
1389 2937 1450 2973 οὐκ
1484 2934 1552 2972 ἀπὸ
1593 2933 1716 2985 μέρους
1749 2933 1992 2984 κεκακωμένον
2006 2965 2015 2983 ,
2057 2936 2134 2973 ἀλλ’
2170 2936 2248 2974 ὅλον
2273 2937 2341 2974 διε·

1323 2995 1516 3050 φθαρμένον
1543 2995 1734 3040 ἀνέστησα.
1763 2994 1824 3041 Μὴ
1857 2995 1989 3046 κρίνετε
2014 2996 2126 3033 τοίνυν
2148 2999 2224 3034 κατ’
2249 2997 2338 3048 ὄψιν.

1322 3058 1337 3078 ‘¹
1348 3059 1462 3096 Τοῦτο
1477 3055 1678 3107 πειθώμεθα
1697 3055 1745 3106 μὴ
1762 3061 1833 3098 τοῖς
1849 3055 1926 3094 τότε
1944 3058 2101 3108 εἰρῆσθαι
2118 3057 2232 3107 μόνον,
2249 3057 2339 3095 ἀλλὰ

1322 3126 1379 3165 καὶ
1390 3128 1486 3176 ἡμῖν,
1501 3123 1590 3162 ὥστε
1601 3122 1723 3174 μηδενὶ
1732 3122 1912 3175 πράγματι
1924 3123 2130 3175 διαφθείρειν
2144 3123 2338 3173 τὸδίκαιον,

1371 3258 1387 3282 b
1412 3254 1472 3288 Alii
1487 3259 1568 3289 ἀλλὰ
1580 3259 1629 3288 καὶ
1644 3257 1760 3296 ᾐνίξατο
1776 3262 1817 3297 τῷ
1834 3257 1936 3296 λέγειν.

1375 3314 1386 3328 0
1402 3307 1548 3348 Quidam
1565 3312 1654 3351 ψυχὴ,
1673 3310 1766 3350 φησὶν,
1780 3311 1935 3351 ἀνθρώπου
1949 3320 1981 3340 ττ-
2001 3304 2121 3347 [Supra
2131 3314 2254 3352 μερικὴν
2266 3307 2334 3340 sine

1326 3369 1376 3397 καί
1392 3362 1493 3397 Savil.
1512 3369 1545 3393 ct
1561 3360 1670 3394 Codd.
1689 3357 1824 3400 nosti-L]

1372 3415 1389 3440 ‘¹
1413 3413 1475 3450 Alii
1492 3418 1579 3450 τοῦτο
1597 3417 1625 3448 δὲ
1642 3415 1674 3448 οὖ
1690 3419 1750 3450 τοῖς
1766 3418 1834 3446 τότε
1850 3415 1965 3454 εἴρηται
1980 3416 2086 3453 μόνον,
2104 3413 2193 3444 ἀλλὰ..
