<?xml version="1.0" encoding="UTF-8"?>
<!DOCTYPE html PUBLIC "-//W3C//DTD XHTML 1.0 Transitional//EN"
    "http://www.w3.org/TR/xhtml1/DTD/xhtml1-transitional.dtd">
<html xmlns="http://www.w3.org/1999/xhtml" xml:lang="en" lang="en">
 <head>
  <title>
</title>
<meta http-equiv="Content-Type" content="text/html;charset=utf-8" />
  <meta name='ocr-system' content='tesseract 3.04.00' />
  <meta name='ocr-capabilities' content='ocr_page ocr_carea ocr_par ocr_line ocrx_word'/>
</head>
<body>
  <div class='ocr_page' id='page_1' title='image "./operaomniaquaeex08johnuoft_0317.png"; bbox 0 0 2481 3678; ppageno 0'>
   <div class='ocr_carea' id='block_1_1' title="bbox 744 159 1482 210">
    <p class='ocr_par' dir='ltr' id='par_1_1' title="bbox 744 159 1482 210">
     <span class='ocr_line' id='line_1_1' title="bbox 744 159 1482 210; baseline -0.012 1"><span class='ocrx_word' id='word_1_1' title='bbox 744 180 788 209; x_wconf 74' lang='lat' dir='ltr'>IN</span> <span class='ocrx_word' id='word_1_2' title='bbox 827 181 1037 210; x_wconf 57' lang='lat' dir='ltr'><strong>JOANNEM</strong></span> <span class='ocrx_word' id='word_1_3' title='bbox 1073 178 1234 208; x_wconf 75' lang='lat' dir='ltr'>HOMtL.</span> <span class='ocrx_word' id='word_1_4' title='bbox 1271 177 1383 206; x_wconf 83' lang='lat' dir='ltr'>x[.1t.</span> <span class='ocrx_word' id='word_1_5' title='bbox 1422 159 1482 203; x_wconf 74' lang='lat' dir='ltr'>al.</span> 
     </span>
    </p>
   </div>
   <div class='ocr_carea' id='block_1_2' title="bbox 139 258 1163 437">
    <p class='ocr_par' dir='ltr' id='par_1_2' title="bbox 139 258 1163 437">
     <span class='ocr_line' id='line_1_2' title="bbox 193 258 1162 314; baseline -0.005 -11"><span class='ocrx_word' id='word_1_6' title='bbox 193 263 370 314; x_wconf 79' lang='grc' dir='ltr'>Μοίθωμεν</span> <span class='ocrx_word' id='word_1_7' title='bbox 401 262 534 309; x_wconf 82' lang='grc' dir='ltr'>τοίνυν,</span> <span class='ocrx_word' id='word_1_8' title='bbox 555 262 747 313; x_wconf 68' lang='grc' dir='ltr'>ἀγαπητοὶ,</span> <span class='ocrx_word' id='word_1_9' title='bbox 767 265 828 308; x_wconf 70' lang='grc' dir='ltr'>τῆς</span> <span class='ocrx_word' id='word_1_10' title='bbox 847 265 952 313; x_wconf 67' lang='grc' dir='ltr'>τιμῆς</span> <span class='ocrx_word' id='word_1_11' title='bbox 978 263 1039 306; x_wconf 70' lang='grc' dir='ltr'>τῆς</span> <span class='ocrx_word' id='word_1_12' title='bbox 1065 258 1162 312; x_wconf 75' lang='grc' dir='ltr'>παρὰ</span> 
     </span>
     <span class='ocr_line' id='line_1_3' title="bbox 139 321 1162 375; baseline -0.004 -14"><span class='ocrx_word' id='word_1_13' title='bbox 139 322 333 375; x_wconf 78' lang='grc' dir='ltr'>ἀνθρώποις</span> <span class='ocrx_word' id='word_1_14' title='bbox 354 327 582 375; x_wconf 80' lang='grc' dir='ltr'>καταφρονεῖν</span> <span class='ocrx_word' id='word_1_15' title='bbox 598 322 657 360; x_wconf 81' lang='grc' dir='ltr'>καὶ</span> <span class='ocrx_word' id='word_1_16' title='bbox 678 321 726 373; x_wconf 82' lang='grc' dir='ltr'>μὴ</span> <span class='ocrx_word' id='word_1_17' title='bbox 748 322 914 374; x_wconf 69' lang='grc' dir='ltr'>ἐφίεσθαι.</span> <span class='ocrx_word' id='word_1_18' title='bbox 932 324 965 361; x_wconf 87' lang='lat' dir='ltr'><strong>T</strong></span> <span class='ocrx_word' id='word_1_19' title='bbox 968 321 1162 372; x_wconf 80' lang='grc' dir='ltr'>ετιμήμεθα</span> 
     </span>
     <span class='ocr_line' id='line_1_4' title="bbox 139 380 1163 437; baseline -0.006 -15"><span class='ocrx_word' id='word_1_20' title='bbox 139 383 206 437; x_wconf 81' lang='grc' dir='ltr'>γὰρ</span> <span class='ocrx_word' id='word_1_21' title='bbox 225 383 330 433; x_wconf 84' lang='grc' dir='ltr'>τιμὴν</span> <span class='ocrx_word' id='word_1_22' title='bbox 353 382 532 434; x_wconf 79' lang='grc' dir='ltr'>μεγίστην,</span> <span class='ocrx_word' id='word_1_23' title='bbox 561 382 620 420; x_wconf 77' lang='grc' dir='ltr'>καὶ</span> <span class='ocrx_word' id='word_1_24' title='bbox 647 383 732 434; x_wconf 79' lang='grc' dir='ltr'>πρὸς</span> <span class='ocrx_word' id='word_1_25' title='bbox 750 383 792 429; x_wconf 78' lang='grc' dir='ltr'>ἣν</span> <span class='ocrx_word' id='word_1_26' title='bbox 825 382 911 429; x_wconf 76' lang='grc' dir='ltr'>αὕτη</span> <span class='ocrx_word' id='word_1_27' title='bbox 937 380 1163 434; x_wconf 67' lang='grc' dir='ltr'>παραὸαλλο-</span> 
     </span>
    </p>
   </div>
   <div class='ocr_carea' id='block_1_3' title="bbox 141 438 1160 497">
    <p class='ocr_par' dir='ltr' id='par_1_3' title="bbox 141 438 1160 497">
     <span class='ocr_line' id='line_1_5' title="bbox 141 438 1160 497; baseline -0.006 -16"><span class='ocrx_word' id='word_1_28' title='bbox 141 444 227 494; x_wconf 81' lang='grc' dir='ltr'>μένη</span> <span class='ocrx_word' id='word_1_29' title='bbox 242 475 252 492; x_wconf 90' lang='grc'>,</span> <span class='ocrx_word' id='word_1_30' title='bbox 270 444 368 497; x_wconf 60' lang='grc' dir='ltr'>ὕὸρις</span> <span class='ocrx_word' id='word_1_31' title='bbox 382 444 442 481; x_wconf 79' lang='grc' dir='ltr'>καὶ</span> <span class='ocrx_word' id='word_1_32' title='bbox 461 443 570 494; x_wconf 80' lang='grc' dir='ltr'>γέλως</span> <span class='ocrx_word' id='word_1_33' title='bbox 601 444 660 481; x_wconf 78' lang='grc' dir='ltr'>καὶ</span> <span class='ocrx_word' id='word_1_34' title='bbox 691 442 882 495; x_wconf 67' lang='grc' dir='ltr'>Ϊκωμῳδιά</span> <span class='ocrx_word' id='word_1_35' title='bbox 910 443 1016 485; x_wconf 85' lang='grc' dir='ltr'>ὄντως</span> <span class='ocrx_word' id='word_1_36' title='bbox 1047 438 1138 478; x_wconf 85' lang='grc' dir='ltr'>ἐστίν</span> <span class='ocrx_word' id='word_1_37' title='bbox 1154 453 1160 460; x_wconf 91' lang='grc'><em>·</em></span> 
     </span>
    </p>
   </div>
   <div class='ocr_carea' id='block_1_4' title="bbox 139 499 1221 619">
    <p class='ocr_par' dir='ltr' id='par_1_4' title="bbox 139 499 1221 619">
     <span class='ocr_line' id='line_1_6' title="bbox 139 499 1221 558; baseline -0.006 -16"><span class='ocrx_word' id='word_1_38' title='bbox 139 504 259 558; x_wconf 83' lang='grc' dir='ltr'>ὥσπερ</span> <span class='ocrx_word' id='word_1_39' title='bbox 279 508 336 543; x_wconf 83' lang='grc' dir='ltr'>οὖν</span> <span class='ocrx_word' id='word_1_40' title='bbox 357 505 416 542; x_wconf 86' lang='grc' dir='ltr'>καὶ</span> <span class='ocrx_word' id='word_1_41' title='bbox 444 507 462 542; x_wconf 81' lang='grc' dir='ltr'><strong>ὁ</strong></span> <span class='ocrx_word' id='word_1_42' title='bbox 481 507 626 548; x_wconf 87' lang='grc' dir='ltr'>πλοῦτος</span> <span class='ocrx_word' id='word_1_43' title='bbox 645 499 741 548; x_wconf 62' lang='grc' dir='ltr'>οὗτος</span> <span class='ocrx_word' id='word_1_44' title='bbox 770 505 855 556; x_wconf 85' lang='grc' dir='ltr'>πρὸς</span> <span class='ocrx_word' id='word_1_45' title='bbox 884 506 1010 541; x_wconf 83' lang='grc' dir='ltr'>ἐκεῖνον</span> <span class='ocrx_word' id='word_1_46' title='bbox 1037 499 1138 538; x_wconf 83' lang='grc' dir='ltr'>πενία</span> <span class='ocrx_word' id='word_1_47' title='bbox 1151 528 1160 546; x_wconf 88' lang='grc'>,</span> <span class='ocrx_word' id='word_1_48' title='bbox 1174 527 1221 550; x_wconf 74' lang='lat'>253</span> 
     </span>
     <span class='ocr_line' id='line_1_7' title="bbox 140 559 1211 619; baseline -0.006 -16"><span class='ocrx_word' id='word_1_49' title='bbox 140 565 199 603; x_wconf 81' lang='grc' dir='ltr'>καὶ</span> <span class='ocrx_word' id='word_1_50' title='bbox 223 569 245 612; x_wconf 86' lang='grc' dir='ltr'>ἡ</span> <span class='ocrx_word' id='word_1_51' title='bbox 284 564 354 612; x_wconf 76' lang='grc' dir='ltr'>ζωὴ</span> <span class='ocrx_word' id='word_1_52' title='bbox 392 564 477 612; x_wconf 73' lang='grc' dir='ltr'>αὕτη</span> <span class='ocrx_word' id='word_1_53' title='bbox 506 566 614 619; x_wconf 76' lang='grc' dir='ltr'>χωρὶς</span> <span class='ocrx_word' id='word_1_54' title='bbox 642 565 772 612; x_wconf 84' lang='grc' dir='ltr'>ἐκείνης</span> <span class='ocrx_word' id='word_1_55' title='bbox 803 563 968 615; x_wconf 82' lang='grc' dir='ltr'>νέκρωσις</span> <span class='ocrx_word' id='word_1_56' title='bbox 992 559 1162 612; x_wconf 54' lang='grc' dir='ltr'>(ῦἌφες,</span> <span class='ocrx_word' id='word_1_57' title='bbox 1186 564 1211 592; x_wconf 85' lang='grc' dir='ltr'>Α</span> 
     </span>
    </p>
   </div>
   <div class='ocr_carea' id='block_1_5' title="bbox 139 620 1182 1962">
    <p class='ocr_par' dir='ltr' id='par_1_5' title="bbox 139 620 1182 1962">
     <span class='ocr_line' id='line_1_8' title="bbox 139 620 1163 679; baseline -0.005 -17"><span class='ocrx_word' id='word_1_58' title='bbox 139 625 246 677; x_wconf 80' lang='grc' dir='ltr'>φησὶ,</span> <span class='ocrx_word' id='word_1_59' title='bbox 262 625 339 669; x_wconf 71' lang='grc' dir='ltr'>τοὺς</span> <span class='ocrx_word' id='word_1_60' title='bbox 358 625 496 679; x_wconf 71' lang='grc' dir='ltr'>νεκροὺς</span> <span class='ocrx_word' id='word_1_61' title='bbox 510 626 619 678; x_wconf 69' lang='grc' dir='ltr'>θάψαι</span> <span class='ocrx_word' id='word_1_62' title='bbox 632 625 709 669; x_wconf 74' lang='grc' dir='ltr'>τοὺς</span> <span class='ocrx_word' id='word_1_63' title='bbox 724 626 855 662; x_wconf 81' lang='grc' dir='ltr'>ἑαυτῶν</span> <span class='ocrx_word' id='word_1_64' title='bbox 871 621 1009 675; x_wconf 88' lang='grc' dir='ltr'>νεκρούς</span> <span class='ocrx_word' id='word_1_65' title='bbox 1028 621 1055 671; x_wconf 87' lang='grc'>)·</span> <span class='ocrx_word' id='word_1_66' title='bbox 1074 620 1163 659; x_wconf 73' lang='grc' dir='ltr'>οὕτω</span> 
     </span>
     <span class='ocr_line' id='line_1_9' title="bbox 140 682 1163 741; baseline -0.005 -17"><span class='ocrx_word' id='word_1_67' title='bbox 140 687 199 724; x_wconf 83' lang='grc' dir='ltr'>καὶ</span> <span class='ocrx_word' id='word_1_68' title='bbox 220 691 242 734; x_wconf 73' lang='grc' dir='ltr'>ἡ</span> <span class='ocrx_word' id='word_1_69' title='bbox 263 687 345 731; x_wconf 82' lang='grc' dir='ltr'>δόξα</span> <span class='ocrx_word' id='word_1_70' title='bbox 360 687 446 734; x_wconf 79' lang='grc' dir='ltr'>αὕτη</span> <span class='ocrx_word' id='word_1_71' title='bbox 467 688 551 741; x_wconf 76' lang='grc' dir='ltr'>πρὸς</span> <span class='ocrx_word' id='word_1_72' title='bbox 566 687 697 734; x_wconf 85' lang='grc' dir='ltr'>ἐκείνην</span> <span class='ocrx_word' id='word_1_73' title='bbox 715 684 862 737; x_wconf 78' lang='grc' dir='ltr'>αἰσχύνη</span> <span class='ocrx_word' id='word_1_74' title='bbox 878 684 938 721; x_wconf 78' lang='grc' dir='ltr'>καὶ</span> <span class='ocrx_word' id='word_1_75' title='bbox 954 683 1062 735; x_wconf 84' lang='grc' dir='ltr'>γέλως</span> <span class='ocrx_word' id='word_1_76' title='bbox 1079 682 1163 721; x_wconf 79' lang='grc' dir='ltr'>ἐστί.</span> 
     </span>
     <span class='ocr_line' id='line_1_10' title="bbox 141 743 1165 799; baseline -0.004 -15"><span class='ocrx_word' id='word_1_77' title='bbox 141 747 202 794; x_wconf 85' lang='grc' dir='ltr'>Μὴ</span> <span class='ocrx_word' id='word_1_78' title='bbox 217 747 326 786; x_wconf 87' lang='grc' dir='ltr'>τοίνυν</span> <span class='ocrx_word' id='word_1_79' title='bbox 339 748 444 795; x_wconf 69' lang='grc' dir='ltr'>αὐτὴν</span> <span class='ocrx_word' id='word_1_80' title='bbox 459 748 650 799; x_wconf 80' lang='grc' dir='ltr'>διώκωμεν.</span> <span class='ocrx_word' id='word_1_81' title='bbox 663 750 706 786; x_wconf 86' lang='grc' dir='ltr'>Εἰ</span> <span class='ocrx_word' id='word_1_82' title='bbox 716 747 783 799; x_wconf 75' lang='grc' dir='ltr'>γὰρ</span> <span class='ocrx_word' id='word_1_83' title='bbox 796 749 827 784; x_wconf 84' lang='grc' dir='ltr'>οἱ</span> <span class='ocrx_word' id='word_1_84' title='bbox 838 745 1048 798; x_wconf 72' lang='grc' dir='ltr'>παρέχοντες</span> <span class='ocrx_word' id='word_1_85' title='bbox 1059 743 1165 791; x_wconf 80' lang='grc' dir='ltr'>αὐτὴν</span> 
     </span>
     <span class='ocr_line' id='line_1_11' title="bbox 141 807 1166 863; baseline -0.005 -16"><span class='ocrx_word' id='word_1_86' title='bbox 141 817 241 852; x_wconf 78' lang='grc' dir='ltr'>σκιᾶς</span> <span class='ocrx_word' id='word_1_87' title='bbox 260 810 319 848; x_wconf 84' lang='grc' dir='ltr'>καὶ</span> <span class='ocrx_word' id='word_1_88' title='bbox 341 810 480 863; x_wconf 83' lang='grc' dir='ltr'>ὀνείρων</span> <span class='ocrx_word' id='word_1_89' title='bbox 509 810 594 848; x_wconf 81' lang='grc' dir='ltr'>εἰσὶν</span> <span class='ocrx_word' id='word_1_90' title='bbox 623 807 874 859; x_wconf 79' lang='grc' dir='ltr'>εὐτελέστεροι,</span> <span class='ocrx_word' id='word_1_91' title='bbox 894 807 1014 859; x_wconf 88' lang='grc' dir='ltr'>πολλῷ</span> <span class='ocrx_word' id='word_1_92' title='bbox 1035 807 1166 857; x_wconf 76' lang='grc' dir='ltr'>μᾶλλον</span> 
     </span>
     <span class='ocr_line' id='line_1_12' title="bbox 142 866 1166 922; baseline -0.004 -14"><span class='ocrx_word' id='word_1_93' title='bbox 142 869 228 917; x_wconf 78' lang='grc' dir='ltr'>αὐτὴ</span> <span class='ocrx_word' id='word_1_94' title='bbox 244 874 265 917; x_wconf 85' lang='grc' dir='ltr'>ἡ</span> <span class='ocrx_word' id='word_1_95' title='bbox 287 870 378 914; x_wconf 82' lang='grc' dir='ltr'>δόξα·</span> <span class='ocrx_word' id='word_1_96' title='bbox 395 869 486 914; x_wconf 72' lang='grc' dir='ltr'>Δόξα</span> <span class='ocrx_word' id='word_1_97' title='bbox 515 869 584 922; x_wconf 87' lang='grc' dir='ltr'>γὰρ</span> <span class='ocrx_word' id='word_1_98' title='bbox 618 867 800 922; x_wconf 85' lang='grc' dir='ltr'>ἀνθρώπου</span> <span class='ocrx_word' id='word_1_99' title='bbox 834 870 880 911; x_wconf 82' lang='grc' dir='ltr'>ὡς</span> <span class='ocrx_word' id='word_1_100' title='bbox 902 868 1000 910; x_wconf 77' lang='grc' dir='ltr'>ἄνθος</span> <span class='ocrx_word' id='word_1_101' title='bbox 1027 866 1166 919; x_wconf 82' lang='grc' dir='ltr'>χόρτου.</span> 
     </span>
     <span class='ocr_line' id='line_1_13' title="bbox 141 927 1167 983; baseline -0.003 -14"><span class='ocrx_word' id='word_1_102' title='bbox 141 930 189 969; x_wconf 86' lang='grc' dir='ltr'>Τί</span> <span class='ocrx_word' id='word_1_103' title='bbox 204 931 239 968; x_wconf 76' lang='grc' dir='ltr'>δὲ</span> <span class='ocrx_word' id='word_1_104' title='bbox 259 931 379 974; x_wconf 81' lang='grc' dir='ltr'>ἄνθους</span> <span class='ocrx_word' id='word_1_105' title='bbox 404 931 530 983; x_wconf 82' lang='grc' dir='ltr'>χόρτου</span> <span class='ocrx_word' id='word_1_106' title='bbox 560 929 795 981; x_wconf 78' lang='grc' dir='ltr'>εὐτελέστερον</span> <span class='ocrx_word' id='word_1_107' title='bbox 824 927 948 980; x_wconf 77' lang='grc' dir='ltr'>γένοιτ’</span> <span class='ocrx_word' id='word_1_108' title='bbox 978 928 1040 976; x_wconf 82' lang='grc' dir='ltr'>ἅν,</span> <span class='ocrx_word' id='word_1_109' title='bbox 1072 930 1114 966; x_wconf 71' lang='lat' dir='ltr'>Ei</span> <span class='ocrx_word' id='word_1_110' title='bbox 1132 927 1167 966; x_wconf 77' lang='grc' dir='ltr'>δὲ</span> 
     </span>
     <span class='ocr_line' id='line_1_14' title="bbox 142 987 1169 1043; baseline -0.003 -14"><span class='ocrx_word' id='word_1_111' title='bbox 142 991 200 1029; x_wconf 81' lang='grc' dir='ltr'>καὶ</span> <span class='ocrx_word' id='word_1_112' title='bbox 222 991 367 1042; x_wconf 87' lang='grc' dir='ltr'>μόνιμος</span> <span class='ocrx_word' id='word_1_113' title='bbox 382 987 437 1039; x_wconf 61' lang='grc' dir='ltr'>ἦν,</span> <span class='ocrx_word' id='word_1_114' title='bbox 451 992 485 1029; x_wconf 89' lang='grc' dir='ltr'>τί</span> <span class='ocrx_word' id='word_1_115' title='bbox 503 990 567 1038; x_wconf 79' lang='grc' dir='ltr'>τὴν</span> <span class='ocrx_word' id='word_1_116' title='bbox 591 989 706 1043; x_wconf 75' lang='grc' dir='ltr'>ψυχὴν</span> <span class='ocrx_word' id='word_1_117' title='bbox 741 990 920 1042; x_wconf 61' lang='grc' dir='ltr'>ὠφελῆσαι</span> <span class='ocrx_word' id='word_1_118' title='bbox 944 989 1085 1042; x_wconf 83' lang='grc' dir='ltr'>ἴσχυσεν</span> <span class='ocrx_word' id='word_1_119' title='bbox 1107 990 1169 1036; x_wconf 77' lang='grc' dir='ltr'>ἄν,</span> 
     </span>
     <span class='ocr_line' id='line_1_15' title="bbox 145 1049 1170 1102; baseline -0.002 -11"><span class='ocrx_word' id='word_1_120' title='bbox 145 1052 276 1091; x_wconf 80' lang='grc' dir='ltr'>Οὐδέν·</span> <span class='ocrx_word' id='word_1_121' title='bbox 294 1053 385 1091; x_wconf 77' lang='grc' dir='ltr'>ἀλλὰ</span> <span class='ocrx_word' id='word_1_122' title='bbox 417 1052 477 1090; x_wconf 79' lang='grc' dir='ltr'>καὶ</span> <span class='ocrx_word' id='word_1_123' title='bbox 506 1051 750 1090; x_wconf 66' lang='grc' dir='ltr'>καταὸλάπτει</span> <span class='ocrx_word' id='word_1_124' title='bbox 779 1050 823 1088; x_wconf 81' lang='grc' dir='ltr'>τὰ</span> <span class='ocrx_word' id='word_1_125' title='bbox 847 1049 1008 1102; x_wconf 76' lang='grc' dir='ltr'>μέγιστα,</span> <span class='ocrx_word' id='word_1_126' title='bbox 1033 1051 1170 1094; x_wconf 77' lang='grc' dir='ltr'>δούλους</span> 
     </span>
     <span class='ocr_line' id='line_1_16' title="bbox 142 1112 1171 1166; baseline -0.002 -14"><span class='ocrx_word' id='word_1_127' title='bbox 142 1117 311 1162; x_wconf 89' lang='grc' dir='ltr'>ποιοῦσα,</span> <span class='ocrx_word' id='word_1_128' title='bbox 335 1113 474 1157; x_wconf 79' lang='grc' dir='ltr'>δούλους</span> <span class='ocrx_word' id='word_1_129' title='bbox 497 1113 750 1166; x_wconf 75' lang='grc' dir='ltr'>ἀργυρωνήτων</span> <span class='ocrx_word' id='word_1_130' title='bbox 771 1112 925 1166; x_wconf 73' lang='grc' dir='ltr'>χείρους,</span> <span class='ocrx_word' id='word_1_131' title='bbox 949 1112 1086 1156; x_wconf 77' lang='grc' dir='ltr'>δούλους</span> <span class='ocrx_word' id='word_1_132' title='bbox 1108 1115 1171 1164; x_wconf 79' lang='grc' dir='ltr'>οὐχ</span> 
     </span>
     <span class='ocr_line' id='line_1_17' title="bbox 143 1175 1171 1228; baseline -0.001 -15"><span class='ocrx_word' id='word_1_133' title='bbox 143 1175 192 1213; x_wconf 76' lang='grc' dir='ltr'>ἑνὶ</span> <span class='ocrx_word' id='word_1_134' title='bbox 213 1175 363 1228; x_wconf 76' lang='grc' dir='ltr'>δεσπότῃ</span> <span class='ocrx_word' id='word_1_135' title='bbox 385 1175 501 1226; x_wconf 89' lang='grc' dir='ltr'>μόνον,</span> <span class='ocrx_word' id='word_1_136' title='bbox 518 1175 607 1213; x_wconf 76' lang='grc' dir='ltr'>ἀλλὰ</span> <span class='ocrx_word' id='word_1_137' title='bbox 624 1175 683 1213; x_wconf 82' lang='grc' dir='ltr'>καὶ</span> <span class='ocrx_word' id='word_1_138' title='bbox 711 1175 788 1214; x_wconf 77' lang='grc' dir='ltr'>δυσὶ</span> <span class='ocrx_word' id='word_1_139' title='bbox 804 1175 863 1213; x_wconf 88' lang='grc' dir='ltr'>καὶ</span> <span class='ocrx_word' id='word_1_140' title='bbox 891 1175 984 1228; x_wconf 80' lang='grc' dir='ltr'>τρισὶ</span> <span class='ocrx_word' id='word_1_141' title='bbox 1019 1175 1079 1212; x_wconf 81' lang='grc' dir='ltr'>καὶ</span> <span class='ocrx_word' id='word_1_142' title='bbox 1108 1191 1171 1225; x_wconf 88' lang='grc' dir='ltr'>μυ-</span> 
     </span>
     <span class='ocr_line' id='line_1_18' title="bbox 146 1235 1169 1289; baseline 0 -15"><span class='ocrx_word' id='word_1_143' title='bbox 146 1236 228 1289; x_wconf 87' lang='grc' dir='ltr'>ρίοις</span> <span class='ocrx_word' id='word_1_144' title='bbox 249 1237 397 1289; x_wconf 62' lang='grc' dir='ltr'>διάφορα</span> <span class='ocrx_word' id='word_1_145' title='bbox 416 1236 657 1275; x_wconf 73' lang='grc' dir='ltr'>ἐπιτάττουσιν</span> <span class='ocrx_word' id='word_1_146' title='bbox 687 1236 935 1280; x_wconf 76' lang='grc' dir='ltr'>ὑπακούοντας.</span> <span class='ocrx_word' id='word_1_147' title='bbox 958 1235 1066 1288; x_wconf 82' lang='grc' dir='ltr'>Πόσῳ</span> <span class='ocrx_word' id='word_1_148' title='bbox 1087 1235 1169 1287; x_wconf 79' lang='grc' dir='ltr'>βέλ-</span> 
     </span>
     <span class='ocr_line' id='line_1_19' title="bbox 143 1291 1168 1351; baseline 0.001 -16"><span class='ocrx_word' id='word_1_149' title='bbox 143 1313 215 1335; x_wconf 88' lang='grc' dir='ltr'>τιον</span> <span class='ocrx_word' id='word_1_150' title='bbox 233 1297 405 1351; x_wconf 79' lang='grc' dir='ltr'>ἐλεύθερον</span> <span class='ocrx_word' id='word_1_151' title='bbox 426 1291 532 1345; x_wconf 66' lang='grc' dir='ltr'>εἶναι,</span> <span class='ocrx_word' id='word_1_152' title='bbox 549 1297 570 1343; x_wconf 83' lang='grc' dir='ltr'>ἢ</span> <span class='ocrx_word' id='word_1_153' title='bbox 589 1299 720 1345; x_wconf 87' lang='grc' dir='ltr'>δοῦλον,</span> <span class='ocrx_word' id='word_1_154' title='bbox 738 1297 912 1349; x_wconf 82' lang='grc' dir='ltr'>ἐλεύθερον</span> <span class='ocrx_word' id='word_1_155' title='bbox 935 1297 998 1347; x_wconf 79' lang='grc' dir='ltr'>μὲν</span> <span class='ocrx_word' id='word_1_156' title='bbox 1019 1299 1080 1342; x_wconf 74' lang='grc' dir='ltr'>τῆς</span> <span class='ocrx_word' id='word_1_157' title='bbox 1099 1301 1168 1336; x_wconf 82' lang='grc' dir='ltr'>τῶν</span> 
     </span>
     <span class='ocr_line' id='line_1_20' title="bbox 145 1359 1171 1412; baseline 0 -15"><span class='ocrx_word' id='word_1_158' title='bbox 145 1359 336 1412; x_wconf 75' lang='grc' dir='ltr'>ἀνθρώπιον</span> <span class='ocrx_word' id='word_1_159' title='bbox 354 1360 508 1402; x_wconf 79' lang='grc' dir='ltr'>δουλείας</span> <span class='ocrx_word' id='word_1_160' title='bbox 521 1388 530 1405; x_wconf 88' lang='grc'>,</span> <span class='ocrx_word' id='word_1_161' title='bbox 549 1361 667 1398; x_wconf 85' lang='grc' dir='ltr'>δοῦλον</span> <span class='ocrx_word' id='word_1_162' title='bbox 702 1359 737 1397; x_wconf 79' lang='grc' dir='ltr'>δὲ</span> <span class='ocrx_word' id='word_1_163' title='bbox 756 1363 818 1405; x_wconf 66' lang='grc' dir='ltr'>τῆς</span> <span class='ocrx_word' id='word_1_164' title='bbox 837 1363 896 1397; x_wconf 83' lang='grc' dir='ltr'>τοῦ</span> <span class='ocrx_word' id='word_1_165' title='bbox 926 1361 1017 1397; x_wconf 88' lang='grc' dir='ltr'>Θεοῦ</span> <span class='ocrx_word' id='word_1_166' title='bbox 1049 1360 1171 1397; x_wconf 41' lang='grc' dir='ltr'>δεσπο-</span> 
     </span>
     <span class='ocr_line' id='line_1_21' title="bbox 144 1419 1172 1473; baseline -0.003 -13"><span class='ocrx_word' id='word_1_167' title='bbox 144 1422 254 1468; x_wconf 88' lang='grc' dir='ltr'>τείας,</span> <span class='ocrx_word' id='word_1_168' title='bbox 278 1420 398 1464; x_wconf 77' lang='grc' dir='ltr'>&lt;Ὀλως</span> <span class='ocrx_word' id='word_1_169' title='bbox 426 1420 462 1458; x_wconf 79' lang='grc' dir='ltr'>δὲ</span> <span class='ocrx_word' id='word_1_170' title='bbox 494 1423 523 1458; x_wconf 87' lang='grc' dir='ltr'>εἷ</span> <span class='ocrx_word' id='word_1_171' title='bbox 555 1419 670 1470; x_wconf 82' lang='grc' dir='ltr'>βούλει</span> <span class='ocrx_word' id='word_1_172' title='bbox 700 1419 799 1466; x_wconf 80' lang='grc' dir='ltr'>δόξης</span> <span class='ocrx_word' id='word_1_173' title='bbox 831 1422 925 1472; x_wconf 75' lang='grc' dir='ltr'>ἐρᾷν,</span> <span class='ocrx_word' id='word_1_174' title='bbox 958 1420 1020 1473; x_wconf 82' lang='grc' dir='ltr'>ἔρα</span> <span class='ocrx_word' id='word_1_175' title='bbox 1052 1419 1172 1468; x_wconf 76' lang='grc' dir='ltr'>δόξης,</span> 
     </span>
     <span class='ocr_line' id='line_1_22' title="bbox 149 1480 1174 1533; baseline -0.001 -13"><span class='ocrx_word' id='word_1_176' title='bbox 149 1481 238 1520; x_wconf 86' lang='grc' dir='ltr'>ἀλλὰ</span> <span class='ocrx_word' id='word_1_177' title='bbox 270 1484 333 1527; x_wconf 72' lang='grc' dir='ltr'>τῆς</span> <span class='ocrx_word' id='word_1_178' title='bbox 356 1481 540 1519; x_wconf 73' lang='grc' dir='ltr'>ἀθανάτου.</span> <span class='ocrx_word' id='word_1_179' title='bbox 561 1481 630 1519; x_wconf 78' lang='grc' dir='ltr'>Καὶ</span> <span class='ocrx_word' id='word_1_180' title='bbox 651 1480 718 1533; x_wconf 76' lang='grc' dir='ltr'>γὰρ</span> <span class='ocrx_word' id='word_1_181' title='bbox 738 1480 981 1532; x_wconf 86' lang='grc' dir='ltr'>λαμπρότερον</span> <span class='ocrx_word' id='word_1_182' title='bbox 1004 1482 1110 1526; x_wconf 70' lang='grc' dir='ltr'>αὐτῆς</span> <span class='ocrx_word' id='word_1_183' title='bbox 1135 1482 1174 1519; x_wconf 79' lang='grc' dir='ltr'>τὸ</span> 
     </span>
     <span class='ocr_line' id='line_1_23' title="bbox 147 1535 1175 1595; baseline -0.001 -14"><span class='ocrx_word' id='word_1_184' title='bbox 147 1542 304 1595; x_wconf 85' lang='grc' dir='ltr'>θέατρον,</span> <span class='ocrx_word' id='word_1_185' title='bbox 324 1541 384 1579; x_wconf 85' lang='grc' dir='ltr'>καὶ</span> <span class='ocrx_word' id='word_1_186' title='bbox 413 1541 555 1592; x_wconf 82' lang='grc' dir='ltr'>1’μεῖζον</span> <span class='ocrx_word' id='word_1_187' title='bbox 575 1542 615 1579; x_wconf 83' lang='grc' dir='ltr'>τὸ</span> <span class='ocrx_word' id='word_1_188' title='bbox 643 1542 776 1595; x_wconf 78' lang='grc' dir='ltr'>κέρδος.</span> <span class='ocrx_word' id='word_1_189' title='bbox 810 1535 920 1579; x_wconf 72' lang='grc' dir='ltr'>Οῧτοι</span> <span class='ocrx_word' id='word_1_190' title='bbox 949 1540 1010 1592; x_wconf 79' lang='grc' dir='ltr'>μὲν</span> <span class='ocrx_word' id='word_1_191' title='bbox 1038 1542 1107 1593; x_wconf 75' lang='grc' dir='ltr'>γάρ</span> <span class='ocrx_word' id='word_1_192' title='bbox 1137 1557 1175 1580; x_wconf 87' lang='grc' dir='ltr'>σε</span> 
     </span>
     <span class='ocr_line' id='line_1_24' title="bbox 147 1601 1175 1656; baseline -0.001 -15"><span class='ocrx_word' id='word_1_193' title='bbox 147 1602 325 1642; x_wconf 81' lang='grc' dir='ltr'>κελεύουσι</span> <span class='ocrx_word' id='word_1_194' title='bbox 359 1602 609 1651; x_wconf 83' lang='grc' dir='ltr'>δαπανώμενον</span> <span class='ocrx_word' id='word_1_195' title='bbox 632 1601 790 1654; x_wconf 79' lang='grc' dir='ltr'>ἀρέσκειν</span> <span class='ocrx_word' id='word_1_196' title='bbox 824 1604 955 1646; x_wconf 80' lang='grc' dir='ltr'>αὐτοῖς·</span> <span class='ocrx_word' id='word_1_197' title='bbox 976 1605 993 1640; x_wconf 86' lang='grc' dir='ltr'>ὁ</span> <span class='ocrx_word' id='word_1_198' title='bbox 1014 1601 1049 1642; x_wconf 79' lang='grc' dir='ltr'>δὲ</span> <span class='ocrx_word' id='word_1_199' title='bbox 1082 1604 1175 1656; x_wconf 82' lang='grc' dir='ltr'>Χρι-</span> 
     </span>
     <span class='ocr_line' id='line_1_25' title="bbox 148 1662 1177 1716; baseline 0 -14"><span class='ocrx_word' id='word_1_200' title='bbox 148 1664 227 1708; x_wconf 71' lang='grc' dir='ltr'>στὸς</span> <span class='ocrx_word' id='word_1_201' title='bbox 245 1663 443 1702; x_wconf 81' lang='grc' dir='ltr'>τούναντίον</span> <span class='ocrx_word' id='word_1_202' title='bbox 460 1663 565 1702; x_wconf 83' lang='grc' dir='ltr'>ἅπαν.</span> <span class='ocrx_word' id='word_1_203' title='bbox 583 1663 652 1701; x_wconf 81' lang='grc' dir='ltr'>Καὶ</span> <span class='ocrx_word' id='word_1_204' title='bbox 671 1662 739 1716; x_wconf 83' lang='grc' dir='ltr'>γὰρ</span> <span class='ocrx_word' id='word_1_205' title='bbox 759 1663 1104 1702; x_wconf 81' lang='grc' dir='ltr'>ἑκακονταπλασίονά</span> <span class='ocrx_word' id='word_1_206' title='bbox 1124 1680 1177 1702; x_wconf 92' lang='grc' dir='ltr'>σοι</span> 
     </span>
     <span class='ocr_line' id='line_1_26' title="bbox 151 1723 1177 1777; baseline 0.002 -15"><span class='ocrx_word' id='word_1_207' title='bbox 151 1726 272 1764; x_wconf 84' lang='grc' dir='ltr'>δίδωσι</span> <span class='ocrx_word' id='word_1_208' title='bbox 293 1728 361 1763; x_wconf 78' lang='grc' dir='ltr'>τῶν</span> <span class='ocrx_word' id='word_1_209' title='bbox 387 1724 575 1775; x_wconf 81' lang='grc' dir='ltr'>διδομένων</span> <span class='ocrx_word' id='word_1_210' title='bbox 590 1723 688 1777; x_wconf 82' lang='grc' dir='ltr'>παρὰ</span> <span class='ocrx_word' id='word_1_211' title='bbox 718 1728 800 1771; x_wconf 89' lang='grc' dir='ltr'>σοῦ,</span> <span class='ocrx_word' id='word_1_212' title='bbox 832 1723 892 1762; x_wconf 81' lang='grc' dir='ltr'>καὶ</span> <span class='ocrx_word' id='word_1_213' title='bbox 919 1724 1009 1771; x_wconf 80' lang='grc' dir='ltr'>ζωὴν</span> <span class='ocrx_word' id='word_1_214' title='bbox 1041 1724 1177 1764; x_wconf 81' lang='grc' dir='ltr'>αἰώνιον</span> 
     </span>
     <span class='ocr_line' id='line_1_27' title="bbox 149 1784 1177 1839; baseline -0.001 -15"><span class='ocrx_word' id='word_1_215' title='bbox 149 1785 282 1830; x_wconf 86' lang='grc' dir='ltr'>τούτοις</span> <span class='ocrx_word' id='word_1_216' title='bbox 310 1785 529 1839; x_wconf 87' lang='grc' dir='ltr'>προστίθησι.</span> <span class='ocrx_word' id='word_1_217' title='bbox 547 1785 596 1823; x_wconf 88' lang='grc' dir='ltr'>Τί</span> <span class='ocrx_word' id='word_1_218' title='bbox 622 1784 732 1823; x_wconf 86' lang='grc' dir='ltr'>τοίνυν</span> <span class='ocrx_word' id='word_1_219' title='bbox 765 1785 912 1836; x_wconf 82' lang='grc' dir='ltr'>βέλτιον,</span> <span class='ocrx_word' id='word_1_220' title='bbox 935 1788 969 1823; x_wconf 78' lang='grc' dir='ltr'>ἐν</span> <span class='ocrx_word' id='word_1_221' title='bbox 994 1789 1036 1837; x_wconf 76' lang='grc' dir='ltr'>τῇ</span> <span class='ocrx_word' id='word_1_222' title='bbox 1060 1789 1126 1837; x_wconf 71' lang='grc' dir='ltr'>γῇ,</span> <span class='ocrx_word' id='word_1_223' title='bbox 1156 1785 1177 1831; x_wconf 78' lang='grc' dir='ltr'>ἢ</span> 
     </span>
     <span class='ocr_line' id='line_1_28' title="bbox 150 1845 1179 1900; baseline 0.001 -15"><span class='ocrx_word' id='word_1_224' title='bbox 150 1850 184 1885; x_wconf 83' lang='grc' dir='ltr'>ἐν</span> <span class='ocrx_word' id='word_1_225' title='bbox 204 1853 274 1890; x_wconf 81' lang='grc' dir='ltr'>τοῖς</span> <span class='ocrx_word' id='word_1_226' title='bbox 289 1849 460 1900; x_wconf 81' lang='grc' dir='ltr'>οὐρανοῖς,</span> <span class='ocrx_word' id='word_1_227' title='bbox 483 1847 551 1885; x_wconf 73' lang='grc' dir='ltr'>ὑπὸ</span> <span class='ocrx_word' id='word_1_228' title='bbox 568 1845 774 1899; x_wconf 82' lang='grc' dir='ltr'>ἀνθρώπων,</span> <span class='ocrx_word' id='word_1_229' title='bbox 794 1846 816 1892; x_wconf 83' lang='grc' dir='ltr'>ἢ</span> <span class='ocrx_word' id='word_1_230' title='bbox 837 1848 904 1885; x_wconf 79' lang='grc' dir='ltr'>ὑπὸ</span> <span class='ocrx_word' id='word_1_231' title='bbox 930 1849 1021 1886; x_wconf 89' lang='grc' dir='ltr'>Θεοῦ</span> <span class='ocrx_word' id='word_1_232' title='bbox 1048 1848 1179 1899; x_wconf 76' lang='grc' dir='ltr'>θαυμά-</span> 
     </span>
     <span class='ocr_line' id='line_1_29' title="bbox 152 1907 1182 1962; baseline 0.004 -18"><span class='ocrx_word' id='word_1_233' title='bbox 152 1910 290 1954; x_wconf 85' lang='grc' dir='ltr'>ζεσθαι,</span> <span class='ocrx_word' id='word_1_234' title='bbox 314 1907 371 1945; x_wconf 77' lang='grc' dir='ltr'>ἐπὶ</span> <span class='ocrx_word' id='word_1_235' title='bbox 387 1907 514 1959; x_wconf 78' lang='grc' dir='ltr'>ζημίᾳ,</span> <span class='ocrx_word' id='word_1_236' title='bbox 536 1907 558 1953; x_wconf 84' lang='grc' dir='ltr'>ἢ</span> <span class='ocrx_word' id='word_1_237' title='bbox 579 1908 637 1946; x_wconf 79' lang='grc' dir='ltr'>ἐπὶ</span> <span class='ocrx_word' id='word_1_238' title='bbox 662 1907 793 1960; x_wconf 83' lang='grc' dir='ltr'>κέρδει,</span> <span class='ocrx_word' id='word_1_239' title='bbox 817 1913 1068 1960; x_wconf 67' lang='grc' dir='ltr'>στεφανοῦσθαι</span> <span class='ocrx_word' id='word_1_240' title='bbox 1097 1910 1182 1962; x_wconf 76' lang='grc' dir='ltr'>πρὸς</span> 
     </span>
    </p>
   </div>
   <div class='ocr_carea' id='block_1_6' title="bbox 108 1968 1179 2022">
    <p class='ocr_par' dir='ltr' id='par_1_6' title="bbox 108 1968 1179 2022">
     <span class='ocr_line' id='line_1_30' title="bbox 108 1968 1179 2022; baseline 0.002 -16"><span class='ocrx_word' id='word_1_241' title='bbox 108 1989 109 1992; x_wconf 46' lang='lat'>¹</span> <span class='ocrx_word' id='word_1_242' title='bbox 154 1968 235 2019; x_wconf 87' lang='grc' dir='ltr'>μίαν</span> <span class='ocrx_word' id='word_1_243' title='bbox 259 1969 408 2021; x_wconf 79' lang='grc' dir='ltr'>ἡμέραν,</span> <span class='ocrx_word' id='word_1_244' title='bbox 428 1968 450 2014; x_wconf 82' lang='grc' dir='ltr'>ἢ</span> <span class='ocrx_word' id='word_1_245' title='bbox 471 1969 556 2022; x_wconf 73' lang='grc' dir='ltr'>πρὸς</span> <span class='ocrx_word' id='word_1_246' title='bbox 578 1968 740 2020; x_wconf 83' lang='grc' dir='ltr'>ἀπείρους</span> <span class='ocrx_word' id='word_1_247' title='bbox 770 1972 918 2017; x_wconf 77' lang='grc' dir='ltr'>αἰῶνας,</span> <span class='ocrx_word' id='word_1_248' title='bbox 942 1969 1009 2013; x_wconf 79' lang='grc' dir='ltr'>Δὸς</span> <span class='ocrx_word' id='word_1_249' title='bbox 1029 1973 1079 2022; x_wconf 76' lang='grc' dir='ltr'>τῷ</span> <span class='ocrx_word' id='word_1_250' title='bbox 1102 1971 1179 2008; x_wconf 86' lang='grc' dir='ltr'>δεο-</span> 
     </span>
    </p>
   </div>
   <div class='ocr_carea' id='block_1_7' title="bbox 1521 174 2206 219">
    <p class='ocr_par' dir='ltr' id='par_1_7' title="bbox 1521 174 2206 219">
     <span class='ocr_line' id='line_1_31' title="bbox 1521 174 2206 219; baseline -0.001 -17"><span class='ocrx_word' id='word_1_251' title='bbox 1521 174 1610 202; x_wconf 73' lang='lat' dir='ltr'>th.</span> <span class='ocrx_word' id='word_1_252' title='bbox 2128 174 2206 219; x_wconf 62' lang='lat'>291</span> 
     </span>
    </p>
   </div>
   <div class='ocr_carea' id='block_1_8' title="bbox 1231 252 2433 1951">
    <p class='ocr_par' dir='ltr' id='par_1_8' title="bbox 1231 252 2420 850">
     <span class='ocr_line' id='line_1_32' title="bbox 1288 252 2218 302; baseline -0.002 -10"><span class='ocrx_word' id='word_1_253' title='bbox 1288 255 1325 293; x_wconf 84' lang='lat'>5.</span> <span class='ocrx_word' id='word_1_254' title='bbox 1349 254 1537 292; x_wconf 84' lang='lat' dir='ltr'>Discamus</span> <span class='ocrx_word' id='word_1_255' title='bbox 1571 265 1670 302; x_wconf 83' lang='lat' dir='ltr'>ergo,</span> <span class='ocrx_word' id='word_1_256' title='bbox 1700 252 1838 300; x_wconf 81' lang='lat' dir='ltr'>dilecti,</span> <span class='ocrx_word' id='word_1_257' title='bbox 1866 252 2040 288; x_wconf 78' lang='lat' dir='ltr'>humanos</span> <span class='ocrx_word' id='word_1_258' title='bbox 2069 252 2218 290; x_wconf 80' lang='lat' dir='ltr'>honores</span> 
     </span>
     <span class='ocr_line' id='line_1_33' title="bbox 1231 312 2218 367; baseline -0.003 -14"><span class='ocrx_word' id='word_1_259' title='bbox 1231 328 1410 367; x_wconf 82' lang='lat' dir='ltr'>spernere,</span> <span class='ocrx_word' id='word_1_260' title='bbox 1431 326 1501 350; x_wconf 92' lang='lat' dir='ltr'>non</span> <span class='ocrx_word' id='word_1_261' title='bbox 1524 312 1738 350; x_wconf 86' lang='lat' dir='ltr'>desiderare.</span> <span class='ocrx_word' id='word_1_262' title='bbox 1762 312 1903 349; x_wconf 86' lang='lat' dir='ltr'>Honore</span> <span class='ocrx_word' id='word_1_263' title='bbox 1921 325 2071 361; x_wconf 81' lang='lat' dir='ltr'>namque</span> <span class='ocrx_word' id='word_1_264' title='bbox 2092 326 2218 363; x_wconf 80' lang='lat' dir='ltr'>magno</span> 
     </span>
     <span class='ocr_line' id='line_1_34' title="bbox 1232 371 2218 424; baseline -0.005 -10"><span class='ocrx_word' id='word_1_265' title='bbox 1232 376 1424 423; x_wconf 82' lang='lat' dir='ltr'>afficimur,</span> <span class='ocrx_word' id='word_1_266' title='bbox 1443 374 1501 412; x_wconf 90' lang='lat' dir='ltr'>eui</span> <span class='ocrx_word' id='word_1_267' title='bbox 1534 381 1758 424; x_wconf 75' lang='lat' dir='ltr'>comparatus</span> <span class='ocrx_word' id='word_1_268' title='bbox 1784 371 1964 409; x_wconf 84' lang='lat' dir='ltr'>humanus</span> <span class='ocrx_word' id='word_1_269' title='bbox 2006 371 2118 409; x_wconf 88' lang='lat' dir='ltr'>honor</span> <span class='ocrx_word' id='word_1_270' title='bbox 2137 386 2218 409; x_wconf 89' lang='lat' dir='ltr'>eon-</span> 
     </span>
     <span class='ocr_line' id='line_1_35' title="bbox 1235 433 2220 485; baseline -0.006 -9"><span class='ocrx_word' id='word_1_271' title='bbox 1235 437 1383 476; x_wconf 88' lang='lat' dir='ltr'>tumelia</span> <span class='ocrx_word' id='word_1_272' title='bbox 1394 446 1457 485; x_wconf 88' lang='lat' dir='ltr'>est,</span> <span class='ocrx_word' id='word_1_273' title='bbox 1468 436 1561 474; x_wconf 88' lang='lat' dir='ltr'>risus</span> <span class='ocrx_word' id='word_1_274' title='bbox 1572 443 1606 473; x_wconf 89' lang='lat' dir='ltr'>et</span> <span class='ocrx_word' id='word_1_275' title='bbox 1622 433 1814 482; x_wconf 72' lang='lat' dir='ltr'>comoedia,</span> <span class='ocrx_word' id='word_1_276' title='bbox 1827 442 1866 471; x_wconf 79' lang='lat' dir='ltr'>ut</span> <span class='ocrx_word' id='word_1_277' title='bbox 1880 442 1913 470; x_wconf 89' lang='lat' dir='ltr'>et</span> <span class='ocrx_word' id='word_1_278' title='bbox 1923 433 2061 470; x_wconf 78' lang='lat' dir='ltr'>divitiae</span> <span class='ocrx_word' id='word_1_279' title='bbox 2076 442 2220 470; x_wconf 83' lang='lat' dir='ltr'>terrenae</span> 
     </span>
     <span class='ocr_line' id='line_1_36' title="bbox 1233 494 2221 551; baseline -0.007 -14"><span class='ocrx_word' id='word_1_280' title='bbox 1233 499 1306 537; x_wconf 90' lang='lat' dir='ltr'>illis</span> <span class='ocrx_word' id='word_1_281' title='bbox 1325 506 1536 551; x_wconf 81' lang='lat' dir='ltr'>comparatae</span> <span class='ocrx_word' id='word_1_282' title='bbox 1570 505 1760 548; x_wconf 81' lang='lat' dir='ltr'>paupertas</span> <span class='ocrx_word' id='word_1_283' title='bbox 1780 504 1875 544; x_wconf 88' lang='lat' dir='ltr'>sunt,</span> <span class='ocrx_word' id='word_1_284' title='bbox 1897 504 1929 532; x_wconf 89' lang='lat' dir='ltr'>et</span> <span class='ocrx_word' id='word_1_285' title='bbox 1947 495 2023 532; x_wconf 70' lang='lat' dir='ltr'>vita</span> <span class='ocrx_word' id='word_1_286' title='bbox 2044 494 2120 531; x_wconf 75' lang='lat' dir='ltr'>haee</span> <span class='ocrx_word' id='word_1_287' title='bbox 2148 494 2221 531; x_wconf 90' lang='lat' dir='ltr'>sine</span> 
     </span>
     <span class='ocr_line' id='line_1_37' title="bbox 1234 555 2420 606; baseline -0.003 -8"><span class='ocrx_word' id='word_1_288' title='bbox 1234 560 1297 598; x_wconf 84' lang='lat' dir='ltr'>illa</span> <span class='ocrx_word' id='word_1_289' title='bbox 1328 573 1424 598; x_wconf 93' lang='lat' dir='ltr'>mors</span> <span class='ocrx_word' id='word_1_290' title='bbox 1454 567 1505 596; x_wconf 88' lang='lat' dir='ltr'>est</span> <span class='ocrx_word' id='word_1_291' title='bbox 1537 558 1658 606; x_wconf 81' lang='lat' dir='ltr'>(Sine,</span> <span class='ocrx_word' id='word_1_292' title='bbox 1688 555 1818 606; x_wconf 87' lang='lat' dir='ltr'>inquit,</span> <span class='ocrx_word' id='word_1_293' title='bbox 1858 563 2027 592; x_wconf 79' lang='lat' dir='ltr'>mortuos</span> <span class='ocrx_word' id='word_1_294' title='bbox 2061 555 2220 606; x_wconf 82' lang='lat' dir='ltr'>sepelire</span> <span class='ocrx_word' id='word_1_295' title='bbox 2236 565 2347 592; x_wconf 23' lang='lat' dir='ltr'>sisarae.</span> <span class='ocrx_word' id='word_1_296' title='bbox 2390 566 2420 595; x_wconf 80' lang='grc'>8.</span> 
     </span>
     <span class='ocr_line' id='line_1_38' title="bbox 1236 615 2283 669; baseline -0.006 -11"><span class='ocrx_word' id='word_1_297' title='bbox 1236 630 1403 658; x_wconf 79' lang='lat' dir='ltr'>mortuos</span> <span class='ocrx_word' id='word_1_298' title='bbox 1416 623 1527 668; x_wconf 83' lang='lat' dir='ltr'>suos)</span> <span class='ocrx_word' id='word_1_299' title='bbox 1548 635 1556 655; x_wconf 90' lang='lat'>:</span> <span class='ocrx_word' id='word_1_300' title='bbox 1576 618 1626 656; x_wconf 90' lang='lat' dir='ltr'>sic</span> <span class='ocrx_word' id='word_1_301' title='bbox 1645 617 1766 669; x_wconf 60' lang='lat' dir='ltr'>gloriae</span> <span class='ocrx_word' id='word_1_302' title='bbox 1788 617 1876 666; x_wconf 85' lang='lat' dir='ltr'>haec,</span> <span class='ocrx_word' id='word_1_303' title='bbox 1895 616 1923 654; x_wconf 94' lang='lat' dir='ltr'>si</span> <span class='ocrx_word' id='word_1_304' title='bbox 1940 615 1985 653; x_wconf 84' lang='lat' dir='ltr'>ad</span> <span class='ocrx_word' id='word_1_305' title='bbox 2012 615 2113 653; x_wconf 85' lang='lat' dir='ltr'>illam</span> <span class='ocrx_word' id='word_1_306' title='bbox 2137 629 2219 653; x_wconf 90' lang='lat' dir='ltr'>con·</span> <span class='ocrx_word' id='word_1_307' title='bbox 2236 616 2283 635; x_wconf 73' lang='lat'>²²·</span> 
     </span>
     <span class='ocr_line' id='line_1_39' title="bbox 1235 676 2221 733; baseline -0.007 -14"><span class='ocrx_word' id='word_1_308' title='bbox 1235 682 1382 731; x_wconf 83' lang='lat' dir='ltr'>seratur,</span> <span class='ocrx_word' id='word_1_309' title='bbox 1403 680 1518 733; x_wconf 88' lang='lat' dir='ltr'>pudor</span> <span class='ocrx_word' id='word_1_310' title='bbox 1539 688 1591 717; x_wconf 87' lang='lat' dir='ltr'>est</span> <span class='ocrx_word' id='word_1_311' title='bbox 1609 687 1643 716; x_wconf 91' lang='lat' dir='ltr'>et</span> <span class='ocrx_word' id='word_1_312' title='bbox 1668 677 1773 715; x_wconf 88' lang='lat' dir='ltr'>risus.</span> <span class='ocrx_word' id='word_1_313' title='bbox 1792 678 1844 715; x_wconf 68' lang='lat' dir='ltr'>Ne</span> <span class='ocrx_word' id='word_1_314' title='bbox 1873 677 1983 728; x_wconf 82' lang='lat' dir='ltr'>igitur</span> <span class='ocrx_word' id='word_1_315' title='bbox 2000 676 2094 713; x_wconf 85' lang='lat' dir='ltr'>hanc</span> <span class='ocrx_word' id='word_1_316' title='bbox 2112 690 2221 713; x_wconf 85' lang='lat' dir='ltr'>aueu-</span> 
     </span>
     <span class='ocr_line' id='line_1_40' title="bbox 1238 738 2226 795; baseline -0.007 -15"><span class='ocrx_word' id='word_1_317' title='bbox 1238 757 1372 795; x_wconf 87' lang='lat' dir='ltr'>pemur.</span> <span class='ocrx_word' id='word_1_318' title='bbox 1397 743 1490 779; x_wconf 90' lang='lat' dir='ltr'>Nam</span> <span class='ocrx_word' id='word_1_319' title='bbox 1525 740 1555 778; x_wconf 89' lang='lat' dir='ltr'>si</span> <span class='ocrx_word' id='word_1_320' title='bbox 1580 740 1605 777; x_wconf 91' lang='lat' dir='ltr'>ii</span> <span class='ocrx_word' id='word_1_321' title='bbox 1634 739 1695 791; x_wconf 88' lang='lat' dir='ltr'>qui</span> <span class='ocrx_word' id='word_1_322' title='bbox 1721 739 1807 777; x_wconf 85' lang='lat' dir='ltr'>dant</span> <span class='ocrx_word' id='word_1_323' title='bbox 1836 738 1936 775; x_wconf 88' lang='lat' dir='ltr'>illam</span> <span class='ocrx_word' id='word_1_324' title='bbox 1968 738 2095 775; x_wconf 83' lang='lat' dir='ltr'>umbra</span> <span class='ocrx_word' id='word_1_325' title='bbox 2119 746 2152 774; x_wconf 87' lang='lat' dir='ltr'>et</span> <span class='ocrx_word' id='word_1_326' title='bbox 2170 750 2226 774; x_wconf 92' lang='lat' dir='ltr'>so-</span> 
     </span>
     <span class='ocr_line' id='line_1_41' title="bbox 1238 797 2223 850; baseline -0.008 -9"><span class='ocrx_word' id='word_1_327' title='bbox 1238 804 1345 841; x_wconf 90' lang='lat' dir='ltr'>mniis</span> <span class='ocrx_word' id='word_1_328' title='bbox 1381 812 1463 840; x_wconf 91' lang='lat' dir='ltr'>sunt</span> <span class='ocrx_word' id='word_1_329' title='bbox 1491 801 1650 848; x_wconf 65' lang='lat' dir='ltr'>viliores,</span> <span class='ocrx_word' id='word_1_330' title='bbox 1690 800 1803 838; x_wconf 87' lang='lat' dir='ltr'>multo</span> <span class='ocrx_word' id='word_1_331' title='bbox 1831 798 1943 849; x_wconf 77' lang='lat' dir='ltr'>magis</span> <span class='ocrx_word' id='word_1_332' title='bbox 1975 798 2051 850; x_wconf 85' lang='lat' dir='ltr'>ipsa</span> <span class='ocrx_word' id='word_1_333' title='bbox 2082 797 2223 849; x_wconf 85' lang='lat' dir='ltr'>gloria:</span> 
     </span>
    </p>

    <p class='ocr_par' dir='ltr' id='par_1_9' title="bbox 1238 858 2433 1588">
     <span class='ocr_line' id='line_1_42' title="bbox 1243 858 2423 915; baseline -0.007 -12"><span class='ocrx_word' id='word_1_334' title='bbox 1243 865 1380 903; x_wconf 77' lang='lat' dir='ltr'>Gloria</span> <span class='ocrx_word' id='word_1_335' title='bbox 1395 867 1497 902; x_wconf 82' lang='lat' dir='ltr'>enim</span> <span class='ocrx_word' id='word_1_336' title='bbox 1512 865 1677 901; x_wconf 80' lang='lat' dir='ltr'>hominis</span> <span class='ocrx_word' id='word_1_337' title='bbox 1694 871 1894 914; x_wconf 81' lang='lat' dir='ltr'>tamquam</span> <span class='ocrx_word' id='word_1_338' title='bbox 1915 859 2110 915; x_wconf 79' lang='lat' dir='ltr'>flossoeni.</span> <span class='ocrx_word' id='word_1_339' title='bbox 2127 858 2225 904; x_wconf 83' lang='lat' dir='ltr'>Quid</span> <span class='ocrx_word' id='word_1_340' title='bbox 2241 870 2316 898; x_wconf 75' lang='lat' dir='ltr'>lsai.</span> <span class='ocrx_word' id='word_1_341' title='bbox 2333 868 2382 909; x_wconf 59' lang='lat'>40,</span> <span class='ocrx_word' id='word_1_342' title='bbox 2394 872 2423 898; x_wconf 71' lang='grc' dir='ltr'>(ς,</span> 
     </span>
     <span class='ocr_line' id='line_1_43' title="bbox 1238 920 2422 966; baseline -0.007 -2"><span class='ocrx_word' id='word_1_343' title='bbox 1238 926 1325 966; x_wconf 82' lang='lat' dir='ltr'>flore</span> <span class='ocrx_word' id='word_1_344' title='bbox 1343 926 1427 963; x_wconf 84' lang='lat' dir='ltr'>foeni</span> <span class='ocrx_word' id='word_1_345' title='bbox 1452 924 1563 963; x_wconf 72' lang='lat' dir='ltr'>vilius</span> <span class='ocrx_word' id='word_1_346' title='bbox 1582 923 1713 961; x_wconf 72' lang='lat' dir='ltr'>fuerit?</span> <span class='ocrx_word' id='word_1_347' title='bbox 1734 922 1807 961; x_wconf 86' lang='lat' dir='ltr'>Sed</span> <span class='ocrx_word' id='word_1_348' title='bbox 1827 921 1967 959; x_wconf 84' lang='lat' dir='ltr'>etiamsi</span> <span class='ocrx_word' id='word_1_349' title='bbox 1985 920 2154 957; x_wconf 86' lang='lat' dir='ltr'>diuturna</span> <span class='ocrx_word' id='word_1_350' title='bbox 2173 934 2226 957; x_wconf 91' lang='lat' dir='ltr'>es-</span> <span class='ocrx_word' id='word_1_351' title='bbox 2245 936 2269 954; x_wconf 87' lang='lat'>1.</span> <span class='ocrx_word' id='word_1_352' title='bbox 2289 928 2373 956; x_wconf 74' lang='lat' dir='ltr'>Petr.</span> <span class='ocrx_word' id='word_1_353' title='bbox 2399 937 2422 956; x_wconf 78' lang='grc' dir='ltr'>ι.</span> 
     </span>
     <span class='ocr_line' id='line_1_44' title="bbox 1240 970 2290 1038; baseline -0.008 -13"><span class='ocrx_word' id='word_1_354' title='bbox 1240 997 1303 1036; x_wconf 88' lang='lat' dir='ltr'>set,</span> <span class='ocrx_word' id='word_1_355' title='bbox 1321 986 1412 1038; x_wconf 90' lang='lat' dir='ltr'>quid</span> <span class='ocrx_word' id='word_1_356' title='bbox 1424 987 1507 1024; x_wconf 89' lang='lat' dir='ltr'>hine</span> <span class='ocrx_word' id='word_1_357' title='bbox 1523 986 1650 1024; x_wconf 84' lang='lat' dir='ltr'>animae</span> <span class='ocrx_word' id='word_1_358' title='bbox 1666 984 1755 1022; x_wconf 91' lang='lat' dir='ltr'>lueri</span> <span class='ocrx_word' id='word_1_359' title='bbox 1772 984 1789 1021; x_wconf 67' lang='grc' dir='ltr'>ἶ)</span> <span class='ocrx_word' id='word_1_360' title='bbox 1804 983 1921 1032; x_wconf 72' lang='lat' dir='ltr'>Nihil,</span> <span class='ocrx_word' id='word_1_361' title='bbox 1942 982 2013 1020; x_wconf 89' lang='lat' dir='ltr'>imo</span> <span class='ocrx_word' id='word_1_362' title='bbox 2032 980 2229 1019; x_wconf 82' lang='lat' dir='ltr'>admodum</span> <span class='ocrx_word' id='word_1_363' title='bbox 2241 970 2290 1006; x_wconf 64' lang='lat'>²4·</span> 
     </span>
     <span class='ocr_line' id='line_1_45' title="bbox 1241 1042 2226 1097; baseline -0.008 -10"><span class='ocrx_word' id='word_1_364' title='bbox 1241 1058 1355 1097; x_wconf 87' lang='lat' dir='ltr'>nocet,</span> <span class='ocrx_word' id='word_1_365' title='bbox 1384 1057 1416 1085; x_wconf 92' lang='lat' dir='ltr'>et</span> <span class='ocrx_word' id='word_1_366' title='bbox 1437 1062 1557 1086; x_wconf 84' lang='lat' dir='ltr'>servos</span> <span class='ocrx_word' id='word_1_367' title='bbox 1570 1046 1694 1095; x_wconf 77' lang='lat' dir='ltr'>efficit,</span> <span class='ocrx_word' id='word_1_368' title='bbox 1716 1045 1863 1083; x_wconf 87' lang='lat' dir='ltr'>emtitiis</span> <span class='ocrx_word' id='word_1_369' title='bbox 1884 1043 1997 1082; x_wconf 74' lang='lat' dir='ltr'>servis</span> <span class='ocrx_word' id='word_1_370' title='bbox 2022 1042 2226 1091; x_wconf 89' lang='lat' dir='ltr'>deteriores,</span> 
     </span>
     <span class='ocr_line' id='line_1_46' title="bbox 1242 1105 2227 1162; baseline -0.007 -13"><span class='ocrx_word' id='word_1_371' title='bbox 1242 1111 1393 1162; x_wconf 87' lang='lat' dir='ltr'>quinon</span> <span class='ocrx_word' id='word_1_372' title='bbox 1413 1110 1476 1148; x_wconf 92' lang='lat' dir='ltr'>uni</span> <span class='ocrx_word' id='word_1_373' title='bbox 1497 1109 1656 1157; x_wconf 88' lang='lat' dir='ltr'>domino,</span> <span class='ocrx_word' id='word_1_374' title='bbox 1686 1107 1747 1146; x_wconf 89' lang='lat' dir='ltr'>sed</span> <span class='ocrx_word' id='word_1_375' title='bbox 1771 1107 1926 1156; x_wconf 82' lang='lat' dir='ltr'>duobus,</span> <span class='ocrx_word' id='word_1_376' title='bbox 1961 1105 2090 1155; x_wconf 86' lang='lat' dir='ltr'>tribus,</span> <span class='ocrx_word' id='word_1_377' title='bbox 2114 1105 2227 1142; x_wconf 90' lang='lat' dir='ltr'>milli-</span> 
     </span>
     <span class='ocr_line' id='line_1_47' title="bbox 1242 1166 2229 1220; baseline -0.008 -10"><span class='ocrx_word' id='word_1_378' title='bbox 1242 1172 1321 1220; x_wconf 85' lang='lat' dir='ltr'>bus,</span> <span class='ocrx_word' id='word_1_379' title='bbox 1336 1171 1479 1210; x_wconf 66' lang='lat' dir='ltr'>dixersa</span> <span class='ocrx_word' id='word_1_380' title='bbox 1494 1169 1747 1208; x_wconf 79' lang='lat' dir='ltr'>mandantibus</span> <span class='ocrx_word' id='word_1_381' title='bbox 1760 1168 1927 1206; x_wconf 72' lang='lat' dir='ltr'><strong>serviant.</strong></span> <span class='ocrx_word' id='word_1_382' title='bbox 1939 1166 2082 1213; x_wconf 79' lang='lat' dir='ltr'>Quanto</span> <span class='ocrx_word' id='word_1_383' title='bbox 2102 1166 2229 1203; x_wconf 86' lang='lat' dir='ltr'>melius</span> 
     </span>
     <span class='ocr_line' id='line_1_48' title="bbox 1242 1226 2231 1282; baseline -0.008 -11"><span class='ocrx_word' id='word_1_384' title='bbox 1242 1242 1293 1271; x_wconf 88' lang='lat' dir='ltr'>est</span> <span class='ocrx_word' id='word_1_385' title='bbox 1310 1233 1466 1271; x_wconf 83' lang='lat' dir='ltr'>liberum</span> <span class='ocrx_word' id='word_1_386' title='bbox 1486 1246 1573 1279; x_wconf 86' lang='lat' dir='ltr'>esse,</span> <span class='ocrx_word' id='word_1_387' title='bbox 1591 1245 1700 1282; x_wconf 88' lang='lat' dir='ltr'>quam</span> <span class='ocrx_word' id='word_1_388' title='bbox 1718 1244 1862 1268; x_wconf 86' lang='lat' dir='ltr'>servum</span> <span class='ocrx_word' id='word_1_389' title='bbox 1884 1245 1891 1265; x_wconf 78' lang='grc' dir='ltr'><em>τ</em></span> <span class='ocrx_word' id='word_1_390' title='bbox 1909 1228 2065 1266; x_wconf 79' lang='lat' dir='ltr'>liberum</span> <span class='ocrx_word' id='word_1_391' title='bbox 2083 1226 2231 1278; x_wconf 89' lang='lat' dir='ltr'>quidem</span> 
     </span>
     <span class='ocr_line' id='line_1_49' title="bbox 1243 1288 2229 1341; baseline -0.007 -9"><span class='ocrx_word' id='word_1_392' title='bbox 1243 1295 1288 1332; x_wconf 85' lang='lat' dir='ltr'>ab</span> <span class='ocrx_word' id='word_1_393' title='bbox 1314 1293 1502 1332; x_wconf 89' lang='lat' dir='ltr'>hominum</span> <span class='ocrx_word' id='word_1_394' title='bbox 1531 1292 1712 1340; x_wconf 80' lang='lat' dir='ltr'>servitute,</span> <span class='ocrx_word' id='word_1_395' title='bbox 1733 1304 1877 1329; x_wconf 76' lang='lat' dir='ltr'>servum</span> <span class='ocrx_word' id='word_1_396' title='bbox 1908 1288 2098 1341; x_wconf 82' lang='lat' dir='ltr'>imperanti</span> <span class='ocrx_word' id='word_1_397' title='bbox 2128 1289 2229 1326; x_wconf 76' lang='lat' dir='ltr'>Deo?</span> 
     </span>
     <span class='ocr_line' id='line_1_50' title="bbox 1243 1344 2431 1401; baseline -0.009 -10"><span class='ocrx_word' id='word_1_398' title='bbox 1243 1353 1283 1391; x_wconf 87' lang='lat' dir='ltr'>Si</span> <span class='ocrx_word' id='word_1_399' title='bbox 1303 1353 1358 1391; x_wconf 82' lang='lat' dir='ltr'>vis</span> <span class='ocrx_word' id='word_1_400' title='bbox 1386 1351 1531 1390; x_wconf 87' lang='lat' dir='ltr'>tandem</span> <span class='ocrx_word' id='word_1_401' title='bbox 1556 1365 1675 1388; x_wconf 86' lang='lat' dir='ltr'>amare</span> <span class='ocrx_word' id='word_1_402' title='bbox 1702 1349 1867 1401; x_wconf 82' lang='lat' dir='ltr'>gloriam,</span> <span class='ocrx_word' id='word_1_403' title='bbox 1890 1344 1983 1394; x_wconf 72' lang='lat' dir='ltr'>ania,</span> <span class='ocrx_word' id='word_1_404' title='bbox 2003 1346 2065 1385; x_wconf 85' lang='lat' dir='ltr'>sed</span> <span class='ocrx_word' id='word_1_405' title='bbox 2084 1346 2230 1384; x_wconf 89' lang='lat' dir='ltr'>immor-</span> <span class='ocrx_word' id='word_1_406' title='bbox 2257 1362 2357 1389; x_wconf 44' lang='lat'>0105„</span> <span class='ocrx_word' id='word_1_407' title='bbox 2375 1373 2431 1390; x_wconf 63' lang='lat' dir='ltr'>non</span> 
     </span>
     <span class='ocr_line' id='line_1_51' title="bbox 1244 1404 2432 1463; baseline -0.007 -12"><span class='ocrx_word' id='word_1_408' title='bbox 1244 1414 1362 1451; x_wconf 84' lang='lat' dir='ltr'>talem.</span> <span class='ocrx_word' id='word_1_409' title='bbox 1386 1414 1478 1450; x_wconf 86' lang='lat' dir='ltr'>Nam</span> <span class='ocrx_word' id='word_1_410' title='bbox 1497 1413 1572 1463; x_wconf 86' lang='lat' dir='ltr'>ejus</span> <span class='ocrx_word' id='word_1_411' title='bbox 1592 1421 1625 1449; x_wconf 90' lang='lat' dir='ltr'>et</span> <span class='ocrx_word' id='word_1_412' title='bbox 1644 1410 1887 1463; x_wconf 82' lang='lat' dir='ltr'>spectaculum</span> <span class='ocrx_word' id='word_1_413' title='bbox 1919 1407 2144 1460; x_wconf 84' lang='lat' dir='ltr'>splendidius</span> <span class='ocrx_word' id='word_1_414' title='bbox 2164 1417 2228 1456; x_wconf 87' lang='lat' dir='ltr'>est,</span> <span class='ocrx_word' id='word_1_415' title='bbox 2244 1404 2338 1451; x_wconf 19' lang='lat' dir='ltr'>sstuxa,</span> <span class='ocrx_word' id='word_1_416' title='bbox 2379 1405 2432 1459; x_wconf 43' lang='lat'>⁵⁰}</span> 
     </span>
     <span class='ocr_line' id='line_1_52' title="bbox 1245 1446 2433 1524; baseline -0.005 -12"><span class='ocrx_word' id='word_1_417' title='bbox 1245 1484 1279 1512; x_wconf 92' lang='lat' dir='ltr'>et</span> <span class='ocrx_word' id='word_1_418' title='bbox 1295 1475 1437 1512; x_wconf 88' lang='lat' dir='ltr'>lucrum</span> <span class='ocrx_word' id='word_1_419' title='bbox 1454 1474 1582 1524; x_wconf 86' lang='lat' dir='ltr'>majus.</span> <span class='ocrx_word' id='word_1_420' title='bbox 1597 1472 1644 1509; x_wconf 91' lang='lat' dir='ltr'>Hi</span> <span class='ocrx_word' id='word_1_421' title='bbox 1664 1482 1698 1510; x_wconf 90' lang='lat' dir='ltr'>te</span> <span class='ocrx_word' id='word_1_422' title='bbox 1714 1471 1842 1523; x_wconf 85' lang='lat' dir='ltr'>jubent</span> <span class='ocrx_word' id='word_1_423' title='bbox 1862 1469 2050 1521; x_wconf 87' lang='lat' dir='ltr'>dispendio</span> <span class='ocrx_word' id='word_1_424' title='bbox 2066 1479 2126 1507; x_wconf 92' lang='lat' dir='ltr'>tuo</span> <span class='ocrx_word' id='word_1_425' title='bbox 2146 1469 2232 1521; x_wconf 86' lang='lat' dir='ltr'>ipsis</span> <span class='ocrx_word' id='word_1_426' title='bbox 2245 1446 2433 1515; x_wconf 39' lang='lat' dir='ltr'>atsszzffigrau,</span> 
     </span>
     <span class='ocr_line' id='line_1_53' title="bbox 1245 1530 2231 1588; baseline -0.005 -15"><span class='ocrx_word' id='word_1_427' title='bbox 1245 1536 1386 1588; x_wconf 86' lang='lat' dir='ltr'>placere</span> <span class='ocrx_word' id='word_1_428' title='bbox 1406 1550 1413 1570; x_wconf 77' lang='grc' dir='ltr'><strong><em>τ</em></strong></span> <span class='ocrx_word' id='word_1_429' title='bbox 1435 1533 1599 1571; x_wconf 90' lang='lat' dir='ltr'>Christus</span> <span class='ocrx_word' id='word_1_430' title='bbox 1633 1547 1718 1572; x_wconf 67' lang='lat' dir='ltr'>vero</span> <span class='ocrx_word' id='word_1_431' title='bbox 1750 1541 1871 1570; x_wconf 86' lang='lat' dir='ltr'>contra</span> <span class='ocrx_word' id='word_1_432' title='bbox 1893 1531 2101 1583; x_wconf 89' lang='lat' dir='ltr'>centuplum</span> <span class='ocrx_word' id='word_1_433' title='bbox 2119 1530 2231 1568; x_wconf 92' lang='lat' dir='ltr'>dono-</span> 
     </span>
    </p>

    <p class='ocr_par' dir='ltr' id='par_1_10' title="bbox 1248 1591 2233 1643">
     <span class='ocr_line' id='line_1_54' title="bbox 1248 1591 2233 1643; baseline -0.007 -9"><span class='ocrx_word' id='word_1_434' title='bbox 1248 1611 1330 1635; x_wconf 86' lang='lat' dir='ltr'>rum</span> <span class='ocrx_word' id='word_1_435' title='bbox 1355 1595 1421 1633; x_wconf 83' lang='lat' dir='ltr'>tihi</span> <span class='ocrx_word' id='word_1_436' title='bbox 1441 1594 1621 1643; x_wconf 84' lang='lat' dir='ltr'>retribuit,</span> <span class='ocrx_word' id='word_1_437' title='bbox 1642 1603 1673 1632; x_wconf 91' lang='lat' dir='ltr'>et</span> <span class='ocrx_word' id='word_1_438' title='bbox 1700 1593 1758 1631; x_wconf 92' lang='lat' dir='ltr'>his</span> <span class='ocrx_word' id='word_1_439' title='bbox 1788 1592 1903 1631; x_wconf 67' lang='lat' dir='ltr'>vitam</span> <span class='ocrx_word' id='word_1_440' title='bbox 1934 1600 2100 1628; x_wconf 81' lang='lat' dir='ltr'>aeternam</span> <span class='ocrx_word' id='word_1_441' title='bbox 2121 1591 2233 1628; x_wconf 82' lang='lat' dir='ltr'>addit.</span> 
     </span>
    </p>

    <p class='ocr_par' dir='ltr' id='par_1_11' title="bbox 1249 1652 2236 1708">
     <span class='ocr_line' id='line_1_55' title="bbox 1249 1652 2236 1708; baseline -0.007 -13"><span class='ocrx_word' id='word_1_442' title='bbox 1249 1657 1348 1705; x_wconf 84' lang='lat' dir='ltr'>Quid</span> <span class='ocrx_word' id='word_1_443' title='bbox 1372 1671 1456 1708; x_wconf 82' lang='lat' dir='ltr'>ergo</span> <span class='ocrx_word' id='word_1_444' title='bbox 1476 1656 1617 1705; x_wconf 89' lang='lat' dir='ltr'>melius,</span> <span class='ocrx_word' id='word_1_445' title='bbox 1644 1655 1679 1694; x_wconf 92' lang='lat' dir='ltr'>in</span> <span class='ocrx_word' id='word_1_446' title='bbox 1706 1665 1799 1693; x_wconf 84' lang='lat' dir='ltr'>terra</span> <span class='ocrx_word' id='word_1_447' title='bbox 1821 1668 1864 1691; x_wconf 86' lang='lat' dir='ltr'>an</span> <span class='ocrx_word' id='word_1_448' title='bbox 1886 1653 1921 1690; x_wconf 89' lang='lat' dir='ltr'>in</span> <span class='ocrx_word' id='word_1_449' title='bbox 1951 1652 2061 1703; x_wconf 77' lang='lat' dir='ltr'>caelis,</span> <span class='ocrx_word' id='word_1_450' title='bbox 2083 1652 2236 1689; x_wconf 80' lang='lat' dir='ltr'>homini-</span> 
     </span>
    </p>

    <p class='ocr_par' dir='ltr' id='par_1_12' title="bbox 1248 1713 2237 1757">
     <span class='ocr_line' id='line_1_56' title="bbox 1248 1713 2237 1757; baseline -0.008 0"><span class='ocrx_word' id='word_1_451' title='bbox 1248 1720 1315 1757; x_wconf 82' lang='lat' dir='ltr'>hus</span> <span class='ocrx_word' id='word_1_452' title='bbox 1334 1733 1378 1756; x_wconf 88' lang='lat' dir='ltr'>an</span> <span class='ocrx_word' id='word_1_453' title='bbox 1412 1719 1488 1755; x_wconf 91' lang='lat' dir='ltr'>Deo</span> <span class='ocrx_word' id='word_1_454' title='bbox 1512 1716 1741 1755; x_wconf 78' lang='lat' dir='ltr'>admirationi</span> <span class='ocrx_word' id='word_1_455' title='bbox 1774 1714 1873 1753; x_wconf 70' lang='lat' dir='ltr'>esse?</span> <span class='ocrx_word' id='word_1_456' title='bbox 1899 1713 2031 1751; x_wconf 87' lang='lat' dir='ltr'>damno</span> <span class='ocrx_word' id='word_1_457' title='bbox 2064 1727 2108 1750; x_wconf 87' lang='lat' dir='ltr'>an</span> <span class='ocrx_word' id='word_1_458' title='bbox 2140 1713 2237 1750; x_wconf 82' lang='lat' dir='ltr'>lucro</span> 
     </span>
    </p>

    <p class='ocr_par' dir='ltr' id='par_1_13' title="bbox 1249 1773 2238 1824">
     <span class='ocr_line' id='line_1_57' title="bbox 1249 1773 2238 1824; baseline -0.009 -6"><span class='ocrx_word' id='word_1_459' title='bbox 1249 1781 1335 1818; x_wconf 75' lang='lat' dir='ltr'>tuo?</span> <span class='ocrx_word' id='word_1_460' title='bbox 1363 1778 1524 1817; x_wconf 79' lang='lat' dir='ltr'>coronari</span> <span class='ocrx_word' id='word_1_461' title='bbox 1554 1777 1600 1816; x_wconf 89' lang='lat' dir='ltr'>ad</span> <span class='ocrx_word' id='word_1_462' title='bbox 1622 1791 1730 1814; x_wconf 88' lang='lat' dir='ltr'>unam</span> <span class='ocrx_word' id='word_1_463' title='bbox 1755 1776 1864 1824; x_wconf 89' lang='lat' dir='ltr'>diem,</span> <span class='ocrx_word' id='word_1_464' title='bbox 1884 1789 1929 1812; x_wconf 88' lang='lat' dir='ltr'>an</span> <span class='ocrx_word' id='word_1_465' title='bbox 1946 1774 1992 1811; x_wconf 87' lang='lat' dir='ltr'>ad</span> <span class='ocrx_word' id='word_1_466' title='bbox 2012 1773 2152 1810; x_wconf 84' lang='lat' dir='ltr'>infinita</span> <span class='ocrx_word' id='word_1_467' title='bbox 2171 1787 2216 1810; x_wconf 82' lang='lat' dir='ltr'>5ae</span> <span class='ocrx_word' id='word_1_468' title='bbox 2236 1797 2238 1800; x_wconf 91' lang='lat'><em>-</em></span> 
     </span>
    </p>

    <p class='ocr_par' dir='ltr' id='par_1_14' title="bbox 1250 1836 2236 1892">
     <span class='ocr_line' id='line_1_58' title="bbox 1250 1836 2236 1892; baseline -0.008 -13"><span class='ocrx_word' id='word_1_469' title='bbox 1250 1842 1353 1880; x_wconf 72' lang='lat' dir='ltr'>cula?</span> <span class='ocrx_word' id='word_1_470' title='bbox 1373 1842 1428 1879; x_wconf 86' lang='lat' dir='ltr'>Da</span> <span class='ocrx_word' id='word_1_471' title='bbox 1456 1839 1584 1892; x_wconf 82' lang='lat' dir='ltr'>egenti,</span> <span class='ocrx_word' id='word_1_472' title='bbox 1606 1853 1675 1877; x_wconf 92' lang='lat' dir='ltr'>non</span> <span class='ocrx_word' id='word_1_473' title='bbox 1697 1836 1924 1890; x_wconf 71' lang='lat' dir='ltr'>tripudianti‚</span> <span class='ocrx_word' id='word_1_474' title='bbox 1949 1850 1991 1873; x_wconf 91' lang='lat' dir='ltr'>ne</span> <span class='ocrx_word' id='word_1_475' title='bbox 2023 1850 2105 1872; x_wconf 86' lang='lat' dir='ltr'>cum</span> <span class='ocrx_word' id='word_1_476' title='bbox 2128 1850 2236 1887; x_wconf 86' lang='lat' dir='ltr'>pecu-</span> 
     </span>
    </p>

    <p class='ocr_par' dir='ltr' id='par_1_15' title="bbox 1250 1897 2241 1951">
     <span class='ocr_line' id='line_1_59' title="bbox 1250 1897 2241 1951; baseline -0.005 -11"><span class='ocrx_word' id='word_1_477' title='bbox 1250 1903 1319 1941; x_wconf 89' lang='lat' dir='ltr'>niis</span> <span class='ocrx_word' id='word_1_478' title='bbox 1346 1902 1418 1940; x_wconf 85' lang='lat' dir='ltr'>tuis</span> <span class='ocrx_word' id='word_1_479' title='bbox 1446 1901 1603 1939; x_wconf 84' lang='lat' dir='ltr'>animam</span> <span class='ocrx_word' id='word_1_480' title='bbox 1634 1900 1732 1937; x_wconf 92' lang='lat' dir='ltr'>illius</span> <span class='ocrx_word' id='word_1_481' title='bbox 1765 1898 1903 1951; x_wconf 81' lang='lat' dir='ltr'>perdas.</span> <span class='ocrx_word' id='word_1_482' title='bbox 1926 1898 1984 1935; x_wconf 85' lang='lat' dir='ltr'>Tu</span> <span class='ocrx_word' id='word_1_483' title='bbox 2019 1897 2113 1934; x_wconf 82' lang='lat' dir='ltr'>enim</span> <span class='ocrx_word' id='word_1_484' title='bbox 2144 1897 2241 1948; x_wconf 81' lang='lat' dir='ltr'>quod</span> 
     </span>
    </p>
   </div>
   <div class='ocr_carea' id='block_1_9' title="bbox 1249 1958 2239 2014">
    <p class='ocr_par' dir='ltr' id='par_1_16' title="bbox 1249 1958 2239 2014">
     <span class='ocr_line' id='line_1_60' title="bbox 1249 1958 2239 2014; baseline -0.007 -11"><span class='ocrx_word' id='word_1_485' title='bbox 1249 1967 1325 2003; x_wconf 79' lang='lat' dir='ltr'>haee</span> <span class='ocrx_word' id='word_1_486' title='bbox 1342 1963 1499 2002; x_wconf 88' lang='lat' dir='ltr'>studiose</span> <span class='ocrx_word' id='word_1_487' title='bbox 1518 1972 1550 2000; x_wconf 87' lang='lat' dir='ltr'>et</span> <span class='ocrx_word' id='word_1_488' title='bbox 1565 1960 1814 2014; x_wconf 68' lang='lat' dir='ltr'>intempestive</span> <span class='ocrx_word' id='word_1_489' title='bbox 1833 1960 1939 2008; x_wconf 88' lang='lat' dir='ltr'>colas,</span> <span class='ocrx_word' id='word_1_490' title='bbox 1955 1958 2122 2011; x_wconf 84' lang='lat' dir='ltr'>perniciei</span> <span class='ocrx_word' id='word_1_491' title='bbox 2142 1959 2239 1996; x_wconf 87' lang='lat' dir='ltr'>illius</span> 
     </span>
    </p>
   </div>
   <div class='ocr_carea' id='block_1_10' title="bbox 155 2020 2440 2083">
    <p class='ocr_par' dir='ltr' id='par_1_17' title="bbox 155 2020 2440 2083">
     <span class='ocr_line' id='line_1_61' title="bbox 155 2020 2440 2083; baseline -0.006 -14"><span class='ocrx_word' id='word_1_492' title='bbox 155 2029 268 2082; x_wconf 84' lang='grc' dir='ltr'>μένῳ,</span> <span class='ocrx_word' id='word_1_493' title='bbox 289 2030 349 2068; x_wconf 79' lang='grc' dir='ltr'>καὶ</span> <span class='ocrx_word' id='word_1_494' title='bbox 366 2029 414 2080; x_wconf 81' lang='grc' dir='ltr'>μὴ</span> <span class='ocrx_word' id='word_1_495' title='bbox 436 2030 503 2081; x_wconf 77' lang='grc' dir='ltr'>δῷς</span> <span class='ocrx_word' id='word_1_496' title='bbox 530 2032 580 2083; x_wconf 79' lang='grc' dir='ltr'>τῷ</span> <span class='ocrx_word' id='word_1_497' title='bbox 606 2030 830 2083; x_wconf 81' lang='grc' dir='ltr'>ὀρχουμένῳ,</span> <span class='ocrx_word' id='word_1_498' title='bbox 844 2030 900 2068; x_wconf 81' lang='grc' dir='ltr'>ἵνα</span> <span class='ocrx_word' id='word_1_499' title='bbox 921 2030 969 2081; x_wconf 85' lang='grc' dir='ltr'>μὴ</span> <span class='ocrx_word' id='word_1_500' title='bbox 995 2030 1083 2081; x_wconf 79' lang='grc' dir='ltr'>μετὰ</span> <span class='ocrx_word' id='word_1_501' title='bbox 1110 2035 1179 2069; x_wconf 71' lang='grc' dir='ltr'>τῶν</span> <span class='ocrx_word' id='word_1_502' title='bbox 1201 2046 1224 2075; x_wconf 74' lang='lat'>(3</span> <span class='ocrx_word' id='word_1_503' title='bbox 1249 2036 1433 2065; x_wconf 84' lang='lat' dir='ltr'>auctores.</span> <span class='ocrx_word' id='word_1_504' title='bbox 1454 2025 1493 2063; x_wconf 86' lang='lat' dir='ltr'>Si</span> <span class='ocrx_word' id='word_1_505' title='bbox 1520 2024 1647 2062; x_wconf 87' lang='lat' dir='ltr'>scirent</span> <span class='ocrx_word' id='word_1_506' title='bbox 1665 2023 1759 2060; x_wconf 87' lang='lat' dir='ltr'>enim</span> <span class='ocrx_word' id='word_1_507' title='bbox 1774 2022 1842 2072; x_wconf 87' lang='lat' dir='ltr'>illi,</span> <span class='ocrx_word' id='word_1_508' title='bbox 1862 2022 1923 2073; x_wconf 89' lang='lat' dir='ltr'>qui</span> <span class='ocrx_word' id='word_1_509' title='bbox 1946 2021 2132 2059; x_wconf 75' lang='lat' dir='ltr'>orchestra:</span> <span class='ocrx_word' id='word_1_510' title='bbox 2154 2020 2240 2057; x_wconf 87' lang='lat' dir='ltr'>dant</span> <span class='ocrx_word' id='word_1_511' title='bbox 2335 2035 2356 2061; x_wconf 59' lang='grc' dir='ltr'>(ᾗ,</span> <span class='ocrx_word' id='word_1_512' title='bbox 2389 2046 2440 2061; x_wconf 35' lang='grc' dir='ltr'>Μ,</span> 
     </span>
    </p>
   </div>
   <div class='ocr_carea' id='block_1_11' title="bbox 155 2091 1196 3179">
    <p class='ocr_par' dir='ltr' id='par_1_18' title="bbox 155 2091 1196 3179">
     <span class='ocr_line' id='line_1_62' title="bbox 155 2091 1180 2145; baseline 0.002 -16"><span class='ocrx_word' id='word_1_513' title='bbox 155 2095 223 2130; x_wconf 78' lang='grc' dir='ltr'>σῶν</span> <span class='ocrx_word' id='word_1_514' title='bbox 243 2091 438 2145; x_wconf 80' lang='grc' dir='ltr'>χρημάτων</span> <span class='ocrx_word' id='word_1_515' title='bbox 461 2091 520 2129; x_wconf 82' lang='grc' dir='ltr'>καὶ</span> <span class='ocrx_word' id='word_1_516' title='bbox 539 2091 600 2138; x_wconf 78' lang='grc' dir='ltr'>τὴν</span> <span class='ocrx_word' id='word_1_517' title='bbox 624 2091 739 2143; x_wconf 47' lang='grc' dir='ltr'>ιψυχὴν</span> <span class='ocrx_word' id='word_1_518' title='bbox 762 2091 936 2144; x_wconf 77' lang='grc' dir='ltr'>ἀπολέσῃς</span> <span class='ocrx_word' id='word_1_519' title='bbox 954 2092 1016 2139; x_wconf 83' lang='grc' dir='ltr'>τὴν</span> <span class='ocrx_word' id='word_1_520' title='bbox 1037 2093 1180 2131; x_wconf 77' lang='grc' dir='ltr'>ἐκείνου.</span> 
     </span>
     <span class='ocr_line' id='line_1_63' title="bbox 155 2146 1182 2205; baseline 0.003 -16"><span class='ocrx_word' id='word_1_521' title='bbox 155 2152 205 2190; x_wconf 74' lang='grc' dir='ltr'>Σὺ</span> <span class='ocrx_word' id='word_1_522' title='bbox 221 2152 289 2205; x_wconf 83' lang='grc' dir='ltr'>γὰρ</span> <span class='ocrx_word' id='word_1_523' title='bbox 310 2152 419 2196; x_wconf 87' lang='grc' dir='ltr'>αἴτιος</span> <span class='ocrx_word' id='word_1_524' title='bbox 449 2146 481 2190; x_wconf 64' lang='grc' dir='ltr'>εἷ</span> <span class='ocrx_word' id='word_1_525' title='bbox 505 2155 567 2198; x_wconf 73' lang='grc' dir='ltr'>τῆς</span> <span class='ocrx_word' id='word_1_526' title='bbox 587 2152 764 2196; x_wconf 81' lang='grc' dir='ltr'>ἀπωλείας</span> <span class='ocrx_word' id='word_1_527' title='bbox 787 2155 849 2199; x_wconf 65' lang='grc' dir='ltr'>τῆς</span> <span class='ocrx_word' id='word_1_528' title='bbox 872 2153 1001 2192; x_wconf 82' lang='grc' dir='ltr'>ἐκείνου</span> <span class='ocrx_word' id='word_1_529' title='bbox 1033 2154 1088 2192; x_wconf 80' lang='grc' dir='ltr'>διὰ</span> <span class='ocrx_word' id='word_1_530' title='bbox 1121 2157 1182 2199; x_wconf 70' lang='grc' dir='ltr'>τῆς</span> 
     </span>
     <span class='ocr_line' id='line_1_64' title="bbox 155 2212 1184 2268; baseline 0.001 -16"><span class='ocrx_word' id='word_1_531' title='bbox 155 2213 300 2267; x_wconf 80' lang='grc' dir='ltr'>ἀκαίρου</span> <span class='ocrx_word' id='word_1_532' title='bbox 330 2212 539 2265; x_wconf 66' lang='grc' dir='ltr'>φιλοτιμίας.</span> <span class='ocrx_word' id='word_1_533' title='bbox 570 2215 614 2251; x_wconf 80' lang='grc' dir='ltr'>Εἰ</span> <span class='ocrx_word' id='word_1_534' title='bbox 642 2212 711 2266; x_wconf 84' lang='grc' dir='ltr'>γὰρ</span> <span class='ocrx_word' id='word_1_535' title='bbox 743 2216 774 2251; x_wconf 86' lang='grc' dir='ltr'>οἱ</span> <span class='ocrx_word' id='word_1_536' title='bbox 808 2214 864 2251; x_wconf 79' lang='grc' dir='ltr'>ἐπὶ</span> <span class='ocrx_word' id='word_1_537' title='bbox 895 2217 957 2261; x_wconf 72' lang='grc' dir='ltr'>τῆς</span> <span class='ocrx_word' id='word_1_538' title='bbox 987 2215 1184 2268; x_wconf 74' lang='grc' dir='ltr'>ὀρχήστρας</span> 
     </span>
     <span class='ocr_line' id='line_1_65' title="bbox 155 2274 1183 2328; baseline 0 -15"><span class='ocrx_word' id='word_1_539' title='bbox 155 2275 282 2327; x_wconf 84' lang='grc' dir='ltr'>ᾔδεσαν</span> <span class='ocrx_word' id='word_1_540' title='bbox 310 2274 364 2313; x_wconf 78' lang='grc' dir='ltr'>ὅτι</span> <span class='ocrx_word' id='word_1_541' title='bbox 395 2274 435 2312; x_wconf 77' lang='grc' dir='ltr'>τὸ</span> <span class='ocrx_word' id='word_1_542' title='bbox 465 2274 680 2325; x_wconf 78' lang='grc' dir='ltr'>ἐπιτήδευμα</span> <span class='ocrx_word' id='word_1_543' title='bbox 713 2278 828 2318; x_wconf 79' lang='grc' dir='ltr'>αὐτοῖς</span> <span class='ocrx_word' id='word_1_544' title='bbox 861 2274 1003 2328; x_wconf 80' lang='grc' dir='ltr'>ἀκερδὲς</span> <span class='ocrx_word' id='word_1_545' title='bbox 1040 2275 1183 2326; x_wconf 83' lang='grc' dir='ltr'>ἔμελλεν</span> 
     </span>
     <span class='ocr_line' id='line_1_66' title="bbox 157 2334 1184 2383; baseline 0.001 -11"><span class='ocrx_word' id='word_1_546' title='bbox 157 2335 316 2383; x_wconf 85' lang='grc' dir='ltr'>ἔσεσθαι,</span> <span class='ocrx_word' id='word_1_547' title='bbox 335 2336 447 2374; x_wconf 85' lang='grc' dir='ltr'>πάλαι</span> <span class='ocrx_word' id='word_1_548' title='bbox 474 2334 513 2373; x_wconf 82' lang='grc' dir='ltr'>ἂν</span> <span class='ocrx_word' id='word_1_549' title='bbox 535 2335 733 2374; x_wconf 84' lang='grc' dir='ltr'>ἐπαύσαντο</span> <span class='ocrx_word' id='word_1_550' title='bbox 765 2341 876 2375; x_wconf 90' lang='grc' dir='ltr'>ταῦτα</span> <span class='ocrx_word' id='word_1_551' title='bbox 908 2335 1184 2382; x_wconf 72' lang='grc' dir='ltr'>ἐπιτηδεύοντες·</span> 
     </span>
     <span class='ocr_line' id='line_1_67' title="bbox 156 2395 1186 2448; baseline 0 -14"><span class='ocrx_word' id='word_1_552' title='bbox 156 2395 239 2434; x_wconf 78' lang='grc' dir='ltr'>ὅταν</span> <span class='ocrx_word' id='word_1_553' title='bbox 275 2397 312 2435; x_wconf 84' lang='grc' dir='ltr'>δέ</span> <span class='ocrx_word' id='word_1_554' title='bbox 351 2411 390 2434; x_wconf 88' lang='grc' dir='ltr'>σε</span> <span class='ocrx_word' id='word_1_555' title='bbox 426 2401 633 2448; x_wconf 85' lang='grc' dir='ltr'>κροτοῦντα,</span> <span class='ocrx_word' id='word_1_556' title='bbox 655 2396 885 2448; x_wconf 70' lang='grc' dir='ltr'>συντρέχοντα</span> <span class='ocrx_word' id='word_1_557' title='bbox 900 2427 910 2444; x_wconf 92' lang='grc'>,</span> <span class='ocrx_word' id='word_1_558' title='bbox 933 2397 1186 2442; x_wconf 82' lang='grc' dir='ltr'>ἀναλίσκοντα,</span> 
     </span>
     <span class='ocr_line' id='line_1_68' title="bbox 159 2456 1184 2507; baseline 0 -13"><span class='ocrx_word' id='word_1_559' title='bbox 159 2456 298 2494; x_wconf 80' lang='grc' dir='ltr'>ἅπαντα</span> <span class='ocrx_word' id='word_1_560' title='bbox 329 2456 373 2494; x_wconf 76' lang='grc' dir='ltr'>τὰ</span> <span class='ocrx_word' id='word_1_561' title='bbox 407 2462 534 2495; x_wconf 87' lang='grc' dir='ltr'>σαυτοῦ</span> <span class='ocrx_word' id='word_1_562' title='bbox 569 2458 778 2495; x_wconf 75' lang='grc' dir='ltr'>δαπανῶντα</span> <span class='ocrx_word' id='word_1_563' title='bbox 804 2457 1017 2505; x_wconf 80' lang='grc' dir='ltr'>θεάσωνται,</span> <span class='ocrx_word' id='word_1_564' title='bbox 1037 2458 1100 2496; x_wconf 79' lang='grc' dir='ltr'>κᾶν</span> <span class='ocrx_word' id='word_1_565' title='bbox 1136 2457 1184 2507; x_wconf 83' lang='grc' dir='ltr'>μὴ</span> 
     </span>
     <span class='ocr_line' id='line_1_69' title="bbox 162 2517 1188 2571; baseline 0.001 -17"><span class='ocrx_word' id='word_1_566' title='bbox 162 2517 354 2567; x_wconf 81' lang='grc' dir='ltr'>βούλωνται</span> <span class='ocrx_word' id='word_1_567' title='bbox 372 2521 471 2556; x_wconf 88' lang='grc' dir='ltr'>τοῦτο</span> <span class='ocrx_word' id='word_1_568' title='bbox 507 2518 678 2568; x_wconf 82' lang='grc' dir='ltr'>μετιέναι,</span> <span class='ocrx_word' id='word_1_569' title='bbox 700 2522 743 2569; x_wconf 73' lang='grc' dir='ltr'>τῇ</span> <span class='ocrx_word' id='word_1_570' title='bbox 772 2523 832 2557; x_wconf 87' lang='grc' dir='ltr'>τοῦ</span> <span class='ocrx_word' id='word_1_571' title='bbox 853 2519 993 2571; x_wconf 81' lang='grc' dir='ltr'>κέρδους</span> <span class='ocrx_word' id='word_1_572' title='bbox 1021 2518 1188 2571; x_wconf 73' lang='grc' dir='ltr'>ἐπιθυμία</span> 
     </span>
     <span class='ocr_line' id='line_1_70' title="bbox 161 2578 1188 2630; baseline 0.001 -15"><span class='ocrx_word' id='word_1_573' title='bbox 161 2578 383 2630; x_wconf 84' lang='grc' dir='ltr'>κατέχονται.</span> <span class='ocrx_word' id='word_1_574' title='bbox 404 2581 448 2616; x_wconf 82' lang='grc' dir='ltr'>Εἰ</span> <span class='ocrx_word' id='word_1_575' title='bbox 476 2578 511 2617; x_wconf 80' lang='grc' dir='ltr'>δὲ</span> <span class='ocrx_word' id='word_1_576' title='bbox 530 2579 697 2630; x_wconf 84' lang='grc' dir='ltr'>ἔγνωσαν,</span> <span class='ocrx_word' id='word_1_577' title='bbox 725 2578 778 2616; x_wconf 74' lang='grc' dir='ltr'>ὅτι</span> <span class='ocrx_word' id='word_1_578' title='bbox 799 2580 906 2623; x_wconf 80' lang='grc' dir='ltr'>οὐδεὶς</span> <span class='ocrx_word' id='word_1_579' title='bbox 929 2579 968 2616; x_wconf 83' lang='grc' dir='ltr'>ἂν</span> <span class='ocrx_word' id='word_1_580' title='bbox 998 2579 1188 2617; x_wconf 81' lang='grc' dir='ltr'>ἐπαινέσειε</span> 
     </span>
     <span class='ocr_line' id='line_1_71' title="bbox 160 2637 1189 2691; baseline 0.003 -16"><span class='ocrx_word' id='word_1_581' title='bbox 160 2637 207 2675; x_wconf 77' lang='grc' dir='ltr'>τὰ</span> <span class='ocrx_word' id='word_1_582' title='bbox 224 2638 377 2686; x_wconf 80' lang='grc' dir='ltr'>ἐκείνων,</span> <span class='ocrx_word' id='word_1_583' title='bbox 395 2639 531 2691; x_wconf 82' lang='grc' dir='ltr'>ταχέως</span> <span class='ocrx_word' id='word_1_584' title='bbox 555 2638 594 2676; x_wconf 83' lang='grc' dir='ltr'>ἂν</span> <span class='ocrx_word' id='word_1_585' title='bbox 627 2639 829 2685; x_wconf 84' lang='grc' dir='ltr'>ἀπέστησαν</span> <span class='ocrx_word' id='word_1_586' title='bbox 844 2642 913 2677; x_wconf 82' lang='grc' dir='ltr'>τῶν</span> <span class='ocrx_word' id='word_1_587' title='bbox 939 2639 1054 2678; x_wconf 88' lang='grc' dir='ltr'>πόνων</span> <span class='ocrx_word' id='word_1_588' title='bbox 1071 2640 1128 2677; x_wconf 81' lang='grc' dir='ltr'>διὰ</span> <span class='ocrx_word' id='word_1_589' title='bbox 1149 2640 1189 2678; x_wconf 76' lang='grc' dir='ltr'>τὸ</span> 
     </span>
     <span class='ocr_line' id='line_1_72' title="bbox 164 2699 1188 2753; baseline 0 -16"><span class='ocrx_word' id='word_1_590' title='bbox 164 2699 306 2752; x_wconf 85' lang='grc' dir='ltr'>ἀκερδές</span> <span class='ocrx_word' id='word_1_591' title='bbox 321 2715 328 2722; x_wconf 93' lang='grc'><em>·</em></span> <span class='ocrx_word' id='word_1_592' title='bbox 345 2699 428 2738; x_wconf 78' lang='grc' dir='ltr'>ὅταν</span> <span class='ocrx_word' id='word_1_593' title='bbox 447 2700 482 2737; x_wconf 80' lang='grc' dir='ltr'>δὲ</span> <span class='ocrx_word' id='word_1_594' title='bbox 496 2700 594 2738; x_wconf 79' lang='grc' dir='ltr'>ἴδωσι</span> <span class='ocrx_word' id='word_1_595' title='bbox 610 2700 649 2738; x_wconf 81' lang='grc' dir='ltr'>τὸ</span> <span class='ocrx_word' id='word_1_596' title='bbox 664 2706 812 2752; x_wconf 77' lang='grc' dir='ltr'>πρᾶγμα</span> <span class='ocrx_word' id='word_1_597' title='bbox 831 2700 929 2753; x_wconf 80' lang='grc' dir='ltr'>παρὰ</span> <span class='ocrx_word' id='word_1_598' title='bbox 946 2701 1083 2738; x_wconf 79' lang='grc' dir='ltr'>πολλῶν</span> <span class='ocrx_word' id='word_1_599' title='bbox 1107 2704 1188 2738; x_wconf 78' lang='grc' dir='ltr'>Θαυ-</span> 
     </span>
     <span class='ocr_line' id='line_1_73' title="bbox 164 2760 1189 2814; baseline 0.001 -17"><span class='ocrx_word' id='word_1_600' title='bbox 164 2760 368 2811; x_wconf 83' lang='grc' dir='ltr'>μαζόμενον,</span> <span class='ocrx_word' id='word_1_601' title='bbox 388 2761 520 2811; x_wconf 88' lang='grc' dir='ltr'>γίνεται</span> <span class='ocrx_word' id='word_1_602' title='bbox 538 2760 660 2814; x_wconf 81' lang='grc' dir='ltr'>δέλεαρ</span> <span class='ocrx_word' id='word_1_603' title='bbox 686 2763 801 2804; x_wconf 80' lang='grc' dir='ltr'>αὐτοῖς</span> <span class='ocrx_word' id='word_1_604' title='bbox 820 2764 837 2798; x_wconf 69' lang='grc' dir='ltr'>ὃ</span> <span class='ocrx_word' id='word_1_605' title='bbox 856 2764 924 2798; x_wconf 80' lang='grc' dir='ltr'>τῶν</span> <span class='ocrx_word' id='word_1_606' title='bbox 952 2761 1066 2799; x_wconf 78' lang='grc' dir='ltr'>ἄλλων</span> <span class='ocrx_word' id='word_1_607' title='bbox 1087 2761 1189 2799; x_wconf 83' lang='grc' dir='ltr'>ἔπαι-</span> 
     </span>
     <span class='ocr_line' id='line_1_74' title="bbox 163 2821 1190 2874; baseline 0 -15"><span class='ocrx_word' id='word_1_608' title='bbox 163 2837 232 2864; x_wconf 91' lang='grc' dir='ltr'>νος.</span> <span class='ocrx_word' id='word_1_609' title='bbox 253 2821 476 2871; x_wconf 77' lang='grc' dir='ltr'>Ἀποστῶμεν</span> <span class='ocrx_word' id='word_1_610' title='bbox 498 2821 611 2859; x_wconf 89' lang='grc' dir='ltr'>τοίνυν</span> <span class='ocrx_word' id='word_1_611' title='bbox 640 2824 702 2866; x_wconf 64' lang='grc' dir='ltr'>τῆς</span> <span class='ocrx_word' id='word_1_612' title='bbox 726 2823 889 2874; x_wconf 83' lang='grc' dir='ltr'>ἀκερδοῦς</span> <span class='ocrx_word' id='word_1_613' title='bbox 921 2822 1077 2868; x_wconf 75' lang='grc' dir='ltr'>δαπάνης</span> <span class='ocrx_word' id='word_1_614' title='bbox 1093 2837 1100 2844; x_wconf 93' lang='grc'><em>·</em></span> <span class='ocrx_word' id='word_1_615' title='bbox 1123 2822 1190 2871; x_wconf 78' lang='grc' dir='ltr'>μά-</span> 
     </span>
     <span class='ocr_line' id='line_1_75' title="bbox 1054 2882 1189 2929; baseline -0.007 -9"><span class='ocrx_word' id='word_1_616' title='bbox 1054 2882 1114 2929; x_wconf 79' lang='grc' dir='ltr'>Μὴ</span> <span class='ocrx_word' id='word_1_617' title='bbox 1149 2882 1189 2929; x_wconf 83' lang='grc' dir='ltr'>δὴ</span> 
     </span>
     <span class='ocr_line' id='line_1_76' title="bbox 166 2942 1192 2995; baseline -0.001 -14"><span class='ocrx_word' id='word_1_618' title='bbox 166 2942 410 2994; x_wconf 67' lang='grc' dir='ltr'>ἀμφοτέρωθεν</span> <span class='ocrx_word' id='word_1_619' title='bbox 431 2943 674 2995; x_wconf 81' lang='grc' dir='ltr'>παροξύν(ι)μεν</span> <span class='ocrx_word' id='word_1_620' title='bbox 695 2944 752 2982; x_wconf 85' lang='grc' dir='ltr'>τὸν</span> <span class='ocrx_word' id='word_1_621' title='bbox 775 2944 878 2991; x_wconf 81' lang='grc' dir='ltr'>Θεὸν,</span> <span class='ocrx_word' id='word_1_622' title='bbox 898 2944 957 2981; x_wconf 81' lang='grc' dir='ltr'>καὶ</span> <span class='ocrx_word' id='word_1_623' title='bbox 987 2944 1192 2995; x_wconf 79' lang='grc' dir='ltr'>συνάγοντες</span> 
     </span>
     <span class='ocr_line' id='line_1_77' title="bbox 166 3003 1192 3057; baseline 0.001 -17"><span class='ocrx_word' id='word_1_624' title='bbox 166 3003 242 3041; x_wconf 80' lang='grc' dir='ltr'>ὅθεν</span> <span class='ocrx_word' id='word_1_625' title='bbox 260 3006 296 3041; x_wconf 81' lang='grc' dir='ltr'>οὐ</span> <span class='ocrx_word' id='word_1_626' title='bbox 310 3003 380 3057; x_wconf 81' lang='grc' dir='ltr'>χρὴ</span> <span class='ocrx_word' id='word_1_627' title='bbox 394 3035 403 3051; x_wconf 90' lang='grc'>,</span> <span class='ocrx_word' id='word_1_628' title='bbox 418 3005 477 3041; x_wconf 86' lang='grc' dir='ltr'>καὶ</span> <span class='ocrx_word' id='word_1_629' title='bbox 498 3004 738 3057; x_wconf 84' lang='grc' dir='ltr'>σκορπίζοντες</span> <span class='ocrx_word' id='word_1_630' title='bbox 759 3007 806 3048; x_wconf 86' lang='grc' dir='ltr'>εἰς</span> <span class='ocrx_word' id='word_1_631' title='bbox 821 3005 910 3057; x_wconf 80' lang='grc' dir='ltr'>ἅπερ</span> <span class='ocrx_word' id='word_1_632' title='bbox 929 3006 966 3041; x_wconf 78' lang='grc' dir='ltr'>οὗ</span> <span class='ocrx_word' id='word_1_633' title='bbox 989 3006 1051 3042; x_wconf 85' lang='grc' dir='ltr'>δεῖ.</span> <span class='ocrx_word' id='word_1_634' title='bbox 1073 3003 1192 3048; x_wconf 83' lang='grc' dir='ltr'>Πόσης</span> 
     </span>
     <span class='ocr_line' id='line_1_78' title="bbox 167 3064 1192 3119; baseline -0.002 -16"><span class='ocrx_word' id='word_1_635' title='bbox 167 3065 234 3116; x_wconf 81' lang='grc' dir='ltr'>γὰρ</span> <span class='ocrx_word' id='word_1_636' title='bbox 265 3066 328 3102; x_wconf 79' lang='grc' dir='ltr'>οὐκ</span> <span class='ocrx_word' id='word_1_637' title='bbox 355 3064 394 3101; x_wconf 79' lang='grc' dir='ltr'>ἂν</span> <span class='ocrx_word' id='word_1_638' title='bbox 425 3065 517 3109; x_wconf 78' lang='grc' dir='ltr'>ἄξιον</span> <span class='ocrx_word' id='word_1_639' title='bbox 548 3065 601 3112; x_wconf 85' lang='grc' dir='ltr'>εἴη</span> <span class='ocrx_word' id='word_1_640' title='bbox 622 3068 747 3119; x_wconf 69' lang='grc' dir='ltr'>ὀργῆς,</span> <span class='ocrx_word' id='word_1_641' title='bbox 767 3066 849 3104; x_wconf 76' lang='grc' dir='ltr'>ὅταν</span> <span class='ocrx_word' id='word_1_642' title='bbox 872 3069 914 3116; x_wconf 77' lang='grc' dir='ltr'>τῇ</span> <span class='ocrx_word' id='word_1_643' title='bbox 943 3065 1051 3116; x_wconf 78' lang='grc' dir='ltr'>πόρνῃ</span> <span class='ocrx_word' id='word_1_644' title='bbox 1079 3065 1192 3116; x_wconf 78' lang='grc' dir='ltr'>διδῷς,</span> 
     </span>
     <span class='ocr_line' id='line_1_79' title="bbox 169 3124 1196 3179; baseline 0 -17"><span class='ocrx_word' id='word_1_645' title='bbox 169 3125 402 3177; x_wconf 78' lang='grc' dir='ltr'>παρατρέχων</span> <span class='ocrx_word' id='word_1_646' title='bbox 424 3126 481 3163; x_wconf 78' lang='grc' dir='ltr'>τὸν</span> <span class='ocrx_word' id='word_1_647' title='bbox 504 3126 661 3173; x_wconf 80' lang='grc' dir='ltr'>πένητα,</span> <span class='ocrx_word' id='word_1_648' title='bbox 681 3129 725 3164; x_wconf 84' lang='grc' dir='ltr'>Εἰ</span> <span class='ocrx_word' id='word_1_649' title='bbox 740 3126 808 3179; x_wconf 78' lang='grc' dir='ltr'>γὰρ</span> <span class='ocrx_word' id='word_1_650' title='bbox 835 3126 895 3163; x_wconf 74' lang='grc' dir='ltr'>καὶ</span> <span class='ocrx_word' id='word_1_651' title='bbox 920 3129 957 3164; x_wconf 79' lang='grc' dir='ltr'>ἐκ</span> <span class='ocrx_word' id='word_1_652' title='bbox 973 3125 1115 3163; x_wconf 85' lang='grc' dir='ltr'>δικαίων</span> <span class='ocrx_word' id='word_1_653' title='bbox 1132 3124 1196 3162; x_wconf 80' lang='grc' dir='ltr'>πό-</span> 
     </span>
    </p>
   </div>
   <div class='ocr_carea' id='block_1_12' title="bbox 165 2882 1021 2934">
    <p class='ocr_par' dir='ltr' id='par_1_19' title="bbox 165 2882 1021 2934">
     <span class='ocr_line' id='line_1_80' title="bbox 165 2882 1021 2934; baseline 0.002 -16"><span class='ocrx_word' id='word_1_654' title='bbox 165 2886 278 2932; x_wconf 85' lang='grc' dir='ltr'>θωμεν</span> <span class='ocrx_word' id='word_1_655' title='bbox 305 2882 362 2920; x_wconf 81' lang='grc' dir='ltr'>ἐπὶ</span> <span class='ocrx_word' id='word_1_656' title='bbox 390 2882 480 2920; x_wconf 93' lang='grc' dir='ltr'>τίσιν</span> <span class='ocrx_word' id='word_1_657' title='bbox 512 2882 710 2920; x_wconf 85' lang='grc' dir='ltr'>ἀναλίσκειν</span> <span class='ocrx_word' id='word_1_658' title='bbox 731 2883 792 2920; x_wconf 84' lang='grc' dir='ltr'>καὶ</span> <span class='ocrx_word' id='word_1_659' title='bbox 823 2882 907 2921; x_wconf 84' lang='grc' dir='ltr'>πότε</span> <span class='ocrx_word' id='word_1_660' title='bbox 938 2883 1021 2934; x_wconf 80' lang='grc' dir='ltr'>χρή.</span> 
     </span>
    </p>
   </div>
   <div class='ocr_carea' id='block_1_13' title="bbox 169 3187 1193 3238">
    <p class='ocr_par' dir='ltr' id='par_1_20' title="bbox 169 3187 1193 3238">
     <span class='ocr_line' id='line_1_81' title="bbox 169 3187 1193 3238; baseline 0.001 -15"><span class='ocrx_word' id='word_1_661' title='bbox 169 3201 236 3223; x_wconf 86' lang='grc' dir='ltr'>νων</span> <span class='ocrx_word' id='word_1_662' title='bbox 257 3193 446 3238; x_wconf 74' lang='grc' dir='ltr'>παρεῖχες,</span> <span class='ocrx_word' id='word_1_663' title='bbox 469 3187 546 3238; x_wconf 74' lang='grc' dir='ltr'>οὐχὶ</span> <span class='ocrx_word' id='word_1_664' title='bbox 572 3187 734 3238; x_wconf 80' lang='grc' dir='ltr'>ἔγκλημα</span> <span class='ocrx_word' id='word_1_665' title='bbox 752 3191 792 3234; x_wconf 83' lang='grc' dir='ltr'>ἠν</span> <span class='ocrx_word' id='word_1_666' title='bbox 815 3187 854 3225; x_wconf 79' lang='grc' dir='ltr'>τὸ</span> <span class='ocrx_word' id='word_1_667' title='bbox 882 3193 1050 3238; x_wconf 68' lang='grc' dir='ltr'>πρᾶγμα,</span> <span class='ocrx_word' id='word_1_668' title='bbox 1074 3187 1193 3237; x_wconf 71' lang='grc' dir='ltr'>μισθὸν</span> 
     </span>
    </p>
   </div>
   <div class='ocr_carea' id='block_1_14' title="bbox 213 3304 664 3349">
    <p class='ocr_par' dir='ltr' id='par_1_21' title="bbox 213 3304 664 3349">
     <span class='ocr_line' id='line_1_82' title="bbox 213 3304 664 3349; baseline 0.011 -14"><span class='ocrx_word' id='word_1_669' title='bbox 213 3306 225 3329; x_wconf 86' lang='lat' dir='ltr'>s</span> <span class='ocrx_word' id='word_1_670' title='bbox 251 3304 312 3336; x_wconf 81' lang='lat' dir='ltr'>Alii</span> <span class='ocrx_word' id='word_1_671' title='bbox 329 3308 469 3349; x_wconf 61' lang='grc' dir='ltr'>κωμῳδία</span> <span class='ocrx_word' id='word_1_672' title='bbox 488 3307 560 3339; x_wconf 61' lang='grc' dir='ltr'>εἶναι</span> <span class='ocrx_word' id='word_1_673' title='bbox 577 3309 664 3340; x_wconf 79' lang='grc' dir='ltr'>δοκεῖ-</span> 
     </span>
    </p>
   </div>
   <div class='ocr_carea' id='block_1_15' title="bbox 214 3356 756 3403">
    <p class='ocr_par' dir='ltr' id='par_1_22' title="bbox 214 3356 756 3403">
     <span class='ocr_line' id='line_1_83' title="bbox 214 3356 756 3403; baseline 0.006 -15"><span class='ocrx_word' id='word_1_674' title='bbox 214 3368 227 3380; x_wconf 76' lang='lat'><strong>³</strong></span> <span class='ocrx_word' id='word_1_675' title='bbox 252 3356 353 3389; x_wconf 83' lang='lat' dir='ltr'>Savil.</span> <span class='ocrx_word' id='word_1_676' title='bbox 369 3364 460 3403; x_wconf 55' lang='grc' dir='ltr'>ἄφετε</span> <span class='ocrx_word' id='word_1_677' title='bbox 477 3364 534 3403; x_wconf 64' lang='grc' dir='ltr'>γὰρ</span> <span class='ocrx_word' id='word_1_678' title='bbox 549 3361 615 3396; x_wconf 62' lang='grc' dir='ltr'>τοὺς</span> <span class='ocrx_word' id='word_1_679' title='bbox 632 3361 756 3403; x_wconf 61' lang='grc' dir='ltr'>νεκρούς-</span> 
     </span>
    </p>
   </div>
   <div class='ocr_carea' id='block_1_16' title="bbox 1251 2078 2466 3236">
    <p class='ocr_par' dir='ltr' id='par_1_23' title="bbox 1251 2078 2425 2381">
     <span class='ocr_line' id='line_1_84' title="bbox 1251 2078 2425 2142; baseline -0.008 -15"><span class='ocrx_word' id='word_1_680' title='bbox 1251 2103 1410 2142; x_wconf 84' lang='lat' dir='ltr'>operam,</span> <span class='ocrx_word' id='word_1_681' title='bbox 1427 2102 1471 2125; x_wconf 79' lang='lat' dir='ltr'>ex</span> <span class='ocrx_word' id='word_1_682' title='bbox 1492 2095 1565 2124; x_wconf 89' lang='lat' dir='ltr'>arte</span> <span class='ocrx_word' id='word_1_683' title='bbox 1585 2084 1677 2123; x_wconf 88' lang='lat' dir='ltr'>nihil</span> <span class='ocrx_word' id='word_1_684' title='bbox 1697 2085 1765 2123; x_wconf 84' lang='lat' dir='ltr'>sibi</span> <span class='ocrx_word' id='word_1_685' title='bbox 1782 2085 1855 2121; x_wconf 86' lang='lat' dir='ltr'>fore</span> <span class='ocrx_word' id='word_1_686' title='bbox 1881 2083 1984 2132; x_wconf 87' lang='lat' dir='ltr'>lucri,</span> <span class='ocrx_word' id='word_1_687' title='bbox 1999 2084 2076 2136; x_wconf 85' lang='lat' dir='ltr'>jam</span> <span class='ocrx_word' id='word_1_688' title='bbox 2101 2082 2240 2135; x_wconf 82' lang='lat' dir='ltr'>pridem</span> <span class='ocrx_word' id='word_1_689' title='bbox 2254 2078 2425 2116; x_wconf 57' lang='lat' dir='ltr'>⁵1¹⁰s¹³&#39;¹&#39;³·¹·</span> 
     </span>
     <span class='ocr_line' id='line_1_85' title="bbox 1251 2145 2239 2197; baseline -0.008 -8"><span class='ocrx_word' id='word_1_690' title='bbox 1251 2151 1467 2189; x_wconf 78' lang='lat' dir='ltr'>destitissent</span> <span class='ocrx_word' id='word_1_691' title='bbox 1491 2165 1499 2185; x_wconf 87' lang='lat'>:</span> <span class='ocrx_word' id='word_1_692' title='bbox 1521 2163 1603 2186; x_wconf 87' lang='lat' dir='ltr'>eum</span> <span class='ocrx_word' id='word_1_693' title='bbox 1633 2157 1750 2186; x_wconf 85' lang='lat' dir='ltr'>autem</span> <span class='ocrx_word' id='word_1_694' title='bbox 1779 2156 1813 2184; x_wconf 90' lang='lat' dir='ltr'>te</span> <span class='ocrx_word' id='word_1_695' title='bbox 1842 2146 1968 2184; x_wconf 63' lang='lat' dir='ltr'>vident</span> <span class='ocrx_word' id='word_1_696' title='bbox 1997 2145 2239 2197; x_wconf 68' lang='lat' dir='ltr'>plaudentem,</span> 
     </span>
     <span class='ocr_line' id='line_1_86' title="bbox 1253 2206 2242 2260; baseline -0.009 -10"><span class='ocrx_word' id='word_1_697' title='bbox 1253 2220 1508 2260; x_wconf 81' lang='lat' dir='ltr'>accurrentem,</span> <span class='ocrx_word' id='word_1_698' title='bbox 1529 2218 1668 2247; x_wconf 89' lang='lat' dir='ltr'>sumtus</span> <span class='ocrx_word' id='word_1_699' title='bbox 1699 2206 1985 2260; x_wconf 75' lang='lat' dir='ltr'>profundentem,</span> <span class='ocrx_word' id='word_1_700' title='bbox 2016 2216 2075 2244; x_wconf 85' lang='lat' dir='ltr'>tua</span> <span class='ocrx_word' id='word_1_701' title='bbox 2109 2206 2242 2243; x_wconf 73' lang='lat' dir='ltr'>exhau-</span> 
     </span>
     <span class='ocr_line' id='line_1_87' title="bbox 1253 2267 2243 2323; baseline -0.01 -10"><span class='ocrx_word' id='word_1_702' title='bbox 1253 2275 1415 2323; x_wconf 86' lang='lat' dir='ltr'>rientem,</span> <span class='ocrx_word' id='word_1_703' title='bbox 1434 2271 1573 2311; x_wconf 81' lang='lat' dir='ltr'>etiamsi</span> <span class='ocrx_word' id='word_1_704' title='bbox 1599 2271 1733 2309; x_wconf 85' lang='lat' dir='ltr'>nollent</span> <span class='ocrx_word' id='word_1_705' title='bbox 1765 2283 1926 2321; x_wconf 75' lang='lat' dir='ltr'>pergere,</span> <span class='ocrx_word' id='word_1_706' title='bbox 1952 2269 2042 2305; x_wconf 89' lang='lat' dir='ltr'>lucri</span> <span class='ocrx_word' id='word_1_707' title='bbox 2076 2267 2243 2319; x_wconf 85' lang='lat' dir='ltr'>cupidine</span> 
     </span>
     <span class='ocr_line' id='line_1_88' title="bbox 1254 2329 2243 2381; baseline -0.009 -7"><span class='ocrx_word' id='word_1_708' title='bbox 1254 2345 1430 2374; x_wconf 89' lang='lat' dir='ltr'>tenentur.</span> <span class='ocrx_word' id='word_1_709' title='bbox 1451 2334 1489 2371; x_wconf 92' lang='lat' dir='ltr'>Si</span> <span class='ocrx_word' id='word_1_710' title='bbox 1523 2334 1669 2381; x_wconf 87' lang='lat' dir='ltr'>scirent,</span> <span class='ocrx_word' id='word_1_711' title='bbox 1704 2331 1880 2369; x_wconf 87' lang='lat' dir='ltr'>neminem</span> <span class='ocrx_word' id='word_1_712' title='bbox 1915 2345 1977 2368; x_wconf 81' lang='lat' dir='ltr'>sua</span> <span class='ocrx_word' id='word_1_713' title='bbox 2012 2329 2243 2367; x_wconf 84' lang='lat' dir='ltr'>laudaturum</span> 
     </span>
    </p>

    <p class='ocr_par' dir='ltr' id='par_1_24' title="bbox 1255 2391 2241 2445">
     <span class='ocr_line' id='line_1_89' title="bbox 1255 2391 2241 2445; baseline -0.008 -11"><span class='ocrx_word' id='word_1_714' title='bbox 1255 2411 1341 2445; x_wconf 90' lang='lat' dir='ltr'>esse,</span> <span class='ocrx_word' id='word_1_715' title='bbox 1367 2396 1436 2432; x_wconf 89' lang='lat' dir='ltr'>cito</span> <span class='ocrx_word' id='word_1_716' title='bbox 1455 2394 1662 2432; x_wconf 86' lang='lat' dir='ltr'>desisterent</span> <span class='ocrx_word' id='word_1_717' title='bbox 1682 2406 1700 2429; x_wconf 88' lang='lat' dir='ltr'>a</span> <span class='ocrx_word' id='word_1_718' title='bbox 1722 2392 1920 2439; x_wconf 80' lang='lat' dir='ltr'>laboribus,</span> <span class='ocrx_word' id='word_1_719' title='bbox 1942 2391 2041 2428; x_wconf 90' lang='lat' dir='ltr'>luero</span> <span class='ocrx_word' id='word_1_720' title='bbox 2063 2400 2241 2428; x_wconf 87' lang='lat' dir='ltr'>cessante:</span> 
     </span>
    </p>

    <p class='ocr_par' dir='ltr' id='par_1_25' title="bbox 1256 2451 2245 2564">
     <span class='ocr_line' id='line_1_90' title="bbox 1256 2451 2241 2502; baseline -0.006 -8"><span class='ocrx_word' id='word_1_721' title='bbox 1256 2471 1337 2495; x_wconf 90' lang='lat' dir='ltr'>eum</span> <span class='ocrx_word' id='word_1_722' title='bbox 1364 2470 1447 2494; x_wconf 76' lang='lat' dir='ltr'>vero</span> <span class='ocrx_word' id='word_1_723' title='bbox 1480 2469 1554 2492; x_wconf 90' lang='lat' dir='ltr'>rem</span> <span class='ocrx_word' id='word_1_724' title='bbox 1591 2453 1819 2491; x_wconf 83' lang='lat' dir='ltr'>admirationi</span> <span class='ocrx_word' id='word_1_725' title='bbox 1843 2451 1965 2490; x_wconf 90' lang='lat' dir='ltr'>multis</span> <span class='ocrx_word' id='word_1_726' title='bbox 1999 2465 2071 2489; x_wconf 87' lang='lat' dir='ltr'>esse</span> <span class='ocrx_word' id='word_1_727' title='bbox 2103 2451 2241 2502; x_wconf 73' lang='lat' dir='ltr'>vident,</span> 
     </span>
     <span class='ocr_line' id='line_1_91' title="bbox 1257 2512 2245 2564; baseline -0.007 -8"><span class='ocrx_word' id='word_1_728' title='bbox 1257 2519 1458 2556; x_wconf 83' lang='lat' dir='ltr'>inescantur</span> <span class='ocrx_word' id='word_1_729' title='bbox 1480 2515 1661 2553; x_wconf 86' lang='lat' dir='ltr'>laudibus.</span> <span class='ocrx_word' id='word_1_730' title='bbox 1684 2515 1868 2551; x_wconf 87' lang='lat' dir='ltr'>Cessemus</span> <span class='ocrx_word' id='word_1_731' title='bbox 1904 2512 2076 2550; x_wconf 86' lang='lat' dir='ltr'>inutiliter</span> <span class='ocrx_word' id='word_1_732' title='bbox 2108 2512 2245 2564; x_wconf 87' lang='lat' dir='ltr'>impen-</span> 
     </span>
    </p>

    <p class='ocr_par' dir='ltr' id='par_1_26' title="bbox 1257 2573 2246 2625">
     <span class='ocr_line' id='line_1_92' title="bbox 1257 2573 2246 2625; baseline -0.006 -9"><span class='ocrx_word' id='word_1_733' title='bbox 1257 2579 1339 2616; x_wconf 83' lang='lat' dir='ltr'>dere</span> <span class='ocrx_word' id='word_1_734' title='bbox 1360 2594 1366 2613; x_wconf 94' lang='lat'><strong>:</strong></span> <span class='ocrx_word' id='word_1_735' title='bbox 1392 2577 1572 2615; x_wconf 85' lang='lat' dir='ltr'>diseamus</span> <span class='ocrx_word' id='word_1_736' title='bbox 1595 2589 1666 2625; x_wconf 85' lang='lat' dir='ltr'>qua</span> <span class='ocrx_word' id='word_1_737' title='bbox 1689 2574 1725 2611; x_wconf 93' lang='lat' dir='ltr'>in</span> <span class='ocrx_word' id='word_1_738' title='bbox 1747 2588 1784 2610; x_wconf 90' lang='lat' dir='ltr'>re</span> <span class='ocrx_word' id='word_1_739' title='bbox 1827 2582 1860 2611; x_wconf 89' lang='lat' dir='ltr'>et</span> <span class='ocrx_word' id='word_1_740' title='bbox 1875 2573 2018 2624; x_wconf 85' lang='lat' dir='ltr'>quando</span> <span class='ocrx_word' id='word_1_741' title='bbox 2041 2573 2246 2625; x_wconf 87' lang='lat' dir='ltr'>impendere</span> 
     </span>
    </p>

    <p class='ocr_par' dir='ltr' id='par_1_27' title="bbox 1258 2633 2246 2690">
     <span class='ocr_line' id='line_1_93' title="bbox 1258 2633 2246 2690; baseline -0.005 -14"><span class='ocrx_word' id='word_1_742' title='bbox 1258 2647 1415 2690; x_wconf 83' lang='lat' dir='ltr'>oporteat</span> <span class='ocrx_word' id='word_1_743' title='bbox 1440 2654 1446 2673; x_wconf 91' lang='lat'>:</span> <span class='ocrx_word' id='word_1_744' title='bbox 1482 2651 1523 2673; x_wconf 92' lang='lat' dir='ltr'>ne</span> <span class='ocrx_word' id='word_1_745' title='bbox 1543 2635 1709 2686; x_wconf 89' lang='lat' dir='ltr'>utrinque</span> <span class='ocrx_word' id='word_1_746' title='bbox 1733 2636 1851 2672; x_wconf 89' lang='lat' dir='ltr'>Deum</span> <span class='ocrx_word' id='word_1_747' title='bbox 1881 2633 1927 2672; x_wconf 86' lang='lat' dir='ltr'>ad</span> <span class='ocrx_word' id='word_1_748' title='bbox 1955 2634 2046 2672; x_wconf 89' lang='lat' dir='ltr'>iram</span> <span class='ocrx_word' id='word_1_749' title='bbox 2077 2648 2246 2686; x_wconf 65' lang='lat' dir='ltr'>provoce-</span> 
     </span>
    </p>

    <p class='ocr_par' dir='ltr' id='par_1_28' title="bbox 1259 2695 2244 2749">
     <span class='ocr_line' id='line_1_94' title="bbox 1259 2695 2244 2749; baseline -0.005 -12"><span class='ocrx_word' id='word_1_750' title='bbox 1259 2714 1350 2748; x_wconf 73' lang='lat' dir='ltr'>muS,</span> <span class='ocrx_word' id='word_1_751' title='bbox 1370 2708 1403 2736; x_wconf 91' lang='lat' dir='ltr'>et</span> <span class='ocrx_word' id='word_1_752' title='bbox 1437 2696 1682 2749; x_wconf 75' lang='lat' dir='ltr'>congregando</span> <span class='ocrx_word' id='word_1_753' title='bbox 1714 2696 1810 2734; x_wconf 91' lang='lat' dir='ltr'>unde</span> <span class='ocrx_word' id='word_1_754' title='bbox 1837 2709 1907 2733; x_wconf 90' lang='lat' dir='ltr'>non</span> <span class='ocrx_word' id='word_1_755' title='bbox 1930 2695 2027 2746; x_wconf 88' lang='lat' dir='ltr'>lieet,</span> <span class='ocrx_word' id='word_1_756' title='bbox 2046 2705 2081 2733; x_wconf 85' lang='lat' dir='ltr'>et</span> <span class='ocrx_word' id='word_1_757' title='bbox 2103 2695 2244 2747; x_wconf 81' lang='lat' dir='ltr'>disper-</span> 
     </span>
    </p>

    <p class='ocr_par' dir='ltr' id='par_1_29' title="bbox 1261 2756 2248 2813">
     <span class='ocr_line' id='line_1_95' title="bbox 1261 2756 2248 2813; baseline -0.005 -15"><span class='ocrx_word' id='word_1_758' title='bbox 1261 2760 1376 2813; x_wconf 84' lang='lat' dir='ltr'>gendo</span> <span class='ocrx_word' id='word_1_759' title='bbox 1395 2759 1431 2796; x_wconf 90' lang='lat' dir='ltr'>in</span> <span class='ocrx_word' id='word_1_760' title='bbox 1448 2773 1527 2809; x_wconf 84' lang='lat' dir='ltr'>quae</span> <span class='ocrx_word' id='word_1_761' title='bbox 1550 2772 1619 2795; x_wconf 88' lang='lat' dir='ltr'>non</span> <span class='ocrx_word' id='word_1_762' title='bbox 1633 2766 1819 2809; x_wconf 87' lang='lat' dir='ltr'>oporteret.</span> <span class='ocrx_word' id='word_1_763' title='bbox 1838 2757 1919 2803; x_wconf 88' lang='lat' dir='ltr'>Qua</span> <span class='ocrx_word' id='word_1_764' title='bbox 1934 2756 2094 2795; x_wconf 81' lang='lat' dir='ltr'>vindicta</span> <span class='ocrx_word' id='word_1_765' title='bbox 2110 2770 2179 2793; x_wconf 91' lang='lat' dir='ltr'>non</span> <span class='ocrx_word' id='word_1_766' title='bbox 2193 2756 2248 2794; x_wconf 90' lang='lat' dir='ltr'>di-</span> 
     </span>
    </p>

    <p class='ocr_par' dir='ltr' id='par_1_30' title="bbox 1262 2817 2248 2934">
     <span class='ocr_line' id='line_1_96' title="bbox 1262 2817 2248 2873; baseline -0.005 -14"><span class='ocrx_word' id='word_1_767' title='bbox 1262 2836 1351 2873; x_wconf 82' lang='lat' dir='ltr'>gnus</span> <span class='ocrx_word' id='word_1_768' title='bbox 1384 2835 1430 2868; x_wconf 90' lang='lat' dir='ltr'>es,</span> <span class='ocrx_word' id='word_1_769' title='bbox 1454 2833 1534 2857; x_wconf 88' lang='lat' dir='ltr'>eum</span> <span class='ocrx_word' id='word_1_770' title='bbox 1559 2833 1750 2871; x_wconf 86' lang='lat' dir='ltr'>pauperem</span> <span class='ocrx_word' id='word_1_771' title='bbox 1780 2827 2052 2870; x_wconf 66' lang='lat' dir='ltr'>praetereurrem</span> <span class='ocrx_word' id='word_1_772' title='bbox 2073 2817 2248 2855; x_wconf 86' lang='lat' dir='ltr'>meretrici</span> 
     </span>
     <span class='ocr_line' id='line_1_97' title="bbox 1262 2879 2248 2934; baseline -0.005 -14"><span class='ocrx_word' id='word_1_773' title='bbox 1262 2882 1429 2934; x_wconf 76' lang='lat' dir='ltr'>largiris?</span> <span class='ocrx_word' id='word_1_774' title='bbox 1456 2880 1612 2918; x_wconf 89' lang='lat' dir='ltr'>Etiamsi</span> <span class='ocrx_word' id='word_1_775' title='bbox 1632 2879 1727 2917; x_wconf 90' lang='lat' dir='ltr'>enim</span> <span class='ocrx_word' id='word_1_776' title='bbox 1761 2893 1805 2917; x_wconf 78' lang='lat' dir='ltr'>ex</span> <span class='ocrx_word' id='word_1_777' title='bbox 1832 2879 1938 2931; x_wconf 88' lang='lat' dir='ltr'>justis</span> <span class='ocrx_word' id='word_1_778' title='bbox 1953 2879 2136 2916; x_wconf 86' lang='lat' dir='ltr'>laboribus</span> <span class='ocrx_word' id='word_1_779' title='bbox 2171 2893 2248 2916; x_wconf 89' lang='lat' dir='ltr'>ero—</span> 
     </span>
    </p>

    <p class='ocr_par' dir='ltr' id='par_1_31' title="bbox 1264 2938 2247 2994">
     <span class='ocr_line' id='line_1_98' title="bbox 1264 2938 2247 2994; baseline -0.004 -14"><span class='ocrx_word' id='word_1_780' title='bbox 1264 2957 1376 2994; x_wconf 83' lang='lat' dir='ltr'>gares,</span> <span class='ocrx_word' id='word_1_781' title='bbox 1394 2956 1510 2980; x_wconf 87' lang='lat' dir='ltr'>annon</span> <span class='ocrx_word' id='word_1_782' title='bbox 1527 2941 1633 2993; x_wconf 86' lang='lat' dir='ltr'>culpa</span> <span class='ocrx_word' id='word_1_783' title='bbox 1647 2949 1747 2989; x_wconf 87' lang='lat' dir='ltr'>esset,</span> <span class='ocrx_word' id='word_1_784' title='bbox 1762 2940 1926 2991; x_wconf 65' lang='lat' dir='ltr'>nequitia?</span> <span class='ocrx_word' id='word_1_785' title='bbox 1940 2939 2136 2977; x_wconf 84' lang='lat' dir='ltr'>mercedem</span> <span class='ocrx_word' id='word_1_786' title='bbox 2152 2938 2247 2987; x_wconf 81' lang='lat' dir='ltr'>dare,</span> 
     </span>
    </p>

    <p class='ocr_par' dir='ltr' id='par_1_32' title="bbox 1264 3000 2246 3056">
     <span class='ocr_line' id='line_1_99' title="bbox 1264 3000 2246 3056; baseline -0.006 -14"><span class='ocrx_word' id='word_1_787' title='bbox 1264 3014 1297 3042; x_wconf 92' lang='lat' dir='ltr'>et</span> <span class='ocrx_word' id='word_1_788' title='bbox 1326 3019 1391 3056; x_wconf 87' lang='lat' dir='ltr'>pro</span> <span class='ocrx_word' id='word_1_789' title='bbox 1419 3003 1545 3041; x_wconf 87' lang='lat' dir='ltr'>merita</span> <span class='ocrx_word' id='word_1_790' title='bbox 1578 3016 1681 3054; x_wconf 84' lang='lat' dir='ltr'>poena</span> <span class='ocrx_word' id='word_1_791' title='bbox 1706 3001 1879 3038; x_wconf 88' lang='lat' dir='ltr'>honorem</span> <span class='ocrx_word' id='word_1_792' title='bbox 1910 3000 2139 3052; x_wconf 73' lang='lat' dir='ltr'>impendere?</span> <span class='ocrx_word' id='word_1_793' title='bbox 2156 3000 2246 3036; x_wconf 90' lang='lat' dir='ltr'>Cum</span> 
     </span>
    </p>

    <p class='ocr_par' dir='ltr' id='par_1_33' title="bbox 1267 3061 2251 3117">
     <span class='ocr_line' id='line_1_100' title="bbox 1267 3061 2251 3117; baseline -0.006 -13"><span class='ocrx_word' id='word_1_794' title='bbox 1267 3079 1351 3104; x_wconf 79' lang='lat' dir='ltr'>vero</span> <span class='ocrx_word' id='word_1_795' title='bbox 1383 3064 1544 3117; x_wconf 81' lang='lat' dir='ltr'>spoliatis</span> <span class='ocrx_word' id='word_1_796' title='bbox 1572 3063 1733 3116; x_wconf 88' lang='lat' dir='ltr'>pupillis,</span> <span class='ocrx_word' id='word_1_797' title='bbox 1754 3062 1876 3101; x_wconf 70' lang='lat' dir='ltr'>viduis</span> <span class='ocrx_word' id='word_1_798' title='bbox 1893 3062 2079 3111; x_wconf 81' lang='lat' dir='ltr'>fraudatis,</span> <span class='ocrx_word' id='word_1_799' title='bbox 2099 3061 2251 3099; x_wconf 80' lang='lat' dir='ltr'>lascivos</span> 
     </span>
    </p>

    <p class='ocr_par' dir='ltr' id='par_1_34' title="bbox 1269 3123 2249 3178">
     <span class='ocr_line' id='line_1_101' title="bbox 1269 3123 2249 3178; baseline -0.007 -13"><span class='ocrx_word' id='word_1_800' title='bbox 1269 3126 1350 3176; x_wconf 84' lang='lat' dir='ltr'>alis,</span> <span class='ocrx_word' id='word_1_801' title='bbox 1371 3126 1486 3178; x_wconf 79' lang='lat' dir='ltr'>cogita</span> <span class='ocrx_word' id='word_1_802' title='bbox 1519 3125 1599 3176; x_wconf 90' lang='lat' dir='ltr'>quis</span> <span class='ocrx_word' id='word_1_803' title='bbox 1635 3124 1727 3175; x_wconf 84' lang='lat' dir='ltr'>ignis</span> <span class='ocrx_word' id='word_1_804' title='bbox 1749 3133 1845 3161; x_wconf 85' lang='lat' dir='ltr'>tanto</span> <span class='ocrx_word' id='word_1_805' title='bbox 1874 3123 1994 3161; x_wconf 85' lang='lat' dir='ltr'>sceleri</span> <span class='ocrx_word' id='word_1_806' title='bbox 2017 3123 2062 3159; x_wconf 91' lang='lat' dir='ltr'>sit</span> <span class='ocrx_word' id='word_1_807' title='bbox 2093 3131 2249 3174; x_wconf 84' lang='lat' dir='ltr'>paratus.</span> 
     </span>
    </p>

    <p class='ocr_par' dir='ltr' id='par_1_35' title="bbox 1273 3181 2466 3236">
     <span class='ocr_line' id='line_1_102' title="bbox 1273 3181 2466 3236; baseline -0.009 -13"><span class='ocrx_word' id='word_1_808' title='bbox 1273 3185 1366 3223; x_wconf 85' lang='lat' dir='ltr'>Audi</span> <span class='ocrx_word' id='word_1_809' title='bbox 1392 3184 1480 3236; x_wconf 87' lang='lat' dir='ltr'>quid</span> <span class='ocrx_word' id='word_1_810' title='bbox 1498 3184 1593 3222; x_wconf 86' lang='lat' dir='ltr'>dicat</span> <span class='ocrx_word' id='word_1_811' title='bbox 1624 3183 1757 3220; x_wconf 88' lang='lat' dir='ltr'>Paulus</span> <span class='ocrx_word' id='word_1_812' title='bbox 1774 3198 1780 3218; x_wconf 91' lang='lat'><strong>:</strong></span> <span class='ocrx_word' id='word_1_813' title='bbox 1803 3183 1892 3220; x_wconf 78' lang='lat' dir='ltr'>Non</span> <span class='ocrx_word' id='word_1_814' title='bbox 1923 3190 2074 3219; x_wconf 78' lang='lat' dir='ltr'>tantum</span> <span class='ocrx_word' id='word_1_815' title='bbox 2089 3183 2155 3231; x_wconf 81' lang='lat' dir='ltr'>qui</span> <span class='ocrx_word' id='word_1_816' title='bbox 2172 3181 2253 3218; x_wconf 80' lang='lat' dir='ltr'>Izaec</span> <span class='ocrx_word' id='word_1_817' title='bbox 2267 3186 2439 3216; x_wconf 83' lang='lat' dir='ltr'>Rom.1.32</span> <span class='ocrx_word' id='word_1_818' title='bbox 2464 3210 2466 3212; x_wconf 78' lang='grc'>,</span> 
     </span>
    </p>
   </div>
   <div class='ocr_carea' id='block_1_17' title="bbox 1291 3300 2256 3348">
    <p class='ocr_par' dir='ltr' id='par_1_36' title="bbox 1291 3300 2256 3348">
     <span class='ocr_line' id='line_1_103' title="bbox 1291 3300 2256 3348; baseline -0.005 -12"><span class='ocrx_word' id='word_1_819' title='bbox 1291 3307 1307 3331; x_wconf 84' lang='lat' dir='ltr'>b</span> <span class='ocrx_word' id='word_1_820' title='bbox 1331 3303 1567 3345; x_wconf 61' lang='lat' dir='ltr'>Morel.,11.÷t3w</span> <span class='ocrx_word' id='word_1_821' title='bbox 1585 3309 1617 3338; x_wconf 65' lang='grc' dir='ltr'>τὸ</span> <span class='ocrx_word' id='word_1_822' title='bbox 1640 3306 1751 3348; x_wconf 71' lang='grc' dir='ltr'>κέρδος·</span> <span class='ocrx_word' id='word_1_823' title='bbox 1781 3312 1858 3342; x_wconf 66' lang='grc' dir='ltr'>πῶς,</span> <span class='ocrx_word' id='word_1_824' title='bbox 1884 3306 1928 3335; x_wconf 72' lang='grc' dir='ltr'>ἔτι</span> <span class='ocrx_word' id='word_1_825' title='bbox 1952 3300 2031 3334; x_wconf 75' lang='grc' dir='ltr'>οὗτοι</span> <span class='ocrx_word' id='word_1_826' title='bbox 2052 3305 2108 3343; x_wconf 78' lang='grc' dir='ltr'>μέν</span> <span class='ocrx_word' id='word_1_827' title='bbox 2131 3315 2179 3337; x_wconf 74' lang='grc' dir='ltr'>σε,</span> <span class='ocrx_word' id='word_1_828' title='bbox 2195 3300 2256 3331; x_wconf 87' lang='lat' dir='ltr'>mi—</span> 
     </span>
    </p>
   </div>
   <div class='ocr_carea' id='block_1_18' title="bbox 1250 3363 1426 3389">
    <p class='ocr_par' dir='ltr' id='par_1_37' title="bbox 1250 3363 1426 3389">
     <span class='ocr_line' id='line_1_104' title="bbox 1250 3363 1426 3389; baseline 0 -1"><span class='ocrx_word' id='word_1_829' title='bbox 1250 3368 1310 3388; x_wconf 82' lang='lat' dir='ltr'>nus</span> <span class='ocrx_word' id='word_1_830' title='bbox 1328 3363 1426 3389; x_wconf 76' lang='lat' dir='ltr'>recte.</span> 
     </span>
    </p>
   </div>
  </div>
 </body>
</html>
