2481 3678
97 731 123 747 v.
145 729 189 749 10.

101 914 183 941 iuss.
218 915 282 953 ¹‘i‘i-

106 958 111 967 ’
159 964 182 982 .-ι
217 959 280 995 1315.

96 3049 185 3076 Heln:
211 3059 234 3077 ι.
250 3049 280 3079 3.

308 250 363 293 32
730 265 769 295 5.
807 265 993 295 soumis

303 344 364 383 sed
390 345 531 383 Patrem
564 346 683 396 aliquo
713 347 796 384 vitae
827 347 1012 384 interstitio
1048 348 1232 395 seniorem,
1251 356 1284 385 ct

304 406 445 458 majoris
467 406 533 444 aevi
559 407 730 453 crederes,
748 422 835 445 neve
858 407 1074 459 principium
1093 407 1284 458 Unigenito

302 468 416 517 dares,
432 469 561 521 adjecit
595 472 692 507 Erat
713 472 753 506 in
785 472 973 520 principio
1002 471 1106 519 apud
1125 471 1249 507 Deum
1271 486 1279 506 :

302 530 350 567 ita
374 540 522 569 wternus
545 541 581 567 ut
609 532 729 579 Pater;
750 544 942 580 numquam
965 530 1060 567 enim
1082 531 1206 569 Verbo
1223 545 1284 569 va-

301 606 387 628 cuus
406 591 491 638 suit;
517 592 579 629 sed
610 606 746 642 semper
767 593 862 628 Deus
895 591 990 642 apud
1013 592 1129 629 Deum
1151 591 1220 629 fuit
1248 592 1282 630 111

300 653 443 704 propria
470 653 538 689 sibi
568 652 760 704 hypostasi.
789 652 978 698 Quomodo
1004 667 1107 704 ergo,
1133 653 1284 704 inquies,

300 715 441 767 adjecit,
468 719 514 752 ln
546 716 689 753 mundo
720 724 822 761 erac,
846 715 875 751 si
904 725 978 753 erat
1005 716 1103 768 apud
1140 717 1281 754 Deum?

300 776 392 821 Quia
421 785 454 813 et
487 776 583 828 apud
620 777 735 813 Deum
770 777 865 813 Deus
898 785 985 823 erat,
1013 786 1046 814 et
1078 776 1113 814 in
1148 778 1283 816 mundo

298 846 394 873 erat:
416 837 514 873 nullo
528 836 660 888 quippe
673 836 853 874 clauditur
882 837 1032 875 termino
1061 837 1137 876 sive
1164 839 1280 883 Pater,

297 898 373 935 sive
400 898 523 935 Filius.
546 899 638 936 Nam
662 899 690 936 si
717 900 1003 950 Magnicmlinis
1028 902 1108 951 ejus
1131 914 1207 937 non
1227 910 1280 938 est

1307 600 1329 629 E

291 960 398 1009 sinis,
414 961 464 996 Et
481 961 679 1010 sapientire
699 962 781 1010 ejus
804 974 881 997 non
896 969 951 997 est
970 961 1283 1012 7211171erus,liquet

296 1033 409 1069 neque
440 1020 645 1057 substantia»
674 1020 770 1057 1111115
798 1035 870 1057 esse
907 1020 1048 1058 initium
1078 1022 1279 1073 temporale.

296 1080 448 1126 Audisti,
465 1084 511 1117 In
536 1084 724 1131 principio
738 1082 838 1133 fecit
862 1083 969 1119 Deus
1000 1083 1134 1119 Ocelum
1155 1091 1191 1120 et
1208 1091 1277 1120 ler-

294 1156 376 1178 ram
388 1147 403 1178 Ρ
420 1141 516 1187 Quid
537 1142 671 1193 cogitas
695 1143 739 1179 de
762 1142 827 1179 lioc
843 1142 1045 1194 principio?
1064 1143 1166 1180 Certe
1182 1143 1279 1193 quod

294 1202 366 1238 lime
383 1212 462 1239 ante
482 1202 598 1239 omnia
619 1202 776 1239 visibilia
794 1203 885 1239 facta
904 1202 985 1239 sint.
1006 1202 1065 1239 Sic
1081 1212 1114 1239 et
1131 1217 1213 1240 cum
1235 1203 1280 1241 de

292 1265 485 1314 [ingenito
504 1266 621 1313 audis7
646 1268 693 1303 In
713 1268 904 1316 principio
927 1274 1021 1315 erac,
1038 1275 1118 1303 ante
1146 1266 1280 1304 intelli-

291 1326 415 1375 gibilia
437 1326 554 1364 omnia
574 1336 607 1364 et
626 1335 705 1363 ante
722 1326 849 1363 saecula
874 1325 991 1378 ipsum
1010 1341 1083 1365 esse
1101 1327 1279 1379 intelligas

290 1396 437 1438 oportet.
459 1387 567 1433 Quod
589 1387 616 1425 si
641 1387 721 1437 quis
750 1387 884 1425 dixerit
905 1403 911 1423 :
934 1387 980 1425 Et
999 1388 1178 1438 quomodo
1202 1388 1278 1426 fieri

292 1457 417 1498 potest,
445 1458 484 1485 ut
516 1448 630 1486 Filius
657 1462 739 1486 eum
756 1448 815 1498 sit,
842 1463 911 1486 non
934 1448 979 1486 sit
1000 1449 1123 1500 junior
1149 1450 1276 1487 Patre?

292 1522 371 1545 uani
392 1508 452 1558 qui
470 1524 515 1547 ex
529 1509 649 1560 aliquo
667 1519 730 1559 est,
744 1510 938 1547 necessario
960 1511 1131 1562 posterior
1147 1520 1198 1548 est
1215 1511 1278 1549 illo

290 1583 308 1605 a
324 1583 394 1618 quo
417 1579 468 1606 est
488 1585 494 1605 :
515 1569 821 1620 respondebimus,
842 1570 917 1608 liaec
935 1584 979 1608 ex
998 1570 1163 1609 humanis
1182 1572 1278 1622 cogi-

290 1630 482 1668 tationibus
499 1631 690 1683 proficisci,
704 1640 738 1668 et
761 1645 843 1669 eum
873 1631 935 1682 qui
964 1632 1039 1670 haec
1061 1633 1200 1683 quaerit,
1218 1634 1280 1671 ab-

289 1694 453 1732 surdiora
470 1695 576 1732 etiam
593 1695 826 1746 quaesiturum
846 1710 943 1746 esse;
965 1710 1027 1735 nee
1045 1711 1118 1736 esse
1141 1698 1200 1735 illa
1220 1699 1278 1737 vel

290 1758 436 1795 auribus
470 1758 709 1810 percipienda.
741 1761 794 1796 De
823 1761 897 1797 Deo
924 1759 1058 1812 quippe
1089 1760 1191 1798 nobis
1229 1770 1280 1799 est

290 1833 419 1863 serlus),
439 1833 507 1856 non
524 1819 569 1856 de
584 1819 771 1857 hominum
788 1829 925 1868 natura,
942 1820 1150 1871 hujusmodi
1170 1821 1278 1860 ratio-

289 1879 464 1917 ciniorum
485 1880 741 1930 consequentia}
760 1890 793 1918 et
811 1881 1008 1918 necessitati
1028 1883 1279 1934 subjecta.Ve—

290 1949 486 1978 rumtamen
520 1941 566 1978 ad
598 1941 810 1980 infirmiores
843 1942 1061 1981 roborandos
1090 1945 1278 1997 responde-

289 2001 418 2039 bimus.

343 2368 380 2402 32.
404 2364 471 2402 Die
499 2378 580 2414 ergo
602 2364 689 2401 mibi
718 2380 724 2400 :
757 2364 892 2401 Radius
920 2365 1004 2401 solis
1029 2380 1072 2403 ex
1105 2376 1274 2406 naturane

292 2425 374 2462 solis
395 2425 523 2474 exsilit,
538 2439 582 2462 an
601 2424 771 2462 aliunde?
792 2425 991 2463 Necessario
1011 2427 1204 2477 fatendum,
1221 2430 1274 2466 ni-

292 2486 321 2521 si
350 2486 509 2523 sensibus
537 2485 641 2524 vacui
664 2485 794 2531 simus,
816 2499 861 2522 ex
894 2486 968 2537 ejus
995 2496 1119 2525 natura
1151 2489 1274 2540 prodi-

292 2559 339 2581 re.
367 2545 413 2582 Et
438 2555 553 2583 tamen
573 2547 654 2583 lieet
674 2561 718 2583 ex
741 2547 813 2583 sole
831 2546 951 2584 radius
980 2547 1151 2599 prodeat,
1172 2565 1274 2588 num-
1296 2561 1320 2591 C

292 2621 398 2656 quam
418 2607 575 2644 dicemus
594 2607 713 2659 ipsum
734 2623 805 2645 csse
837 2608 941 2646 solari
962 2618 1086 2647 natura
1108 2612 1276 2663 posterio-

293 2681 368 2704 rem
393 2683 399 2702 :
434 2667 717 2717 quandoquidem
755 2683 951 2719 numquam
981 2670 1031 2707 sol
1065 2671 1140 2709 sine
1175 2673 1276 2711 radio

295 2728 392 2765 visus
411 2737 473 2766 est.
490 2727 596 2773 Quod
612 2728 639 2764 si
657 2728 761 2765 1111115
777 2729 979 2768 visibilibus
1003 2741 1035 2770 ot
1051 2733 1276 2773 sensibilibus

293 2788 478 2840 quidpiam
497 2788 541 2826 sit
560 2787 655 2838 quod
675 2788 718 2825 sit
737 2803 781 2825 ex
807 2790 924 2840 aliquo
942 2822 950 2837 ‚
972 2806 1083 2843 neque
1103 2797 1276 2846 posterius

295 2850 339 2887 sit
355 2849 435 2897 illo3
456 2863 518 2886 eur
537 2849 574 2886 id
594 2863 662 2885 nou
681 2848 793 2886 credis
807 2849 851 2886 de
870 2850 1039 2890 invisibili
1058 2864 1091 2893 et
1104 2856 1277 2895 ineffabili

295 2912 450 2948 natura?
470 2912 572 2948 Certe
595 2910 660 2947 1106
681 2910 797 2962 ipsum
825 2910 873 2947 ita
893 2926 928 2948 56
955 2913 1083 2962 habet,
1111 2927 1150 2954 ut
1177 2919 1275 2956 illam

295 2972 528 3010 substantiam
547 2972 655 3010 decet.
686 2971 838 3022 Ideoque
859 2972 989 3010 Paulus
1011 2990 1050 3012 eo
1077 2977 1193 3028 ipsum
1216 2995 1277 3019 vo.

297 3034 389 3071 eavit
409 3034 561 3081 1101111116,
584 3032 690 3069 simul
708 3031 890 3069 declarans
909 3042 940 3070 et
959 3048 1003 3071 ex
1032 3035 1108 3086 ipso
1135 3048 1167 3075 et
1193 3054 1279 3079 eom-

298 3103 435 3133 tei-num
462 3094 529 3146 ipsi
549 3108 622 3131 esse
638 3123 644 3130 .
662 3092 760 3138 Quid
780 3092 921 3143 igitur?
943 3093 1002 3131 die
1022 3095 1134 3141 mihi,
1164 3113 1278 3139 annon

340 3234 350 3247 ε
374 3225 499 3270 [Savil.
513 3233 545 3257 et
557 3224 641 3258 Cod.
653 3226 716 3258 706
728 3232 785 3270 γὰρ
797 3231 855 3266 καὶ,
869 3230 917 3263 ὡς.

341 3282 353 3304 s
376 3277 492 3310 Morel.
509 3281 599 3314 οὕτως
621 3280 710 3314 ἀίδιος
729 3280 823 3314 δηλῶν
838 3282 885 3314 ὡς.
904 3276 1005 3312 Savil.
1029 3283 1120 3317 οὕτως
1134 3284 1223 3318 ἀίδιος
1251 3287 1299 3320 ὡς.

297 3331 417 3373 [Paulo
431 3338 506 3361 ante
523 3328 660 3372 quidam
678 3333 751 3373 δῳης
765 3341 824 3370 pro
842 3330 921 3372 δῷς.]

340 3383 355 3399 '⁴‘
370 3384 379 3423 [
394 3384 445 3413 Ita
462 3380 562 3413 Savil.
577 3389 609 3412 et
623 3379 730 3413 led.
743 3382 805 3413 705
823 3387 855 3412 et
872 3381 1177 3422 706.1i10ntf.‹-)÷<5;.
1193 3385 1301 3416 Inter-

296 3446 369 3476 μω
395 3433 504 3475 legisse
533 3431 660 3466 vidi-tur
694 3438 766 3466 ωῑόν
789 3441 870 3474 Θεὸς,
905 3432 936 3465 id
965 3434 1057 3476 quod
1086 3435 1190 3469 voluit
1216 3436 1296 3470 sort.

926 3251 947 3259 ..
962 3227 1130 3274 Ευι“ῑ.γάρ,
1148 3233 1185 3267 ὡς
1198 3233 1302 3274 καὶ...]

1029 266 1272 296 CHRYSOST.
1311 266 1521 297 ARCfflEP.
1560 262 1920 297 CONSTANTINOP.

1357 351 1461 386 θοῦσα
1482 351 1624 392 ἀπαθῶς
1650 353 1708 386 τοῦ
1742 348 1897 400 Πατρός.
1923 349 2035 386 Τοῦτο
2052 348 2162 401 εγὰρ,
2192 351 2238 392 ὡς
2269 349 2374 401 ἔφθην

1356 408 1475 457 εἰπὼν,
1513 409 1569 448 διὰ
1597 426 1658 457 της
1689 414 1748 449 τοῦ
1781 410 1893 462 Λόγου
1926 410 2158 464 προσηγορίας
2191 411 2373 457 εὀήλωσεν.

2193 470 2239 485 ¹³.va

1354 468 1493 523 ‘'stom-:p
1509 464 1567 508 οῦν
1586 470 1642 518 τὸ,
1666 471 1726 509 Ἐν
1750 473 1841 524 ἀργῆ
1862 475 1903 518 ἠν
1923 473 1940 508 ὁ
1961 470 2091 523 Λόγος,
2119 472 2158 509 τὸ
2184 484 2291 509 αιοιον
2315 472 2375 518 δη-

1355 533 1408 569 λοῖ
1423 547 1430 555 ·
1450 531 1539 570 οὕτω
1554 532 1614 580 τὸ,
1636 526 1746 576 Οὗτος
1775 536 1816 579 ἠν
1843 534 1877 570 ἐν
1901 535 1992 584 αρχῇ
2015 549 2099 584 προς
2127 533 2184 571 τὸν
2203 532 2305 579 Θεὸν,
2336 533 2375 570 τὸ

1356 591 1526 631 συναΐδιον
1558 597 1642 644 ἡμῖν
1672 593 1842 646 ἐνέφηνεν.
1858 592 1938 631 Ἵνα
1965 592 2032 646 γὰρ
2058 593 2124 644 μὴ,
2157 593 2304 637 ἀκούσας
2323 593 2375 631 ὅτι

1355 653 1416 692 Ἓν
1445 657 1536 707 ἀρχῇ
1557 648 1598 701 ἦν
1619 657 1636 692 ὃ
1656 653 1783 706 Λόγος,
1815 652 1922 691 ἀΐδιον
1948 652 2008 704 μὲν
2037 653 2202 705 νομίσῃς,
2223 652 2374 706 πρεσῧυ-

1353 714 1455 768 τέραν
1477 715 1512 754 δὲ
1533 714 1746 766 διαστήματί
1765 731 1832 753 τινι
1852 719 1910 753 τοῦ
1934 715 2073 767 Πατρὸς
2093 714 2155 761 τὴν
2176 714 2265 760 ζωὴν
2285 718 2372 752 ὓπο-

1353 775 1502 827 πτεύσης
1534 777 1593 814 καὶ
1628 778 1726 814 αἰῶνι
1748 775 1896 824 πλείονι,
1926 775 1986 813 καὶ
2011 778 2061 828 τῷ
2094 777 2280 827 Μονογενεῖ
2309 775 2374 826 δῷς

1355 836 1480 889 ἀρχὴν,
1499 837 1653 889 ἐπήγαγε
1673 837 1729 884 τὸ,
1749 836 1802 875 ο’τι
1820 836 1882 874 [ἓν
1905 838 1996 888 ἀρχῃ
2024 853 2108 889 προς
2134 836 2191 873 τὸν
2208 835 2296 873 Οεον
2317 829 2372 882 ἦν,

1353 895 1483 941 [οὕτως
1504 896 1630 945 ἀίδιος,
1651 901 1697 941 ὡς
1720 898 1848 942 αὐτὸςὸ
1867 898 2078 951 Πατήρ·οὐ
2100 897 2167 972 γὰρ
2182 912 2223 943 ην
2245 896 2371 948 ἕρημος

1353 959 1514 998 οὐδέποτε
1535 965 1594 998 τοῦ
1616 959 1748 1009 Λόγου,
1772 961 1847 998 ἀλλ’
1877 959 2032 1002 ἀειΘεος
2053 975 2137 1012 προς
2157 959 2245 997 Θεον
2267 962 2323 1005 ἠν,
2339 960 2372 996 ἐν

1353 1021 1540 1059 ὑποστάσει
1570 1020 1686 1071 μέντοι
1715 1019 1796 1072 ἰδίᾳ.
1833 1022 1916 1063 Πως
1948 1024 2017 1067 οὖν,
2039 1036 2154 1071 φησιν,
2183 1023 2290 1066 εἶπεν,
2320 1018 2374 1057 σ’τι

1353 1081 1414 1119 Ἔν
1431 1098 1481 1119 τι)
1496 1081 1618 1134 κόσμι)
1640 1086 1695 1129 ἠν,
1712 1082 1743 1119 εἴ
1761 1098 1799 1131 γε
1825 1082 1910 1134 πρὸς
1936 1098 1993 1119 τον
2013 1082 2102 1120 Θεον
2122 1085 2184 1128 ἠν,
2212 1080 2297 1118 εὈτι
2314 1097 2373 1118 και

1351 1142 1437 1194 πρὸς
1455 1143 1512 1180 τὸν
1528 1142 1643 1181 *Θεὸν
1654 1137 1708 1189 ἦν,
1724 1142 1784 1180 καὶ
1799 1145 1832 1181 ἐν
1853 1145 1902 1194 τῷ
1918 1142 2040 1194 κόσμῳ
2054 1137 2109 1188 ἦν.
2122 1143 2288 1193 Οὐδαμοῦ
2304 1141 2372 1193 γὰρ

1351 1207 1582 1253 περατοῦται,
1607 1202 1684 1240 οὔτε
1699 1205 1717 1239 ὃ
1736 1202 1884 1255 Πατὴρ,
1905 1202 1982 1240 οὔτε
1996 1206 2013 1240 ὁ
2028 1202 2122 1246 Υἱός.
2144 1205 2188 1241 1ἰί
2213 1202 2281 1256 γὰρ
2311 1206 2374 1248 τῆς

1352 1261 1599 1313 μεγαλωσύνης
1613 1265 1714 1300 αὐτοῦ
1728 1265 1788 1301 οὐκ
1803 1263 1876 1300 ἔστι
1891 1263 1998 1314 πέρας
2009 1294 2018 1311 ,
2037 1264 2107 1302 Καὶ
2121 1267 2182 1310 τῆς
2206 1264 2373 1306 συνέσεως

1352 1324 1454 1360 αὐτοῦ
1473 1324 1534 1360 οὐκ
1554 1322 1644 1361 ἔστιν
1662 1323 1822 1374 ἀριθμός·
1838 1323 1912 1362 οὐδὲ
1931 1327 1992 1370 τῆς
2018 1323 2134 1367 οὖσίας
2161 1325 2301 1371 εὔδηλον
2318 1324 2371 1363 ὅτι

1351 1383 1443 1436 ἀρχή
1469 1399 1520 1426 τις
1543 1383 1702 1436 χρονική.
1725 1383 1921 1431 Ἤκουσας,
1944 1383 1997 1422 ὅτι
2017 1385 2076 1422 Ἐν
2102 1386 2193 1437 ἀρχῇ
2215 1384 2374 1432 ἐποίησεν

1350 1444 1471 1487 ὁΘεὸς
1496 1444 1553 1482 τὸν
1579 1445 1721 1497 οὐρανὸν
1743 1444 1803 1482 καὶ
1839 1444 1900 1492 τὴν
1931 1444 2078 1496 γ’ῆν;Τί
2106 1451 2190 1488 νοεῖς
2221 1445 2291 1483 ἀπὸ
2311 1448 2374 1491 τῆς

1350 1507 1462 1556 ἀρχῆς
1481 1505 1629 1552 ταύτης,
1651 1504 1806 1552 Εὔδηλον
1827 1505 1880 1544 ὅτι
1897 1506 1936 1544 τὸ
1962 1506 2029 1559 πρὸ
2053 1505 2193 1543 πάντων
2213 1506 2371 1557 γενέσθαι

1350 1565 1438 1603 αὐτὰ
1469 1567 1536 1603 τῶν
1566 1568 1710 1619 ὁρατῶν.
1738 1565 1843 1604 Οὕτω
1873 1566 1932 1605 καὶ
1959 1567 2039 1620 περὶ
2073 1571 2132 1604 τοῦ
2160 1568 2373 1617 Μονογενοῦς

1350 1625 1496 1675 ἀκούων,
1515 1626 1569 1665 ὅτι
1585 1627 1646 1665 Ἐν
1668 1629 1760 1680 ἀρχῇ
1775 1622 1829 1676 ἧν,
1849 1629 1918 1682 πρὸ
1937 1628 2076 1666 πάντων
2094 1627 2197 1665 αὐτὸν
2214 1627 2283 1665 νόει
2303 1630 2372 1665 τῶν

1349 1689 1480 1734 νοητῶν
1500 1687 1560 1726 καὶ
1587 1705 1656 1741 προ
1679 1704 1748 1726 των
1782 1688 1930 1727 αἰώνων.
1958 1691 2003 1727 Εἰ
2025 1688 2060 1726 δὲ
2091 1688 2186 1740 λέγοι
2214 1704 2285 1732 τις·
2315 1687 2374 1726 καὶ

1349 1765 1424 1792 πως
1440 1748 1545 1798 ἔστιν,
1560 1748 1643 1788 Υἱὸν
1672 1749 1754 1787 ὄντα
1775 1749 1822 1800 μὴ
1846 1749 2011 1803 νεώτερον
2033 1754 2119 1788 εἶναι
2138 1753 2197 1787 τοῦ
2212 1749 2375 1802 Πατρός,

1348 1809 1388 1848 τὸ
1406 1809 1474 1863 γὰρ
1503 1810 1542 1848 ἔκ
1559 1827 1648 1853 τινος
1668 1827 1717 1860 ον,
1747 1811 1880 1863 ἀνάγκη
1900 1818 1998 1849 πᾶσα
2031 1827 2171 1862 υστερον
2207 1815 2295 1849 εἶναι
2314 1815 2374 1848 τοῦ

1350 1871 1384 1916 ἐξ
1405 1876 1442 1910 οὑ
1464 1875 1573 1920 ἐ,στιν
1597 1874 1753 1925 ἐροῦμεν,
1785 1872 1838 1911 ότι
1872 1873 2025 1923 μάλιστα
2056 1871 2117 1923 μὲν
2150 1875 2261 1909 ταῦτα
2285 1877 2299 1892 ³
2315 1873 2373 1910 λο-

1347 1936 1483 1984 γισμῶν
1516 1904 1739 1986 ἀνθρωπίνων
1772 1933 1844 1972 ἐστί
1857 1949 1864 1956 ·
1892 1933 1952 1971 καὶ
1985 1935 2003 1971 ὁ
2027 1938 2126 1971 τοῦτο
2158 1935 2282 1980 ζητῶν,
2313 1932 2373 1970 καὶ

1348 1993 1450 2046 ἕτερα
1468 1993 1597 2032 τούτων
1626 1993 1830 2048 ἀτοπώτερα
1857 1994 1998 2041 ζητήσει
2011 2010 2018 2018 ·
2036 1993 2095 2032 καὶ
2124 1993 2199 2033 οὐδὲ
2221 1997 2263 2046 τῇ
2284 1997 2370 2045 ἀκοῇ

1347 2055 1391 2093 τὰ
1426 2060 1569 2094 τοιαῦτα
1601 2056 1862 2109 παραδέχεσθαι
1896 2056 1976 2094 ἔδει.
1997 2055 2086 2109 Περὶ
2103 2057 2194 2093 Θεοῦ
2218 2053 2286 2107 γὰρ
2311 2059 2368 2093 νῦν
2389 2105 2391 2107 q

1346 2121 1430 2168 ἡμῖν
1459 2120 1476 2155 ὁ
1505 2116 1603 2169 λόγος
1625 2117 1729 2166 ἐστὶν,
1749 2121 1787 2156 οὐ
1804 2117 1884 2170 περὶ
1912 2121 1974 2164 τῆς
1998 2120 2066 2154 τῶν
2094 2115 2284 2169 ἀνθρώπων
2312 2115 2372 2168 φύ-

1346 2193 1449 2226 σεως,
1469 2177 1698 2228 ὑποκειμένης
1715 2181 1758 2229 τῇ
1778 2180 1846 2216 τῶν
1870 2180 2047 2230 λογισμῶν
2067 2176 2197 2215 τούτων
2226 2179 2372 2215 ἀκολου-

1342 2238 1402 2292 θίᾳ
1437 2255 1474 2276 τε
1510 2238 1570 2276 καὶ
1604 2238 1751 2290 ἀνάγκη.
1784 2239 1884 2286 Πλὴν
1914 2239 1988 2276 ἀλλ’
2022 2236 2109 2291 ὑπὲρ
2137 2238 2374 2290 πληροφορίας

1342 2302 1410 2337 τῶν
1440 2299 1704 2351 ἀσθενεστέρων,
1719 2299 1779 2337 καὶ
1799 2300 1883 2353 πρὸς
1903 2303 2013 2337 ταῦτα
2031 2301 2187 2350 ἐροῦμεν.

1396 2369 1485 2408 Εἰπὲ
1504 2370 1571 2422 γάρ
1597 2386 1672 2420 μοι,
1694 2370 1734 2408 τὸ
1762 2369 1979 2421 ἀπαύγασμα
1998 2372 2059 2407 τοῦ
2089 2367 2187 2415 ἡλίου
2212 2367 2246 2412 ἐξ
2265 2370 2372 2415 αὐτῆς

1345 2432 1480 2482 ἐκπηδᾷ
1493 2434 1554 2477 τῆς
1568 2434 1627 2469 τοῦ
1647 2430 1746 2477 ἡλίου
1759 2430 1890 2483 φύσεως
1901 2430 1943 2476 ,ἢ
1957 2430 2098 2469 ἄλλοθέν
2109 2434 2211 2468 ποθεν
2220 2446 2229 2477 ;
2246 2429 2369 2481 Ἀνάγ·

1345 2509 1390 2539 κη
1422 2500 1519 2530 πᾶσα
1540 2495 1754 2544 ὁμολογῆσαι
1772 2493 1829 2531 τὸν
1855 2492 1903 2543 μὴ
1923 2493 1983 2530 καὶ
2010 2491 2072 2535 τὰς
2099 2491 2274 2537 αἰσθήσεις
2302 2507 2370 2529 πε-

1345 2553 1565 2606 πηρωμένον,
1588 2553 1640 2591 ὅτι
1659 2552 1693 2597 ἐξ
1722 2556 1838 2600 αὐτῆς.
1859 2554 1950 2591 Ἀλλ’
1967 2552 2060 2604 ὅμως
2079 2552 2139 2590 καὶ
2157 2551 2189 2596 ἐξ
2210 2554 2312 2590 αὐτοῦ
2335 2551 2370 2589 ὂν

1346 2620 1404 2652 τοῦ
1419 2614 1518 2661 ἡλίου
1538 2615 1577 2653 τὸ
1607 2613 1844 2666 ἀπαύγασμα,
1867 2616 1928 2652 οὐκ
1954 2614 1993 2651 ἀν
2020 2629 2104 2652 ποτε
2123 2612 2263 2664 ὕστερον
2285 2606 2371 2650 εἶναι

1347 2675 1497 2727 φαίημεν
1508 2679 1570 2722 τῆς
1582 2677 1731 2721 ἡλιακῆς
1746 2674 1889 2727 φύσεως,
1902 2673 2019 2721 ἐπειδὴ
2037 2673 2124 2725 μηδὲ
2138 2673 2246 2726 χωρὶς
2261 2675 2371 2711 ἀπαυ-

1346 2737 1525 2788 γοίσματος
1549 2736 1646 2783 ἥλιος
1665 2736 1772 2788 ἐφάνη
1788 2734 1883 2773 ποτέ.
1908 2737 1951 2774 Εἰ
1976 2735 2011 2774 δὲ
2031 2735 2088 2774 ἐπὶ
2109 2738 2178 2772 τῶν
2195 2735 2369 2785 σωμάτων

1345 2800 1473 2838 τούτων
1499 2801 1567 2836 τῶν
1590 2801 1722 2850 ὁρατῶν
1746 2796 1805 2834 καὶ
1839 2798 2024 2843 αἰσθητῶν,
2042 2796 2102 2834 καὶ
2129 2798 2167 2833 ἐκ
2196 2796 2287 2839 τινὸς
2306 2795 2342 2833 ὂν
2360 2825 2370 2843 ,

1346 2860 1405 2898 καὶ
1424 2861 1489 2911 οὐχ
1507 2858 1647 2910 ὕστερον
1668 2858 1701 2901 ἐξ
1718 2851 1756 2896 οὗ
1779 2861 1869 2896 ἐστιν
1886 2857 1992 2909 ἐφάνη
2015 2872 2049 2894 τι
2071 2856 2119 2903 ὂν,
2149 2855 2183 2893 τί
2214 2858 2371 2900 ἀπιστεῖς

1345 2921 1402 2961 ἐπὶ
1419 2925 1481 2967 τῆς
1503 2920 1650 2972 ἀοράτου
1678 2920 1737 2957 καὶ
1753 2919 1901 2972 ἀῤῥήτου
1931 2919 2082 2970 φύσεως;
2116 2917 2196 2956 ι’Τὸ
2227 2919 2310 2957 αὐτὸ
2329 2917 2370 2965 δὴ

1345 2981 1444 3021 τοῦτό
1460 2984 1549 3020 ἐστιν
1565 2980 1684 3026 οὕτως,
1703 2983 1749 3023 ὡς
1765 2979 1877 3030 ἐκείνῃ
1899 2981 1942 3029 τῇ
1961 2979 2059 3033 οὐσίᾳ
2079 2979 2210 3033 πρέπον
2231 2974 2286 3026 ἦν.
2303 2978 2371 3017 Διὰ

1346 3043 1413 3095 γάρ
1435 3059 1488 3081 τοι
1503 3047 1602 3080 τοῦτο
1617 3041 1704 3079 καὶὸ
1724 3042 1860 3083 Παῦλος
1883 3040 1984 3078 αὐτὸν
2004 3040 2109 3083 οὕτως
2129 3040 2292 3088 ἐκάλεσε,
2309 3040 2369 3077 καὶ

1348 3104 1387 3142 τὸ
1409 3103 1442 3147 ἐξ
1471 3105 1572 3140 αὐτοῦ
1593 3102 1652 3140 καὶ
1679 3102 1718 3140 τὸ
1737 3099 1908 3139 συναΐδιον
1927 3104 2119 3153 παριστῶν.
2142 3101 2189 3140 Τί
2219 3100 2255 3138 δέ
2262 3115 2272 3150 3
2293 3099 2369 3138 εἶπέ

1369 3233 1512 3276 Montf.]

1412 3296 1426 3310 ¹¹
1450 3284 1595 3325 Quidam
1615 3289 1759 3328 λογισμῶν
1775 3289 1951 3331 ἀνθρώπων.

1412 3338 1427 3361 b
1452 3339 1513 3370 llic
1529 3345 1562 3369 et
1583 3336 1661 3370 alibi
1678 3339 1793 3370 seriem
1820 3336 2012 3370 mutandam
2030 3335 2192 3368 ineassum
2211 3334 2369 3377 proponit

1367 3388 1502 3422 Boisius.
