2522 3683
364 220 456 283 596
824 213 882 266 s
920 234 1100 267 JoANNts
1135 233 1378 266 cunvsos‘r.

361 317 561 367 tendamus,
595 318 624 355 si
662 317 762 355 illam
790 317 1018 356 dilectionem
1050 317 1263 356 intueamur.
1302 318 1350 355 Et

361 378 447 430 quid
473 378 570 428 dico,
596 378 641 416 de
665 379 899 431 praesentibus
919 379 1021 416 malis
1035 393 1104 417 non
1125 378 1349 416 dolebimus?

361 441 485 491 Neque
517 440 579 478 illa
613 450 733 493 postea
763 440 886 479 videre
917 440 1136 492 putabimus.
1173 440 1273 477 Talis
1300 447 1350 476 est
1370 452 1394 482 c

361 502 497 554 quippe
518 516 630 540 amor.
654 502 738 539 Illos
757 501 851 539 enim
878 501 937 552 qui
959 502 1117 538 absentes
1140 509 1238 549 sunt,
1263 514 1350 550 quos

363 578 538 611 amamus,
566 563 724 613 quotidie
754 563 993 614 imaginamur
1021 579 1029 598 :
1058 577 1186 613 magna
1219 562 1352 613 quippe

365 634 414 663 est
432 625 632 662 dilectionis
661 624 839 676 tyrannis,
863 624 909 661 ab
928 623 1092 661 omnibus
1119 623 1297 672 abscedit,
1321 631 1354 660 et

263 686 354 715 Amor
365 695 488 722 amatae
509 687 560 722 rei
579 685 736 722 animam
758 683 913 736 colligat.
931 685 969 723 Si
986 685 1033 722 ita
1055 684 1237 721 Christum
1257 697 1355 721 ama-

167 730 277 758 Christi
312 739 355 755 re·

166 782 232 799 rum
267 777 358 798 terre-

168 807 544 879 nanssmcon-somnium
569 807 789 846 viderentur.
822 807 1028 845 Dicercmus
1062 815 1096 844 et
1128 820 1189 843 nos
1217 821 1225 841 z

168 860 226 881 lem
244 865 291 881 um
308 863 354 889 pa-

167 896 217 921 ril-

172 944 259 972 an.
283 944 313 974 8.

169 984 222 1014 35.

177 2302 289 2332 Mauh.
309 2300 339 2330 5.

178 2353 228 2373 20.

366 760 506 795 remus,
535 746 653 784 omnia
675 746 734 783 hic
752 746 853 783 nobis
873 746 1017 794 umbra,
1045 745 1163 782 omnia
1185 745 1302 794 imago
1325 753 1358 782 ct

1264 806 1358 855 Quis

368 883 436 907 nos
452 871 646 922 separabit
664 883 688 906 α
704 871 867 906 caritate
886 869 1031 905 Christi
1043 871 1059 903 Ρ
1074 867 1275 904 tribulatio
1291 865 1360 902 vel

367 935 574 984 angustia?
596 933 675 970 Non
706 931 817 980 dixit,
840 931 1003 982 pecunia,
1026 929 1181 978 divitiae,
1206 938 1267 965 aut
1286 928 1357 965 sor-

366 1010 423 1033 ma
442 996 537 1044 (haec
551 995 684 1047 quippe
701 994 894 1031 admodum
916 992 1004 1030 vilia
1027 1000 1108 1029 sunt
1124 1000 1156 1029 et
1173 990 1355 1038 ridicula),

365 1056 426 1094 sed
442 1071 518 1106 quae
543 1055 667 1106 gravia
687 1054 854 1092 videntur
867 1066 940 1090 esse
959 1051 1095 1103 posuit,
1113 1051 1242 1087 samem
1254 1080 1264 1096 ,
1281 1064 1358 1101 per-

1419 233 1628 268 ARcmEP.
1667 236 2014 269 CONSTANTINOP
2023 259 2032 270 .

1418 317 1494 356 οὔτε
1517 319 1645 371 ἐπᾶραι
1664 319 1868 368 δυνήσεται,
1890 319 1991 371 μόνον
2013 319 2052 357 ἂν
2073 319 2154 358 ὃτὸν
2170 319 2274 358 πόθον
2293 321 2364 359 ἐκεῖ
2376 319 2446 359 τεί-

1417 394 1543 430 νωμεν,
1561 379 1600 418 ἂν
1621 380 1706 433 πρὸς
1740 380 1799 428 τὴν
1823 381 1962 432 ἀγάπην
1984 380 2116 427 ἐκείνην
2140 379 2337 431 βλέπωμεν.
2375 381 2446 420 Καὶ

1417 439 1451 477 τί
1471 440 1579 491 λέγω,
1611 443 1671 479 οὐκ
1694 441 1890 493 ἀλγήσομεν
1910 447 1980 485 τοῖς
2005 446 2153 495 παροῦσι
2184 442 2321 488 δεινοῖς;
2350 441 2444 480 Οὔτε

1418 501 1485 552 γὰρ
1511 504 1591 553 ὁρᾷν
1620 501 1759 552 δόξομεν
1780 501 1866 539 αὐτὰ
1890 502 2023 540 λοιπόν.
2043 504 2208 541 Τοιοῦτον
2225 501 2293 554 γάρ
2314 504 2404 540 ἐστιν
2428 504 2446 539 ὃ

1420 561 1517 615 ἔρως.
1538 561 1629 606 Τοὺς
1648 568 1726 614 γοῦν
1749 562 1796 614 μὴ
1828 562 2074 614 συμπαρόντας
2100 566 2205 612 ἡμῖν,
2232 564 2306 599 ἀλλ’
2339 561 2451 600 ἀπόν-

1421 640 1482 667 τας
1494 655 1503 671 ,
1522 624 1752 674 ποθουμένους
1769 624 1803 663 δὲ
1817 655 1826 672 ,
1843 625 1920 662 καθ’
1946 623 2096 670 ἑκάστην
2117 623 2362 675 φανταζόμεθα
2382 622 2446 670 τὴν

1423 684 1573 737 ἡμέραν.
1601 685 1750 737 Μεγάλη
1775 685 1843 738 γὰρ
1866 687 1929 731 τῆς
1959 684 2096 735 ἀγάπης
2114 688 2136 731 ἡ
2159 683 2337 736 τυραννίς·
2357 684 2451 722 πάν-

1424 762 1492 784 των
1514 745 1699 797 ἀφίστησι,
1717 746 1776 784 καὶ
1797 748 1845 798 τῷ
1857 744 2060 796 ποθουμένῳ
2076 746 2286 798 προσδεσμεῖ
2306 744 2368 790 τὴν
2386 746 2450 796 ψυ-

1425 807 1505 858 χήν.
1525 805 1586 844 Ἂν
1613 806 1700 844 οὕτω
1726 808 1782 845 τὸν
1805 807 1955 859 Χριστὸν
1978 805 2236 856 ἀγαπήσωμεν,
2265 805 2381 844 πάντα
2409 804 2453 843 τὰ

1426 869 1571 905 ἐνταῦθα
1594 868 1695 915 σκιὰ,
1715 867 1831 906 πάντα
1849 866 1949 905 εἰκὼν
1968 873 2124 919 φανεῖται
2144 866 2204 903 καὶ
2220 866 2314 919 ὄναρ.
2331 866 2453 918 Ἐροῧ·

1427 944 1487 978 μεν
1521 929 1580 966 καὶ
1623 933 1724 979 ἡμεῖς
1738 945 1745 952 ·
1767 929 1832 972 Τίς
1864 932 1958 979 ἡμᾶς
1979 927 2125 980 χωρίσει
2145 927 2214 965 ἀπὸ
2237 929 2299 973 τῆς
2316 927 2454 978 ἀγάπης

1423 993 1483 1026 τοῦ
1508 989 1677 1040 Χριστοῦ;
1698 988 1810 1040 θλίψις
1830 989 1851 1035 ἢ
1873 989 2104 1041 στενοχωρία,
2127 990 2202 1026 Οὐκ
2236 982 2330 1034 εἶπε,
2359 987 2453 1040 χρή-

1427 1063 1541 1097 ματα,
1571 1048 1593 1095 ἢ
1614 1051 1760 1092 πλοῦτος
1774 1080 1783 1097 ,
1809 1049 1831 1095 ἢ
1853 1050 1979 1093 κάλλος
1998 1053 2131 1097 (ταῦτα
2150 1048 2217 1101 γὰρ
2235 1049 2366 1101 σφόδρα
2396 1051 2454 1086 εὐ-

364 1117 587 1167 scquutiones
600 1146 609 1165 ,
635 1125 777 1153 mortes.
799 1114 909 1165 Atqui
932 1113 993 1150 ille
1012 1113 1090 1150 haec
1112 1121 1152 1166 ut
1177 1111 1282 1148 nihili
1304 1124 1360 1148 re·
1380 1128 1404 1156 D
1425 1111 1508 1155 τελῆ
1529 1109 1589 1147 καὶ
1609 1110 1875 1160 καταγέλαστα)
1890 1125 1898 1133 ·
1923 1110 2011 1148 ἀλλὰ
2028 1110 2072 1148 τὰ
2094 1111 2257 1148 δοκοῦντα
2278 1113 2364 1147 εἰναι
2386 1111 2455 1160 βα-

365 1177 480 1229 spuit;
500 1191 562 1214 nos
575 1190 659 1214 vero
679 1185 823 1228 propter
850 1174 1017 1226 pecunias
1037 1188 1056 1211 a
1072 1167 1147 1212 vita
1164 1180 1283 1210 nostra
1302 1185 1357 1209 se-

365 1252 536 1290 paramur
560 1247 593 1275 et
614 1252 633 1275 a
650 1238 742 1275 luce.
773 1236 821 1273 Et
845 1236 977 1273 Paulus
1007 1234 1152 1285 quidem
1177 1247 1247 1271 non
1267 1247 1360 1270 mor-

367 1310 450 1349 tem,
470 1314 538 1338 non
553 1300 679 1343 vitam,
696 1312 764 1336 non
779 1297 945 1336 instantia
960 1311 1072 1347 neque
1087 1297 1207 1333 futura
1217 1325 1229 1345 ,
1247 1309 1361 1345 neque

366 1373 562 1401 creaturam
588 1362 694 1399 aliam
722 1360 949 1413 praeponebat
970 1360 1045 1411 ejus
1062 1357 1245 1396 dilectioni
1269 1372 1276 1393 :
1297 1370 1359 1394 nos

365 1434 484 1463 autem
504 1425 531 1462 si
555 1423 736 1461 tantillum
755 1422 832 1459 auri
852 1421 1050 1469 videamus,
1071 1418 1307 1467 incendimur,
1327 1427 1360 1455 et

367 1486 500 1524 Christi
525 1487 618 1537 leges
645 1485 833 1521 calcamus.
850 1483 958 1529 Quod
972 1483 1001 1520 si
1014 1482 1091 1520 haec
1105 1481 1203 1519 dictu
1227 1494 1297 1518 non
1311 1480 1361 1517 fe-

366 1546 474 1584 renda
506 1556 605 1595 sunt,
631 1546 734 1596 longe
767 1545 887 1582 minus
916 1544 1025 1581 factu.
1052 1543 1099 1580 Et
1126 1542 1223 1593 quod
1254 1555 1362 1593 grave

367 1616 418 1643 est
430 1637 439 1655 ,
456 1607 532 1644 haec
547 1606 730 1644 audientes
745 1604 995 1651 horrescimus,
1014 1603 1179 1640 facientes
1195 1616 1263 1640 non
1277 1602 1361 1639 hor-

367 1667 553 1716 rescimus,
571 1666 632 1703 sed
644 1665 937 1717 facilejuramus,
954 1664 1169 1716 pejeramus,
1183 1663 1361 1716 rapimus,

369 1743 494 1767 usuras
507 1727 696 1778 exigimus,
715 1725 965 1764 continentiam
982 1724 1209 1775 negligimus,
1221 1724 1266 1760 al)
1283 1737 1361 1761 ora-

368 1791 462 1829 tione
487 1789 637 1827 scrventi
653 1788 871 1837 desistimus,
895 1795 1154 1839 praeceptorum
1166 1784 1361 1822 maximam

1429 1169 1489 1220 ρέα
1507 1169 1657 1217 τέθεικε,
1673 1170 1807 1221 λιμοὺς,
1823 1169 2015 1222 διωγμοὺς,
2030 1170 2206 1213 θανάτους.
2223 1163 2313 1208 Εἶτα
2331 1172 2457 1214 ἐκεῖνος

1428 1229 1489 1281 μὲν
1519 1233 1564 1274 ὡς
1591 1230 1684 1269 οὐδὲν
1716 1231 1798 1269 ὄντα
1830 1232 1889 1269 καὶ
1924 1236 2035 1269 ταῦτα
2068 1231 2246 1269 διέπτυσεν
2261 1246 2268 1254 ·
2287 1235 2389 1282 ἡμεῖς
2422 1229 2457 1269 δὲ

1427 1291 1483 1329 διὰ
1501 1292 1672 1344 χρήματα
1686 1292 1908 1345 χωριζόμεθα
1919 1295 1981 1339 τῆς
1996 1293 2086 1338 ζωῆς
2105 1295 2168 1338 τῆς
2183 1291 2357 1344 ἡμετέρας
2369 1321 2378 1338 ,
2399 1291 2459 1329 καὶ

1425 1357 1484 1391 τοῦ
1499 1353 1610 1405 φωτὸς
1634 1353 1906 1405 ἀποσχιζόμεθα.
1925 1353 1993 1391 Καὶ
2007 1355 2145 1396 Παῦλος
2161 1352 2221 1403 μὲν
2244 1353 2281 1390 οὐ
2299 1352 2457 1400 θάνατον,

1426 1413 1502 1452 οὐδὲ
1538 1414 1641 1462 ζωὴν,
1665 1414 1742 1453 οὐδὲ
1768 1416 1963 1462 ἐνεστῶτα,
1998 1417 2035 1453 οὐ
2068 1414 2259 1465 μέλλοντα,
2282 1416 2319 1451 οὐ
2345 1413 2456 1451 κτίσιν

1427 1474 1546 1527 ἑτέραν
1568 1482 1723 1528 προτιμᾷ
1744 1479 1808 1522 τῆς
1827 1478 1874 1519 εἷς
1900 1475 2000 1513 αὐτὸν
2018 1475 2155 1526 ἀγάπης
2169 1490 2176 1497 ·
2195 1479 2297 1525 ἡμεῖς
2320 1474 2356 1513 δὲ
2374 1490 2459 1526 χρυ-

1428 1535 1500 1574 σίον
1521 1536 1635 1588 ὀλίγον
1664 1537 1702 1574 ἂν
1726 1537 1877 1588 ἴδωμεν,
1910 1535 2121 1587 ε’κκαιόμεθα
2158 1535 2218 1573 καὶ
2246 1534 2323 1579 τοὺς
2357 1538 2459 1573 αὐτοῦ

1428 1601 1603 1647 πατοῦμεν
1625 1597 1762 1647 νόμους.
1788 1599 1830 1635 Εἰ
1854 1596 1889 1636 δὲ
1909 1599 1971 1635 οὐκ
1990 1596 2118 1635 ἀνεκτὰ
2137 1602 2247 1635 ταῦτα
2265 1596 2436 1648 λεγόμενα
2449 1626 2459 1644 ,

1428 1660 1546 1709 πολλῷ
1585 1661 1715 1709 μᾶλλον
1737 1661 1850 1697 ἐκεῖνα
1887 1658 1935 1709 μὴ
1963 1659 2139 1710 γινόμενα.
2160 1658 2213 1695 Τὸ
2245 1657 2313 1710 γὰρ
2351 1658 2457 1696 δεινὸν

1429 1719 1526 1757 τοῦτό
1546 1722 1651 1767 ἐστιν,
1671 1719 1723 1758 ὅτι
1749 1720 1927 1764 ἀκούοντες
1951 1719 2012 1770 μὲν
2029 1719 2227 1771 φρίττομεν,
2246 1719 2459 1772 πράττοντες

1429 1779 1464 1817 δὲ
1493 1782 1529 1817 οὐ
1556 1780 1754 1833 φρίττομεν,
1789 1781 1879 1819 ἀλλὰ
1919 1781 1979 1818 καὶ
2014 1780 2164 1831 ὅμνυμεν
2195 1780 2363 1829 εὐκόλως,
2398 1781 2458 1819 καὶ

370 1862 506 1905 partem
529 1850 825 1902 transgredimur,
842 1848 1072 1901 pecuniarum
1092 1861 1196 1885 causa
1218 1846 1360 1884 nullum
1383 1857 1406 1886 F.
1429 1844 1675 1894 ἕπῑθρκοῧμεν,
1723 1842 1782 1879 καὶ
1825 1841 2024 1894 ἇρπάζῡμεν
2038 1870 2047 1887 ‚
2083 1841 2143 1879 καὶ
2173 1840 2293 1884 τόκους
2317 1841 2459 1879 ἡᾶπαι-

371 1915 614 1952 mcmbrorum
663 1921 864 1950 nostrorum
908 1924 1085 1947 curamus.
1124 1909 1360 1946 Pecuniarum

371 1977 465 2014 enim
488 1985 623 2013 amator
645 1974 758 2012 millia
782 1973 947 2025 proximo
970 1972 1096 2009 inferet
1114 1971 1219 2019 mala,
1234 1980 1268 2008 et
1290 1970 1359 2008 sibi

373 2051 513 2088 quoque
536 2052 543 2072 :
571 2037 740 2074 irascetur
766 2035 887 2084 facile,
921 2033 1195 2081 convitiabitur,
1221 2033 1358 2069 fatuum

372 2097 583 2149 appellabit,
597 2096 747 2148 jurabit,
767 2095 960 2149 pejerabit,
981 2108 1093 2144 neque
1110 2094 1238 2132 veteris
1253 2094 1359 2131 etiam

372 2159 459 2210 legis
472 2159 618 2196 modum
632 2157 788 2196 servabit
810 2172 818 2193 z
839 2155 900 2206 qui
916 2155 1010 2193 enim
1027 2169 1154 2192 aurum
1169 2164 1275 2203 amat,
1290 2169 1360 2192 non

372 2220 506 2258 amabit
525 2219 742 2272 proximum.
764 2216 872 2268 Atqui
892 2231 954 2254 nos
972 2216 1079 2253 etiam
1100 2215 1263 2253 inimicos
1280 2230 1362 2267 pro-

372 2291 451 2333 pter
469 2294 617 2331 regnum
635 2279 801 2317 caelorum
817 2291 936 2314 amare
950 2277 1130 2329 jubemur.
1149 2278 1241 2315 Nam
1257 2277 1286 2313 si
1302 2290 1363 2315 ve-

376 2351 446 2379 tera
466 2349 638 2393 praecepta
661 2338 835 2377 servando
848 2368 858 2387 ,
878 2351 947 2374 non
966 2337 1158 2388 poterimus
1179 2337 1311 2374 intrare
1327 2337 1363 2374 in

373 2416 520 2453 regnum
540 2401 726 2449 caelorum,
750 2401 816 2438 nisi
839 2398 1074 2437 abundaverit
1088 2399 1226 2450 justitia
1245 2408 1363 2436 nostra

1428 1906 1552 1952 τοῦμεν
1574 1932 1584 1950 ,
1629 1902 1687 1940 καὶ
1729 1901 1952 1955 σωφροσύνης
1994 1903 2212 1952 ἀμελοῦμεν,
2249 1901 2310 1939 καὶ
2358 1903 2461 1953 εὐχῆς

1429 1962 1683 2014 ἀκριὸεστάτης
1720 1962 1979 2015 ἀφεστήκαμεν,
2010 1962 2071 2000 καὶ
2107 1961 2152 2000 τὰ
2179 1961 2321 2000 πλείονα
2346 1978 2462 2016 παρα·

1428 2023 1590 2075 ὅαίνομεν
1615 2026 1683 2061 τῶν
1722 2023 1994 2076 ἐπιταγμάτων,
2031 2023 2090 2061 καὶ
2121 2022 2314 2075 χρημάτων
2347 2022 2460 2061 ἕνεκεν

1426 2087 1494 2121 τῶν
1538 2086 1651 2135 μελῶν
1691 2087 1759 2123 τῶν
1796 2085 1975 2138 ἡμετέρων
2015 2084 2136 2123 οὐδένα
2172 2084 2363 2135 ποιούμεθα
2396 2083 2460 2121 λό-

1427 2162 1498 2196 γον.
1535 2145 1578 2184 Ὁ
1598 2145 1666 2199 γὰρ
1704 2145 1898 2198 χρημάτων
1932 2148 2043 2197 ε’ρῶν,
2087 2146 2195 2199 μυρία
2222 2146 2279 2184 τὸν
2313 2144 2461 2191 πλησίον

1430 2206 1586 2253 διαθήσει
1619 2206 1734 2254 κακὰ,
1769 2206 1829 2244 καὶ
1855 2207 1976 2245 ἑαυτὸν
2008 2209 2083 2257 μετ’
2117 2207 2257 2245 ἐκείνου.
2296 2207 2365 2244 Καὶ
2394 2205 2462 2258 γὰρ

1430 2269 1596 2320 ὐργιεῖται
1617 2266 1763 2318 ῥᾳδίως,
1783 2267 1843 2305 καὶ
1874 2267 2135 2319 λοιδορήσεται,
2163 2266 2222 2304 καὶ
2264 2267 2378 2319 μωρὸν
2404 2282 2462 2303 κα-

1431 2328 1543 2375 λέσει,
1580 2328 1639 2366 καὶ
1670 2330 1827 2379 ὀμεῖται,
1855 2327 1914 2366 καὶ
1949 2329 2170 2381 ἐπιορκήσει,
2206 2328 2265 2366 καὶ
2304 2327 2379 2366 οὐδὲ
2403 2332 2463 2366 τοῦ

1432 2391 1583 2428 παλαιοῦ
1602 2389 1646 2427 τὰ
1664 2389 1774 2443 μέτρα
1797 2388 1812 2409 ¹³
1824 2390 1978 2442 διατηρεῖ
1993 2389 2118 2441 νόμου·
2140 2392 2177 2428 οὐ
2198 2389 2266 2442 γὰρ
2284 2390 2462 2440 ἀγαπήσει

373 2464 455 2516 plus
483 2477 589 2513 quam
624 2462 863 2512 illorumtqui
889 2461 950 2498 illa
982 2474 1122 2510 quoque
1147 2459 1363 2511 transgredi—
1374 2482 1421 2509 524
1433 2452 1489 2489 τὸν
1522 2450 1668 2497 πλησίον
1696 2454 1713 2488 ὃ
1734 2451 1773 2489 τὸ
1806 2451 1948 2504 χρυσίον
1985 2454 2143 2503 ἀγαπῶν·
2183 2450 2307 2489 Καίτῡῑ
2331 2467 2371 2502 ΥΞ
2402 2450 2463 2489 καὶ

376 2538 477 2572 mur,
498 2538 605 2574 quam
630 2523 841 2560 habebimus
870 2521 1135 2559 defensionem?
1156 2521 1230 2569 Qui
1254 2535 1363 2573 pecu-
1388 2520 1413 2549 Λ
1434 2517 1535 2563 ἡμεῖς
1557 2511 1617 2550 καὶ
1635 2511 1714 2555 τοὺς
1734 2512 1876 2564 ἐχθροὺς
1896 2512 2106 2563 Χελευόμεθα
2126 2512 2183 2550 διὰ
2203 2511 2266 2558 τὴν
2284 2511 2462 2563 βασιλείαν

378 2584 454 2621 nias
475 2594 589 2632 amat,
606 2598 676 2622 non
698 2583 804 2621 modo
826 2583 1011 2620 inimicum
1039 2597 1108 2621 non
1133 2582 1285 2633 amabit,
1305 2582 1367 2620 scd

380 2646 483 2683 etiam
504 2647 626 2684 amicis
645 2656 684 2684 ut
702 2646 856 2684 inimicis
869 2655 1001 2685 utetur.

439 2938 475 2974 4.
506 2936 642 2986 Ecquid
660 2936 749 2986 dico,
777 2937 923 2975 amicis?
943 2938 1177 2975 Pecuniarum
1198 2948 1369 2976 amatores

388 3000 499 3051 ipsam
526 2996 734 3047 quandoque
769 3007 929 3035 naturam
961 2999 1179 3049 ignorarunt.
1208 3001 1274 3037 Ille
1301 3014 1370 3037 non

387 3059 631 3110 cognationem
648 3057 767 3105 novit,
787 3071 853 3094 non
872 3059 1136 3096 consuetudinis
1149 3060 1371 3108 recordatur,

389 3135 456 3158 non
477 3128 613 3157 aetatcm
633 3127 827 3165 reveretur,
843 3118 980 3155 nullum
998 3119 1104 3157 habet
1124 3122 1291 3169 amicum,
1311 3121 1373 3159 scd

1435 2575 1556 2625 φιλεῖν.
1574 2575 1618 2611 Εἰ
1635 2572 1703 2625 γὰρ
1724 2572 1767 2610 τὰ
1790 2573 1925 2611 παλαιὰ
1946 2572 2169 2625 ἐπιτάγματα
2187 2575 2409 2625 πληροῦντες,
2427 2574 2466 2610 οὐ

1437 2634 1656 2685 δυνησόμεθα
1679 2634 1843 2680 ἐπιὸἧναι
1858 2638 1919 2680 τῆς
1942 2634 2119 2685 βασιλείας
2133 2637 2200 2672 τῶν
2220 2636 2385 2687 οὐρανῶν,
2406 2633 2464 2672 ἐὰν

1439 2695 1487 2746 μὴ
1510 2694 1718 2747 περισσεύσῃ
1739 2698 1759 2740 ἡ
1785 2694 1984 2741 δικαιοσύνη
2005 2698 2105 2745 ἡμῶν
2126 2695 2230 2733 πλέον
2253 2695 2411 2733 ἐκείνων·
2434 2697 2465 2733 οἱ

1438 2756 1498 2794 καὶ
1517 2759 1630 2794 ἐκεῖνα
1661 2755 1955 2809 παραὸαίνοντες,
1988 2755 2078 2798 τίνος
2107 2756 2298 2806 τευξόμεθα
2332 2757 2466 2794 ἀπολο-

1440 2816 1540 2868 γίας;
1561 2815 1605 2853 Ὁ
1624 2816 1817 2868 χρημάτων
1839 2819 1938 2868 ἐρῶν,
1958 2818 1995 2854 οὐ
2017 2815 2118 2866 μόνον
2135 2816 2275 2869 ἐχθροὺς
2294 2819 2355 2855 οὐκ
2375 2819 2468 2868 ἀγα-

1441 2876 1566 2924 πήσει,
1587 2876 1677 2915 ἀλλὰ
1696 2877 1755 2914 καὶ
1777 2876 1887 2928 φίλοις
1913 2879 1959 2920 ὡς
1986 2879 2119 2929 ἐχθροῖς
2138 2878 2320 2930 χρήσεται.

1495 2938 1566 2976 Καὶ
1595 2937 1629 2975 τί
1657 2937 1748 2989 λέγω
1770 2937 1901 2989 φίλους;
1921 2939 1989 2975 Καὶ
2004 2937 2071 2989 γὰρ
2094 2938 2199 2985 αὐτὴν
2219 2939 2387 2983 πολλάκις
2406 2939 2468 2985 τὴν

1446 2998 1545 3051 φύσιν
1568 2998 1741 3050 ἠγνόησαν
1775 2999 1806 3035 οἱ
1837 2998 2031 3050 χρημάτων
2053 3001 2207 3050 ἐρῶντες.
2229 2999 2273 3037 ‘O
2301 3005 2471 3049 τοιοῦτος,

1446 3062 1483 3098 οὐ
1498 3059 1696 3110 συγγένειαν
1717 3052 1806 3106 οἶδε,
1827 3061 1863 3096 οὐ
1894 3058 2075 3105 συνηθείας
2102 3059 2296 3110 μέμνηται,
2316 3062 2381 3112 οὐχ
2394 3063 2471 3107 ἡλι-

1447 3120 1525 3159 κίαν
1546 3121 1709 3166 αἰδεῖται,
1743 3121 1781 3157 οὐ
1800 3118 1895 3170 φίλον
1916 3119 1988 3170 ἔχει
2003 3119 2100 3167 τινὰ,
2120 3120 2209 3158 ἀλλὰ
2239 3120 2324 3173 πρὸς
2339 3120 2471 3165 πάντας

389 3195 470 3232 erga
489 3194 608 3218 omnes
622 3178 764 3216 inimico
784 3178 1000 3227 eritani11103
1020 3194 1145 3217 verum
1158 3196 1237 3231 erga
1252 3197 1373 3220 sema-
1402 3195 1424 3224 Β
1448 3183 1609 3233 ἀπεχθῶς
1642 3179 1872 3226 διακείσεται,
1895 3180 1955 3217 καὶ
1982 3180 2050 3232 πρὸ
2083 3183 2150 3217 τῶν
2185 3180 2298 3218 ἄλλων
2331 3181 2470 3220 πάντων

392 3242 504 3288 xime,
519 3254 588 3278 non
608 3248 746 3277 tantum
765 3238 861 3289 quod
881 3238 1034 3276 animam
1050 3240 1174 3291 perdat
1185 3257 1298 3290 suam,
1315 3243 1374 3280 scd

436 3358 448 3371 ἢ
472 3344 588 3377 Morel.
608 3349 658 3378 τὸν
682 3348 770 3378 πόθου
787 3348 892 3378 ἐκεῖνον
911 3349 1061 3386 τεὶνωμεν.

438 3399 451 3413 ¹‘
477 3398 550 3439 [Ita
569 3397 652 3428 Cod.
672 3397 747 3429 705.
766 3395 871 3437 Vulgo
894 3397 1099 3438 ἐπαιτοῦμεν.]

1449 3247 1534 3299 πρὸς
1557 3245 1674 3284 ἑαυτόν
1689 3262 1696 3269 ·
1716 3248 1753 3283 οὐ
1778 3246 1878 3296 μόνον
1900 3248 1949 3297 τῷ
1972 3245 2161 3284 ἀπολλύναι
2189 3245 2250 3293 τὴν
2271 3245 2384 3298 ψυχὴν
2409 3247 2470 3295 τὴν

1510 3352 1527 3375 b
1551 3350 1611 3382 Alii
1629 3354 1808 3394 διατηρήσει.
