2481 3678
731 233 774 262 IN
811 231 1020 262 JOANNEM
1057 229 1215 260 HOMIL.
1255 229 1352 258 ΧΙΙΙ.

108 331 174 362 σιν,
191 314 280 353 ἀλλὰ
297 314 399 353 δώσει
412 314 474 357 τὰς
489 313 651 364 ἀμοιὸάς.
662 312 839 357 ‘'lixam-0<
854 312 939 365 γὰρ,
956 311 1060 364 φησὶ,
1073 311 1130 348 τὸν

108 375 193 413 ἴδιον
210 375 330 425 μισθὸν
349 375 498 426 λήψεται
517 373 609 412 κατὰ
624 374 681 412 τὸν
704 374 788 412 ἴδιον
803 373 922 421 κόπον,
936 375 973 412 οὔ
989 370 1080 410 κατὰ
1094 371 1134 408 τὸ

106 452 174 474 των
187 436 404 489 πραγμάτων
420 436 527 480 τέλος.
542 435 642 474 Καιζ
630 452 683 474 οτι
699 451 805 478 ουτως
816 434 910 487 ἔχει,
924 434 1048 472 ἄκουε·
1061 431 1132 471 Καὶ
1157 434 1180 464 Β
1207 431 1298 482 quit,
1323 433 1405 470 Fili
1432 433 1611 478 hominis,
1642 430 1831 468 testificare
1860 429 1994 481 populo
2026 429 2123 479 huic,
2158 429 2234 468 5ι·”

109 497 168 544 σὺ,
188 497 309 549 φησὶν,
325 496 376 535 υἱὲ
394 496 589 574 ἀνθρώπρυ,
611 497 826 550 διαμάρτυρε
844 512 896 548 τῳ
913 497 989 548 λαῷ
1002 493 1132 545 τούτῳ,

108 559 166 597 ἐὰν
191 562 258 610 ἀρα
278 557 483 607 ἀκούσωσιν,
517 558 574 596 εὰν
605 564 673 612 ἀρα
701 574 841 598 συνωσι.
865 556 958 595 εΚαὶ
988 555 1046 594 διὰ
1074 559 1134 592 τοῦ

109 621 155 658 'el
143 620 325 665 ζεκιὴλ
307 620 342 657 οὲ
364 624 464 657 τοῦτο
491 624 611 671 μαθεῖν
639 622 748 658 ἐστιν·
771 618 829 657 ἐὰν
871 620 890 655 ὁ
918 616 1047 660 σκοπὸς
1067 614 1134 667 γὰρ

108 681 283 734 προείπῃ,
317 680 350 719 τί
390 681 452 732 μὲν
486 688 616 733 φυγεῖν,
648 681 682 718 τί
713 680 749 719 δὲ
781 679 919 718 ἑλέσθαι
952 677 1041 724 δέοι,
1071 676 1134 724 τὴν

108 742 224 794 ψυχὴν
246 742 393 786 ἐξείλετο
412 742 474 790 τὴν
504 745 648 790 ἑαυτοῦ,
669 741 732 780 κᾶν
764 744 781 779 ὃ
810 740 993 793 προσέχων
1016 738 1137 790 μηδεὶς

110 798 143 855 ἦ.
162 803 252 842 Ἀλλ’
270 804 366 855 ὅμως
396 804 456 842 καὶ
478 803 621 855 ἰσχυρὰν
641 802 864 856 παραμυθίαν
886 800 1017 848 ταύτην
1041 801 1137 852 ἔχον-

109 881 179 913 τες,
195 865 266 916 ,καὶ
286 864 372 919 ὑπὲρ
386 869 448 911 τῆς
465 867 511 908 εἷς
530 868 623 915 ἡμᾶς
640 864 791 915 ἀμοιὸἧς
814 865 1034 916 θαῤῥοῧντες,
1055 861 1137 900 ὅταν

109 929 206 977 ὑμῶν
232 927 271 965 τὸ
290 926 387 980 ἔργον
419 926 547 977 ἴδωμεν
570 926 617 977 μὴ
642 925 852 979 προκόπτον,
872 923 966 963 οὐδὲν
998 924 1136 975 ἄμεινον

107 987 245 1026 ἐκείνων
287 986 490 1038 διακείμεθα
519 990 587 1025 τῶν
614 989 777 1040 γεωργῶν
808 989 876 1024 τῶν
904 985 1137 1029 στεναζόντων

110 1047 170 1085 καὶ
202 1046 429 1100 θρηνούντων,
447 1049 515 1084 τῶν
545 1045 857 1098 ἐγκαλυπτομένων
891 1045 951 1083 καὶ
976 1047 1140 1097 0:107„qu—

113 1108 237 1160 μένων.
257 1110 370 1147 Τοῦτο
385 1108 453 1160 γὰρ
480 1107 689 1146 διδασκάλου
707 1107 907 1157 συμπάθεια
920 1137 929 1154 ,
945 1111 1044 1145 τοῦτο
1069 1123 1139 1153 κη-

943 1167 1121 1188 α’«νω

113 1169 255 1221 δεμονία
274 1169 416 1224 πατρός.
436 1169 538 1207 Ἐπεὶ
571 1169 630 1207 καὶ
659 1171 826 1215 Μωϋσῆς,
846 1168 916 1212 ἐξὸν
969 1184 1062 1219 αυτῳ
1078 1184 1141 1214 της

114 1231 363 1284 ἀγνωμοσύνης
385 1233 633 1282 ἀπαλλαγῆναι
654 1232 716 1275 τ’ἧς
736 1231 950 1276 Ἰουδαϊκῆς,
972 1228 1031 1266 καὶ
1046 1231 1141 1279 λαμ-

114 1293 286 1346 προτέραν
308 1292 420 1346 ἀρχὴν
436 1292 548 1334 ἔθνους
569 1292 684 1344 ἑτέρου
704 1290 823 1329 λαὸεῖν
846 1290 906 1328 γα·ι
925 1291 1044 1342 πολλῷ
1061 1289 1140 1340 μεί-

117 1356 208 1398 ζονος
224 1370 231 1377 ·

116 1413 176 1450 καὶ
191 1413 327 1459 ποιήσω
345 1429 382 1451 σε
413 1414 458 1455 εἷς
489 1411 581 1454 ἔθνος
603 1411 693 1462 μέγα
719 1409 876 1456 ἢτοῧτο·
908 1408 1027 1455 ἐπειδὴ
1051 1409 1145 1460 ἅγιος

244 1353 377 1392 Ἔασον
404 1354 471 1406 γάρ
496 1369 559 1403 με,
575 1352 681 1404 φησὶ,
703 1351 763 1390 καὶ
799 1350 967 1402 ἐξαλείψω
996 1349 1118 1393 αὐτοὺς
1133 1381 1142 1397 ,

116 1467 158 1520 ἦν
179 1473 238 1511 καὶ
263 1475 354 1511 Θεοῦ
375 1474 512 1519 δοῦλος,
540 1472 599 1509 καὶ
620 1476 633 1491 ’”’
649 1471 780 1525 σφόδρα
807 1470 903 1522 φίλος
923 1469 1062 1522 γνήσιος
1084 1469 1144 1507 καὶ

114 1540 288 1585 γενναῖος,
304 1533 380 1571 οὐδὲ
403 1535 548 1571 ἀκοῦσαι
567 1532 695 1578 ταύτην
730 1531 898 1583 {vaso-sueto
922 1530 985 1577 τὴν
1011 1529 1142 1582 φωνὴν,

116 1595 192 1632 ἀλλ’
215 1593 324 1631 εἵλετο
340 1595 470 1644 μᾶλλον
487 1591 679 1630 ἀπολέσθαι
697 1591 786 1642 μετὰ
802 1595 870 1629 τῶν
892 1590 984 1635 ἅπαξ
1005 1593 1071 1637 κλη
1078 1607 1144 1644 ρω-

117 1654 243 1693 θέντων
272 1656 384 1707 αὐτῷ,
406 1652 428 1699 ἢ
457 1653 573 1706 χωρὶς
588 1651 726 1691 ἐκείνων
758 1651 1009 1699 διασώζεσθαι,
1031 1651 1092 1689 καὶ
1111 1654 1144 1690 ἐν

117 1714 289 1766 ἀξιώματι
309 1709 397 1754 εἶναι
427 1714 569 1766 μείζονι.
584 1716 616 1752 Τ
620 1719 749 1752 οιοῧτον
771 1707 859 1751 εἶναι
883 1712 954 1766 χρὴ
974 1713 1032 1751 τὸν
1053 1729 1144 1765 προ-

119 1781 252 1816 εστ-ὦτα
272 1779 406 1829 ψυχῶν.
427 1776 498 1815 Καὶ
524 1775 592 1829 γὰρ
622 1775 750 1814 ἄτοπον
780 1776 908 1818 παῖδας
937 1773 998 1825 μὲν
1019 1773 1146 1827 ἔχοντά

118 1855 194 1876 τινα
216 1837 365 1890 φαύλους
392 1837 440 1889 μὴ
478 1840 640 1884 ἐθελῆσαι
661 1836 787 1890 ἑτέρων
803 1838 978 1883 κληθῆναι
993 1836 1148 1888 πατέρα,

744 1897 902 1949 μαθητὰς
934 1898 969 1936 δὲ
999 1900 1148 1950 ἐγχειρι-

120 1960 262 2004 σθέντας
286 1961 420 2013 ἑτέρους
440 1960 472 2005 ἐξ
496 1960 622 2012 ἑτέρων
647 1959 803 2010 ἀμείὸειν
832 1959 904 2006 ἀεὶ,
924 1959 984 1998 καὶ
1009 1963 1066 1997 ν’ὔν
1086 1958 1146 2009 μὲν

120 1899 210 1939 ἀλλὰ
229 1903 296 1937 τῶν
325 1900 408 1952 παρ’
435 1902 538 1937 αὐτοῦ
559 1898 691 1951 φύντων
705 1914 712 1921 ·

118 2022 263 2068 τούτων,
299 2015 394 2065 αῧθις
429 2021 464 2060 δὲ
486 2021 639 2068 ἐκείνων,
667 2021 728 2058 καὶ
746 2019 758 2041 s
771 2020 859 2069 μετὰ
884 2019 1014 2059 τούτων
1042 2020 1147 2058 πάλιν

119 2084 234 2122 ἄλλων
261 2082 476 2136 προστασίαν
499 2085 594 2134 ἡμᾶς
622 2082 790 2136 ἁρπάζειν
810 2113 820 2130 ,
841 2082 928 2135 πρὸς
955 2081 1074 2120 οὐδένα
1099 2083 1150 2120 οἷ-

118 2144 220 2188 κείως
254 2144 502 2195 διακειμένους.
532 2142 637 2182 Ἀλλὰ
675 2143 756 2196 περὶ
795 2146 892 2194 ὑμῶν
938 2142 986 2194 μὴ
1019 2142 1151 2194 γένοιτο

118 2211 229 2245 ταῦτα
257 2205 471 2244 ὑποπτεῦσαί
492 2222 588 2244 ποτε.
612 2204 837 2256 Πεποίθαμεν
867 2204 955 2258 γὰρ,
973 2204 1027 2243 ὅτι
1060 2206 1152 2255 μᾶλ-

118 2269 177 2306 λον
196 2266 416 2320 περισσεύετε
436 2269 470 2305 ἐν
485 2270 528 2318 τῇ
558 2265 675 2305 πίστει
688 2269 731 2312 xvj
751 2268 798 2309 εἷς
815 2265 873 2303 τὸν
894 2265 1020 2318 Κύριον
1049 2267 1150 2316 ημῶν

119 2330 253 2376 Ἰησοῦν
275 2328 437 2380 Χριστὸν,
458 2328 518 2366 καὶ
544 2332 587 2380 τῇ
622 2327 741 2380 ἀγάπῃ
772 2330 816 2379 τῇ
838 2329 885 2371 εἷς
906 2327 1076 2373 ἀλλήλους
1092 2327 1152 2364 καὶ

118 2393 165 2433 εἷς
180 2390 324 2433 πάντας.
341 2391 373 2427 Τ
377 2394 464 2428 αὔτα
484 2389 519 2428 δὲ
532 2389 680 2441 λέγομεν
703 2388 905 2439 βουλόμενοι
918 2387 980 2434 τὴν
997 2388 1150 2434 σπουδὴν

121 2453 328 2498 ἐπιταθῆναι
351 2449 413 2497 τὴν
440 2450 623 2504 ὑμετέραν,
640 2450 700 2488 καὶ
727 2450 784 2488 ἐπὶ
809 2452 922 2501 μεῖζον
951 2450 1153 2495 ἐπιδοθῆναι

121 2514 184 2557 τῆς
213 2511 390 2554 πολιτείας
417 2514 514 2561 ὑμῶν
538 2512 601 2558 τὴν
632 2511 769 2564 ἀρετήν.
785 2511 891 2549 Οὕτω
919 2511 987 2562 γὰρ
1007 2510 1153 2548 καὶτῶν

122 2573 359 2626 προκειμένων
376 2576 461 2622 ἡμῖν
480 2572 591 2623 λόγων
606 2575 654 2615 εἷς
676 2573 758 2610 αὐτὸ
773 2572 812 2610 τὸ
832 2572 936 2623 βάθος
951 2575 1153 2609 καταθεῖναι

124 2633 309 2679 δυνήσεσθε
327 2632 371 2670 τὰ
386 2632 565 2682 νοήματα,
593 2632 633 2669 ἂν
663 2632 819 2682 μηδεμία
853 2632 1023 2685 πονηρίας
1053 2632 1151 2683 λήμη

124 2700 195 2738 τοῖς
212 2695 400 2745 ὀφθαλμοῖς
419 2696 585 2744 ἐπισκοτῇ
607 2697 670 2739 τῆς
702 2692 874 2737 διανοίας,
896 2692 1010 2730 καὶτὸ
1038 2693 1153 2744 διορα-

124 2755 220 2793 τικὸν
243 2759 260 2782 g
276 2755 383 2799 αὐτῆς
416 2754 476 2792 καὶ
495 2753 550 2798 ὀξὺ
579 2754 814 2806 συνταράσσῃ.
835 2753 882 2790 Ὶί
903 2769 970 2791 ποτ
973 2747 1092 2791 ὀὖν
1078 2769 1153 2790 εστι

124 2817 164 2855 τὸ
194 2815 420 2869 προκείμενον
452 2820 537 2865 ἧαῖν
578 2814 751 2868 σήμερον·
744 2845 753 2861 ,
791 2814 956 2860 Ιωάννης
986 2820 1154 2866 μαρτυρεῖ

123 2877 205 2953 περὶ
226 2879 352 2925 αὐτοῦ,
369 2893 429 2915 και
447 2877 569 2930 κέκρα
567 2892 597 2928 [ε
617 2876 668 2914 λέ
658 2891 745 2927 γ·ων
769 2877 914 2918 Οὑτος
897 2891 938 2921 ην
960 2874 994 2912 ὂν
1011 2877 1118 2921 εἶπον,
1136 2877 1153 2911 ὃ

125 2939 236 2977 ὀπίσω
271 2954 335 2989 μου
367 2938 572 2991 ἐργόμενος,
601 2936 795 2990 ἔμπροσθεν
819 2952 883 2987 μου
916 2935 1065 2987 γέγονεν,
1101 2935 1153 2972 ὅτι

125 2999 288 3053 πρωτός
282 3015 346 3037 μου
373 3003 428 3046 ἦν.
458 2998 572 3043 Πολύς
606 3001 698 3037 ἐστιν
730 3014 827 3041 ουτος
856 3000 873 3034 ὃ
908 2995 1154 3047 ευα((ελιστης

129 3061 200 3099 ἄνω
221 3077 280 3099 και
303 3060 399 3098 κάτω
428 3076 485 3098 τον
506 3059 672 3106 Ἰωάννην
705 3075 786 3111 στρε
771 3058 874 3110 ζῳων,
894 3074 954 3096 και
978 3073 1039 3103 την
1065 3073 1153 3109 μαρ-
1174 3090 1206 3114 73
1226 3063 1305 3087 rum
1322 3062 1430 3100 supra
1448 3047 1598 3085 modum
1621 3046 1844 3084 mirabantur
1863 3050 1965 3095 (nam
1983 3057 2017 3085 et
2038 3048 2214 3100 Josephus

2128 210 2185 253 83

1206 309 1376 346 cundum
1404 309 1599 358 proprium
1627 306 1812 352 laborem,
1840 318 1907 342 non
1933 304 2126 342 seeundum
2141 307 2189 343 rei

1207 371 1327 409 finem.
1349 370 1396 408 Et
1415 369 1507 420 quod
1526 383 1580 407 res
1601 369 1650 406 ita
1664 383 1699 407 se
1712 368 1854 418 lrabeat,
1873 367 1957 405 audi
1977 383 1984 403 :
2000 369 2048 406 Et
2066 376 2117 418 tu,
2135 369 2188 405 iu—
2205 378 2387 434 §zei-1123.

1392 212 1452 257 al.
1492 227 1568 255 xu.

1194 495 1308 548 forte
1327 495 1504 538 audiant,
1531 494 1686 547 siforte
1702 492 1938 543 intelligant.
1959 490 2005 528 Et
2026 504 2086 542 per
2106 490 2191 528 Eze-

1207 556 1357 594 chielem
1381 555 1420 593 id
1442 554 1597 593 ediscere
1615 554 1696 592 lieet
1715 570 1722 590 :
1746 553 1785 592 Si
1803 553 2003 606 speculator
2016 553 2192 606 praedixe-
2207 567 2317 595 steen.
2339 565 2368 593 3.

1208 617 1268 668 rit,
1290 617 1380 668 quid
1404 619 1538 669 fugere,
1564 616 1653 667 quid
1683 616 1813 669 eligere
1832 614 2012 668 oporteat,
2038 616 2193 654 animam
2210 616 2258 645 ¹1>-

1209 693 1310 717 suam
1329 679 1513 729 liberavit,
1535 677 1698 729 quamvis
1720 692 1820 715 nemo
1839 677 2010 715 attendat.
2031 679 2193 715 Attamen

1207 742 1289 780 licet
1316 743 1407 780 hanc
1424 742 1567 780 firmam
1590 740 1864 779 consolationem
1886 740 2094 790 habeamus,
2115 740 2195 778 lieet

1208 803 1253 841 de
1268 804 1502 841 retributione
1535 803 1705 851 fidamus,
1734 802 1878 853 quando
1897 816 1959 840 vos
1981 802 2074 840 nihil
2093 817 2196 855 opere

1208 865 1380 918 proficere
1399 865 1575 915 videmus,
1598 865 1711 902 nihilo
1730 864 1858 902 melius
1877 864 2069 915 afficimur,
2091 879 2198 916 quam

1208 927 1388 978 agricolae,
1417 927 1480 977 qui
1512 935 1656 978 gemunt
1675 935 1708 964 et
1726 926 1985 978 lacrymantur,
2009 940 2049 964 ac
2062 926 2199 978 pudore

1209 989 1410 1039 ruboreque
1429 988 1648 1026 afficiuntur.
1670 987 1746 1024 Hoc
1764 987 1919 1025 doctoris
1938 987 2198 1036 misericordia,

1208 1050 1277 1088 hoc
1315 1050 1426 1102 patris
1462 1065 1547 1088 cura
1577 1059 1639 1087 est.
1678 1049 1821 1087 Etenim
1856 1050 1999 1101 Moyses
2038 1064 2119 1087 eum
2156 1049 2201 1087 ah

1209 1111 1348 1163 ingrata
1377 1111 1588 1151 Judaeorum
1621 1119 1723 1161 gente
1752 1109 1899 1147 liberari
1924 1119 2055 1162 posset,
2085 1111 2200 1162 splen-

1210 1173 1405 1224 didiusque
1427 1187 1467 1210 ac
1490 1173 1603 1210 multo
1634 1172 1749 1224 majus
1772 1172 1809 1209 in
1836 1172 1944 1209 aliam
1966 1182 2105 1223 gentem
2136 1173 2202 1210 im-

1208 1235 1350 1286 perium
1370 1235 1528 1272 obtinere
1549 1250 1555 1270 :
1580 1248 1661 1271 nam
1681 1233 1731 1271 ait
1750 1235 1860 1283 Deus,
1885 1235 2049 1271 Dimitte
2072 1248 2145 1281 me,
2165 1244 2200 1273 et
2217 1251 2319 1280 Exsul.
2350 1250 2402 1279 32.

1179 1298 1188 1327 3
1212 1298 1347 1336 delebo
1371 1311 1434 1336 eos
1451 1298 1703 1349 ,faciamque
1730 1305 1765 1333 te
1783 1299 1824 1333 in
1845 1304 1995 1348 gentem
2023 1298 2098 1334 hac
2121 1311 2200 1334 ma·
2221 1301 2266 1322 ¹0·

1206 1362 1349 1411 jorem;
1365 1358 1449 1409 quia
1471 1367 1613 1396 sanctus
1631 1367 1706 1395 erat
1724 1367 1758 1395 et
1776 1358 1842 1395 Dei
1861 1372 1997 1408 servus,
2017 1359 2101 1409 quia
2120 1374 2203 1397 vere

1214 1421 1349 1458 amicus
1366 1429 1399 1458 et
1413 1421 1562 1473 probus,
1585 1420 1677 1457 hanc
1695 1433 1819 1458 vocem
1834 1433 1878 1457 ne
1897 1419 2025 1458 auditu
2055 1420 2203 1471 quidem

1214 1482 1318 1531 tulit3
1340 1481 1403 1519 sed
1422 1481 1538 1533 perire
1556 1481 1685 1518 maluit
1704 1495 1787 1518 cum
1807 1490 1907 1532 gente
1920 1481 1989 1519 sibi
2007 1483 2114 1520 semel
2132 1497 2204 1521 ere-

1217 1542 1307 1593 dita,
1329 1556 1437 1593 quam
1458 1542 1533 1579 sine
1557 1542 1620 1578 illa
1644 1541 1792 1590 servari,
1821 1551 1854 1579 et
1877 1542 1923 1579 ad
1954 1543 2123 1594 majorem
2150 1543 2206 1581 di-

1217 1603 1387 1655 gnitatem
1416 1602 1561 1640 assumi.
1593 1602 1720 1639 Talem
1757 1611 1895 1653 oportet
1922 1617 2003 1640 eum
2032 1618 2118 1653 esse,
2150 1605 2207 1642 eui

1216 1665 1416 1704 animarum
1446 1663 1632 1703 commissa
1661 1678 1745 1701 cura
1777 1673 1839 1701 est.
1874 1664 2081 1702 Absurdum
2114 1666 2208 1703 enim

1215 1739 1318 1779 esset,
1352 1729 1441 1767 dum
1478 1742 1672 1781 pravorum
1707 1727 1867 1766 filiorum
1902 1738 2003 1781 pater
2030 1744 2098 1767 non
2130 1731 2209 1767 vult

1216 1793 1319 1842 alios,
1346 1806 1455 1842 quam
1474 1791 1519 1829 ab
1539 1805 1575 1829 se
1600 1790 1751 1842 genitos,
1781 1790 1875 1828 filios
1895 1805 1977 1828 suos
1997 1791 2084 1842 dici,
2107 1806 2208 1830 eom—

1217 1856 1342 1894 missos
1362 1854 1558 1908 discipulos
1586 1869 1725 1907 semper
1754 1863 1906 1901 mutare,
1936 1869 1977 1892 ac
2003 1869 2098 1893 nunc
2126 1855 2206 1906 hos,

1218 1932 1313 1956 nunc
1345 1917 1447 1967 alios,
1482 1925 1674 1968 posteaque
1710 1929 1821 1955 novos
1856 1915 2071 1966 adscribere,
2105 1926 2211 1967 atque

1219 1993 1300 2031 erga
1320 1978 1438 2017 nqus
1451 1977 1607 2015 amicitia
1619 1977 1936 2028 benevolentiaque
1947 1977 2055 2015 affici.
2073 1979 2212 2017 Verum

1219 2041 1312 2079 absit
1329 2050 1367 2078 ut
1384 2039 1469 2077 talia
1489 2039 1534 2076 de
1552 2039 1655 2077 vobis
1675 2052 1846 2088 umquam
1863 2038 2096 2090 suspicemur.
2118 2039 2210 2077 Con·
2225 2051 2410 2088 2.C01‹,8.7.

1220 2102 1368 2140 fidimus
1386 2101 1481 2139 enim
1500 2114 1564 2138 vos
1587 2099 1701 2151 magis
1731 2099 1915 2137 abundare
1937 2099 1974 2137 in
1993 2099 2067 2137 fide
2083 2100 2119 2138 in
2138 2102 2211 2139 Do-

1220 2164 1360 2201 minum
1382 2163 1543 2200 nostrum
1571 2162 1693 2200 Jesum
1718 2160 1928 2209 Christum,-
1944 2170 1978 2198 et
2006 2160 2042 2198 in
2067 2161 2214 2199 caritate

1222 2234 1345 2263 mutua
1368 2237 1451 2275 erga
1471 2237 1601 2261 omnes.
1623 2222 1707 2259 Haec
1720 2236 1806 2260 vero
1825 2221 1980 2260 dicimus
1998 2231 2037 2260 ut
2051 2222 2212 2261 studium

1221 2296 1382 2324 vestrum
1402 2298 1607 2337 augeamus,
1629 2292 1663 2321 et
1679 2282 1762 2321 vitae
1779 2282 1996 2335 probitatem
2013 2283 2049 2320 in
2068 2283 2144 2321 dies
2157 2298 2213 2321 ae-

1221 2361 1375 2386 crescere
1394 2359 1569 2384 curemus.
1590 2344 1650 2382 Sic
1667 2344 1762 2381 enim
1775 2343 1820 2381 ad
1832 2344 2024 2382 verborum
2042 2344 2213 2382 horumce

1222 2410 1442 2464 profundum
1475 2417 1591 2446 mente
1624 2406 1824 2459 pertingere
1854 2406 2030 2457 poteritis,
2055 2406 2085 2444 si
2113 2408 2212 2446 nulla

1222 2474 1389 2525 nequitiae
1413 2471 1595 2524 lippitudo
1612 2470 1732 2507 oculos
1755 2470 1882 2507 mentis
1896 2478 2020 2508 vestrae
2034 2470 2211 2519 obscuret,

1223 2536 1368 2587 ejusque
1404 2530 1708 2585 perspicacitatem
1748 2529 1925 2568 obturbet.
1963 2531 2063 2578 Quid
2102 2532 2214 2584 igitur

1224 2597 1326 2635 nobis
1357 2594 1465 2632 hodie
1494 2591 1731 2647 proponitur?
1757 2593 1932 2631 Joannes
1957 2596 2214 2632 testimonium

1221 2659 1395 2710 perhibet
1415 2657 1462 2693 de
1491 2657 1585 2705 ip50,
1614 2662 1651 2692 et
1675 2654 1819 2691 clamat
1850 2655 2010 2692 dicens:
2030 2658 2106 2694 Hic
2131 2665 2214 2694 erat

1224 2734 1337 2771 quem
1354 2719 1438 2756 disi
1451 2733 1462 2753 .·
1485 2717 1561 2768 Qui
1577 2725 1663 2767 post
1683 2729 1743 2752 me
1761 2718 1883 2764 venit,
1899 2726 1990 2755 ante
2009 2719 2214 2772 mesactus

1224 2793 1290 2831 est,
1316 2786 1410 2835 quia
1435 2783 1542 2833 prior
1570 2795 1629 2818 me
1658 2789 1754 2818 erat.
1787 2780 1888 2833 Saepe
1914 2781 1973 2819 hic
1997 2783 2213 2834 evangelista

1225 2852 1397 2889 Joannem
1426 2847 1520 2885 ultro
1545 2847 1704 2897 citroque
1732 2857 1863 2897 versat,
1888 2848 2033 2900 ejusque
2058 2849 2214 2888 testimo-

1226 2914 1326 2952 nium
1344 2911 1558 2951 circumfert.
1579 2911 1624 2949 Id
1642 2926 1727 2951 vero
1747 2926 1815 2950 non
1837 2911 1912 2950 sine
1933 2927 2050 2964 causa,
2070 2914 2133 2952 secl
2151 2915 2215 2953 ad-

1224 2980 1372 3018 modum
1390 2978 1585 3031 prudenter
1605 2987 1760 3031 praestat.
1782 2978 1876 3025 Quia
1902 2979 1997 3017 enim
2015 2980 2132 3019 Judaei
2152 2982 2212 3019 vi—

2270 3071 2416 3108 Joscphus

126 3121 244 3175 τυρίαν
280 3124 382 3160 αὐτοῦ
422 3122 602 3173 πολλαχοῦ
635 3120 843 3174 περιφέρων.
882 3121 983 3157 Ποιεῖ
1018 3118 1053 3156 δὲ
1090 3121 1153 3170 οὐχ
1178 3128 1201 3157 Α
1223 3132 1269 3156 ex
1283 3117 1358 3170 ejus
1379 3130 1462 3155 nece
1492 3116 1629 3153 bellum
1656 3123 1775 3153 ortum
1796 3124 1930 3166 narrat,
1951 3114 2119 3166 illiusque
2137 3115 2213 3154 neci
2256 3113 2415 3190 Βᾝξδῖξὲἰ

2228 3197 2337 3224 laudat.

173 3236 185 3251 ⁰
203 3225 306 3258 Savil.
326 3230 374 3259 καὶ
391 3230 405 3259 'o
417 3224 547 3266 Ῐεζεκιῄλ
566 3229 596 3259 δέ
611 3241 703 3270 φησιν.

173 3277 190 3302 d
207 3281 286 3321 αὐτῷ
303 3275 396 3309 deest
412 3278 445 3308 in
460 3277 562 3309 Savil.

174 3336 185 3348 ⁰
203 3329 305 3362 Saxil.
329 3337 362 3362 et
383 3330 460 3361 Mss.
482 3335 532 3363 ναὶ
558 3333 670 3374 σφόδρα
696 3333 788 3374 φίλος.
816 3326 930 3360 Morel.
960 3332 1009 3361 καὶ
1032 3331 1143 3374 opopa

137 3385 252 3419 ἧοῦὶος.

182 3435 192 3459 s
211 3432 310 3466 Savil.
326 3448 405 3475 μετα
415 3442 511 3473 τοῦτο,
524 3432 636 3466 Morcl
658 3431 772 3465 melius
783 3439 817 3464 ut
829 3439 921 3475 puto,
935 3438 1016 3475 μετὰ
1027 3435 1149 3468 mbram.

1201 3224 1266 3255 Res
1279 3229 1328 3254 est
1340 3219 1516 3254 levissima.
1533 3218 1657 3262 [Codd.
1670 3219 1732 3252 705
1745 3226 1778 3251 et
1791 3220 1854 3251 706
1870 3225 1951 3262 μετὰ
1967 3222 2098 3258 τούτους.
2110 3220 2216 3262 Atque

1207 3274 1416 3307 accusativus
1433 3274 1571 3305 omnino
1594 3272 1795 3304 necessarius
1817 3279 1879 3305 est.
1906 3271 2007 3303 Paulo
2033 3279 2110 3305 ante
2128 3271 2212 3305 Cod.

1210 3329 1273 3361 705
1289 3335 1321 3359 et
1334 3325 1434 3359 Savil.
1452 3329 1682 3369 ἐγχειρισθέντα,
1698 3323 1824 3355 melius.
1840 3323 1930 3356 Infra
1945 3322 2032 3356 idem
2044 3322 2128 3357 Cod.
2142 3339 2217 3372 προ-

1216 3380 1364 3421 στασίας.]

1266 3441 1277 3463 3
1292 3432 1405 3473 [αὖτοὶῇ
1422 3427 1505 3462 Cod.
1530 3429 1623 3469 70⁶4
