2450 3683
809 203 864 231 AD
903 203 1138 233 LECTOREM
1176 203 1425 233 ERUDU'I‘M.
2107 208 2164 236 XV

1097 376 1141 412 X.

139 495 284 545 Ὀμιλία
305 497 448 546 ῥηθεῖσα
468 495 502 531 ἐν
518 496 560 545 τῇ
579 493 748 546 ἐκκλησίᾳ
763 498 806 546 τῇ
828 496 886 532 ἐπὶ
902 499 962 533 τοῦ
984 495 1193 541 ἀποστόλου,
1212 494 1405 533 ἐτ’τισκόπου
1424 496 1523 546 ὀλίγα
1539 497 1865 547 προσομιλήσαντος
1886 498 1992 545 (forte
2007 515 2161 552 προσμι-

85 558 280 605 λήσαντος),
301 559 348 600 εἷς
366 557 405 595 τό
419 573 426 580 ·
458 555 502 594 Ὁ
524 557 586 607 μὲν
608 557 768 608 θερισμὸς
793 557 920 605 πολὺς,
948 559 979 596 οἱ
997 558 1032 595 δὲ
1053 558 1199 610 ἐργάται
1218 557 1342 608 ὀλίγοι.
1367 559 1543 597 Homilia
1563 560 1699 598 habita
1721 563 1760 598 in
1781 560 1944 599 ecclesia
1963 564 2133 615 Aposeol
2152 594 2163 613 ,

81 628 282 670 postquam
301 621 495 670 episcopus
525 619 686 669 quidam
716 623 940 658 concionem
956 623 1062 671 prius
1085 621 1292 669 habuerat,
1314 622 1356 657 in
1370 620 1498 658 illud.-
1524 622 1651 660 Mcssis
1678 621 1824 674 quidem
1852 623 1986 673 multa,
2005 627 2159 677 operarii

92 688 211 718 autem
232 679 348 731 pauci.

135 744 298 779 Initium
327 741 464 779 ,Εἶδετε
494 741 551 779 τὸν
573 742 719 793 γέροντα
739 742 799 778 καὶ
817 742 908 789 νέον,
928 741 1075 794 γέροντα
1096 742 1159 792 μὲν
1179 745 1230 794 τῷ
1259 742 1416 793 σώματι,
1435 742 1508 780 νέον
1535 742 1571 780 δὲ
1591 745 1640 795 τῷ
1655 744 1869 795 φρονήματι.
1895 744 2019 784 Effe—„a
2039 747 2164 785 πολιὰν

84 802 327 853 ἀκμάζουσαν,
348 803 406 841 καὶ
421 806 544 855 γῆρας.
564 802 719 843 Videtur
733 803 938 856 episcopum
957 803 1062 841 illum
1088 804 1150 854 qui
1167 804 1266 856 prius
1289 804 1516 842 concionatus
1535 805 1651 843 fuerat
1679 819 1797 843 senem
1825 805 2020 844 admodum
2043 807 2162 845 fuisse.

83 864 240 916 Hincque
258 875 374 904 sumto
387 875 595 918 argumento
611 866 661 904 ait
680 866 957 919 Chrysostomus
972 880 1072 905 secus
1085 867 1211 906 haberi
1231 868 1267 906 in
1288 867 1416 906 militia
1433 867 1648 918 Christiana,
1665 883 1774 920 quam
1790 869 1825 907 in
1845 869 2018 907 saeculari.
2038 871 2080 907 In
2099 870 2165 907 hac

83 927 177 965 enim
193 942 288 966 senes
308 929 438 966 milites
454 943 523 967 non
545 929 639 967 ultra
659 938 740 967 sunt
754 929 799 967 ad
817 929 985 968 militiam
998 930 1093 983 apti,
1111 931 1147 968 in
1165 931 1368 969 Christiana
1387 944 1471 969 vero
1491 940 1622 969 contra.

1083 1083 1155 1121 XI.

136 1203 207 1241 Τοῦ
229 1204 333 1240 αὐτοῦ
356 1204 477 1253 ὁμιλία
494 1205 661 1255 λεχθεῖσα
676 1233 684 1251 ,
707 1203 825 1254 ἑτέρου
844 1204 1094 1255 προειρηκότος
1115 1204 1250 1255 σφόδρα
1266 1204 1464 1256 πρεσὸύτου
1481 1219 1489 1226 ·
1510 1206 1590 1258 περὶ
1608 1205 1822 1259 Ἐλεαζάρου
1839 1206 1898 1246 καὶ
1913 1206 2003 1244 ἑπτὰ
2017 1207 2164 1244 παίδων.

84 1266 270 1316 Ejusdem
287 1267 448 1304 homilia
465 1268 600 1304 habita
617 1275 821 1318 postquam
837 1267 939 1304 alius
959 1269 1211 1304 concionatus
1225 1267 1379 1320 suerat,
1396 1268 1467 1318 qui
1480 1269 1689 1306 admodum
1705 1282 1824 1306 senex
1842 1277 1925 1306 erat
1941 1285 1954 1306 :
1974 1269 2035 1306 De
2050 1269 2169 1307 Elea-

86 1341 182 1365 zaro
205 1337 241 1365 et
267 1337 409 1379 septem
432 1330 568 1379 pueris.

136 1390 294 1425 Initium
312 1404 320 1424 :
343 1387 403 1431 Ὡς
421 1388 534 1438 ὡραία
549 1392 570 1434 ἡ
588 1389 808 1438 πνευματικὴ
830 1390 929 1427 ἐλαία
949 1389 1038 1436 αὕτη
1053 1420 1062 1437 ,
1081 1392 1149 1427 τῶν
1167 1391 1305 1428 κλάδων
1322 1393 1429 1437 αὐτῆς
1444 1390 1692 1443 γεγηρακότων
1711 1391 1843 1444 ὥριμον
1858 1395 1943 1443 ἡμῖν
1960 1393 2084 1444 ἤνεγκε
2105 1393 2162 1431 τὸν

84 1449 229 1499 καρπόν.
248 1450 277 1485 Α
296 1457 472 1486 senectute
485 1450 739 1487 concionatoris
760 1463 872 1498 orsus,
887 1449 933 1487 ad
952 1449 1163 1488 Eleazarum
1180 1459 1213 1488 et
1233 1460 1301 1488 tres
1316 1464 1444 1503 pueros
1460 1452 1567 1490 venit.
