2522 3683
143 351 188 378 13.

139 389 323 419 l,1‹c.15.15.

143 829 326 868 .ῚῙαίΙῘι.7.6.

144 939 327 969 L11c.15.16.

147 1257 241 1284 Pron.
267 1263 313 1282 Π).

148 1306 197 1326 22.

150 1628 238 1656 Psal.
257 1627 308 1665 89.

154 1677 200 1697 [Ο.

148 1782 212 1810 Jer.
237 1791 267 1810 2.
289 1789 336 1820 ¹9·

150 1887 336 1924 Luc-15.17.

343 202 435 245 808

337 352 478 388 centia.
510 347 625 400 Coepit
642 360 755 397 egere.
782 347 836 383 Ec
864 347 1025 382 accessit
1056 344 1109 381 ad
1131 357 1251 381 unum
1271 357 1318 380 ex

335 403 573 453 principibus
600 402 765 451 regionis
794 399 914 443 illins,
935 399 1118 449 quimisit
1142 397 1253 433 illum
1280 403 1321 432 ut

336 462 510 507 pasceret
521 466 669 505 porcos.
683 451 823 499 Videte,
835 458 965 500 quanta
981 449 1182 486 sublimitas
1197 448 1321 501 priscae

339 507 534 545 nobilitatis
545 521 555 555 ;
577 515 708 555 (planta
734 503 884 555 abjectio
908 502 984 553 ejus
1003 502 1064 552 qui
1084 516 1103 539 a
1119 502 1249 554 pictate
1266 500 1323 537 de-

338 560 454 599 scivit.
475 559 607 597 Missus
635 567 686 595 est
716 566 755 593 ut
785 564 940 607 pasceret
964 568 1111 606 porcos;
1131 554 1170 592 id
1191 564 1260 603 est,
1284 562 1324 590 ut

338 611 585 664 voluptatibus
609 619 643 647 et
671 609 822 661 peccatis
860 607 1051 659 repleretur
1073 623 1080 644 :
1100 607 1198 658 quod.
1229 606 1324 645 enim

340 675 391 702 est
416 678 556 702 coenum
579 663 708 713 porcis,
731 661 891 713 idipsum
915 669 965 697 est
989 669 1174 711 peccatum
1204 659 1247 697 iis
1262 658 1325 709 qui

340 718 390 755 sic
404 716 596 754 foedantur.
619 714 704 752 Ideo
723 714 890 752 Servator
910 712 988 750 illos
1004 712 1247 762 subindicans,
1263 711 1326 762 qui

341 770 377 807 in
407 767 634 807 immunditia
660 766 803 816 vivunt,
830 775 863 803 et
894 765 956 815 qui
984 765 1020 802 in
1046 765 1198 818 peccatis
1226 774 1265 802 ut
1290 763 1327 801 in

341 823 415 860 luto
434 822 656 870 volutantur,
672 819 812 857 dicebat
827 834 834 855 :
851 819 983 856 Nolite
998 819 1091 856 dare
1103 826 1241 856 sancta
1257 830 1328 855 ca-

344 878 481 921 nibus,
515 887 637 926 neque
669 874 904 924 margaritas
932 879 1083 909 vestras
1114 871 1330 922 projiciatis

343 937 434 966 ante
452 940 601 979 porcos.
625 925 794 963 Pascebat
818 937 955 976 porcos.
979 924 1237 960 Desiderabat
1257 935 1330 959 au—

343 990 419 1019 tem
452 981 623 1018 saturari
653 979 700 1015 de
735 978 914 1029 siliquiS,
947 989 1044 1029 qaas
1079 976 1329 1012 comedebant

341 1035 450 1085 porci
466 1049 476 1068 :
499 1041 533 1069 et
549 1045 657 1069 nemo
675 1031 735 1067 illi
751 1030 882 1067 dabat.
898 1028 966 1066 Hic
981 1028 1169 1078 diligenter
1179 1026 1330 1064 attende.

345 1087 417 1133 Qui
436 1099 455 1122 a
471 1086 600 1137 pietate
621 1082 782 1130 descivit,
801 1096 843 1118 ne
860 1081 947 1133 ipsis
969 1080 1114 1130 quidem
1138 1079 1332 1131 voluptati-

344 1140 411 1177 bus
431 1138 579 1185 fruitur,
603 1135 663 1172 sed
682 1134 887 1185 indigentiae
907 1132 1109 1184 subjicitur,
1125 1141 1158 1170 et
1176 1131 1223 1168 ad
1244 1146 1333 1183 pau-

345 1199 519 1244 pertatem
544 1188 820 1236 condemnatur3
847 1187 896 1223 ita
919 1194 958 1222 ut
983 1199 1025 1222 ne
1053 1185 1229 1222 malorum
1258 1184 1335 1234 qui-

346 1244 445 1290 dem,
469 1256 546 1293 quae
571 1241 694 1289 elegit,
724 1239 864 1291 copiam
894 1238 1033 1275 habeat.
1050 1238 1143 1275 Nam
1169 1237 1330 1283 Stultus,

347 1298 396 1334 ait
417 1296 489 1341 ille,
512 1298 553 1332 in
574 1294 790 1345 indigentia
815 1293 1010 1329 morietur.
1036 1290 1229 1329 Saeculares
1252 1303 1335 1340 ergo

346 1350 545 1401 voluptates
559 1346 698 1397 siliquis
713 1353 894 1396 comparat
909 1359 915 1380 :
930 1343 1060 1394 siliqua
1075 1343 1170 1380 enim
1186 1342 1336 1380 multam

347 1402 454 1439 habet
478 1400 716 1452 asperitatem,
733 1397 912 1435 modicam
936 1396 1148 1434 suavitatem
1170 1411 1177 1432 ε
1197 1410 1238 1433 ae
1259 1410 1336 1445 quae

348 1455 383 1492 in
404 1454 538 1493 mundo
555 1454 634 1491 laeta
654 1461 686 1489 et
708 1450 959 1488 desiderabilia
978 1449 1160 1497 videntur,
1180 1448 1334 1486 multum

346 1508 478 1546 habent
504 1505 649 1553 laboris,
665 1504 845 1542 tantillum
862 1502 1070 1554 Voluptatis.
1090 1501 1177 1541 Vita
1203 1501 1336 1553 quippe

349 1570 467 1598 nostra
497 1558 623 1611 majori
646 1556 785 1608 labori,
813 1570 921 1607 quam
945 1554 1076 1592 laetitiae
1106 1553 1246 1592 addicta
1273 1563 1335 1591 est.

350 1615 445 1652 Dies
464 1613 558 1651 enim
569 1624 761 1649 annornm
779 1618 994 1647 nostrorum
1011 1610 1051 1644 in
1065 1609 1170 1659 ipsis,
1185 1615 1335 1658 septua-

350 1669 461 1718 ginta
489 1667 598 1711 anni,
622 1672 658 1701 et
679 1663 847 1714 amplius
876 1675 1017 1709 eoram,
1032 1661 1143 1697 labor
1157 1668 1193 1697 et
1213 1660 1334 1697 dolor.

352 1721 506 1756 Domum
530 1716 677 1769 penuria
699 1716 816 1767 ipsum
837 1713 1007 1763 erudivit,
1029 1726 1194 1750 aerumnae
1217 1712 1337 1764 ipsum

352 1779 612 1810 converterunt.
642 1769 733 1806 Nam
759 1768 921 1805 Erudiet
947 1775 983 1804 te
1004 1767 1169 1818 desectio
1191 1774 1271 1811 tna,
1300 1773 1336 1802 ec

353 1827 528 1876 nequitia
556 1832 623 1860 tua
645 1829 778 1872 arguet
799 1829 846 1858 te.
868 1822 917 1856 In
934 1821 1100 1870 seipsum
1125 1826 1254 1855 alitem
1276 1831 1336 1855 re-

1350 1850 1397 1873 153

1290 209 1466 238 SPUIUA.

138 308 224 337 Psal.
252 308 302 337 83.
339 299 428 335 Non
441 296 612 348 privabit
627 295 734 331 bonis
757 306 833 339 eos,
850 294 915 345 qui
935 291 1138 328 ambulant
1151 293 1192 327 in
1206 292 1318 327 inno-
1343 294 1369 323 D
1397 290 1589 343 ρευομένοις
1603 291 1636 327 ἐν
1653 288 1794 341 ἀκακία.
1809 288 1963 340 ’Ἤρξατο
1975 291 2204 342 ὑστερεῖσθαι.
2222 290 2292 328 Καὶ
2310 305 2419 341 προσ-

1394 344 1497 388 ῆλθεν
1513 343 1562 380 ἑνὶ
1575 345 1643 379 τῶν
1662 341 1838 394 ἀρχόντων
1851 344 1915 387 τῆς
1923 341 2040 394 χώρας
2054 341 2204 390 ἐκείνης,
2228 342 2287 380 καὶ
2310 342 2421 393 ἔπεμ-

1396 397 1458 447 ψεν
1481 395 1582 433 αὐτὸν
1597 396 1724 436 ἐκεῖνος
1740 393 1876 445 βόσκειν
1895 396 2044 446 χοίρους.
2064 395 2230 442 Βλέπετε,
2247 395 2325 433 ὅσον
2341 394 2423 446 ὕψος

1395 452 1457 494 τῆς
1477 447 1625 499 ἀρχαίας
1651 446 1838 498 εὐγενείας·
1859 446 1922 494 ὅση
1955 447 2161 490 ταπείνωσις
2173 452 2233 486 τοῦ
2253 449 2425 499 ἀπόσχοι-

1397 499 1568 544 νισθέντος
1587 503 1649 546 τῆς
1664 499 1849 542 εὐσεὸείας.
1864 498 1989 545 Ἐδόθη
2010 499 2146 551 βόσκειν
2165 500 2303 553 χοίρους
2315 529 2324 546 ,
2344 516 2424 538 του-

1398 552 1525 601 τέστιν,
1544 554 1681 600 ἡδοναῖς
1704 551 1764 589 καὶ
1778 552 1966 603 ἁμαρτίαις
1978 545 2209 604 ἐμφύρεσθαί·
2230 552 2247 590 ὃ
2266 552 2333 604 γάρ
2350 554 2424 590 ἐστι

1401 605 1565 659 βόρὸορος
1597 605 1727 657 χοίροις
1740 634 1749 652 ,
1770 609 1870 642 τοῦτο
1889 604 2046 656 ἁμαρτία
2063 610 2133 648 τοῖς
2161 606 2423 658 ἐμφυρομένοις.

1399 660 1468 696 Διὰ
1486 663 1587 696 τοῦτο
1618 662 1635 696 ὁ
1666 656 1793 710 Σωτὴρ
1811 656 1888 699 τοὺς
1922 659 1956 695 ἐν
1989 656 2186 710 ἀκαθαρσία
2206 660 2336 702 ζῶντας
2365 658 2426 695 καὶ

1402 710 1568 764 βορὸόρου
1589 711 1686 758 δίκην
1710 716 1784 753 ταῖς
1800 709 1988 761 ἁμαρτίαις
2003 698 2257 762 ἐμφυρομένους
2278 710 2428 748 αἰνιττό-

1402 780 1500 814 μενος
1520 763 1637 816 ἔλεγε,
1654 762 1714 810 Μὴ
1736 764 1822 800 δῶτε
1837 761 1881 799 τὰ
1909 762 1993 813 ἅγια
2021 769 2092 805 τοῖς
2109 762 2206 810 κυσὶ,
2225 762 2314 813 μηδὲ
2344 762 2428 813 βάλ-

1400 818 1479 855 λετε
1507 816 1585 861 τοὺς
1622 815 1839 870 μαργαρίτας
1864 817 1960 865 ὑμῶν
1982 814 2175 866 ἔμπροσθεν
2194 818 2263 853 τῶν
2282 814 2425 868 χοίρων.

1401 868 1553 908 ’Έὸοσκε
1572 869 1719 923 χοωίρους.
1754 867 1944 917 Ἐπεθύμει
1963 867 1999 906 δὲ
2017 870 2254 920 χορτασθῆναι
2271 867 2340 905 ἀπὸ
2360 871 2428 905 τῶν

1402 921 1585 974 κερατίων,
1603 925 1650 960 ὡν
1669 922 1788 969 ἤσθιον
1806 923 1837 958 οἱ
1856 926 1986 972 χοῖροι·
2003 921 2062 958 καὶ
2074 921 2182 963 οὐδεὶς
2194 920 2304 958 ἐδίδου
2321 922 2427 972 αὐτῷ,

1404 974 1562 1026 Πρόσεχε
1589 977 1733 1013 ἐνταῦθα
1760 973 1926 1026 ἀκριὸῶς.
1957 972 2001 1011 Ὁ
2021 972 2348 1025 ἀποσχοινιζόμενος
2368 977 2429 1019 τῆς

1405 1026 1601 1072 εὖσεὸείας,
1620 1026 1696 1065 οὐδὲ
1726 1028 1837 1064 αὐτῶν
1858 1025 1930 1078 ἔχει
1949 1028 2017 1063 τῶν
2037 1026 2167 1072 ἡδονῶν
2187 1025 2249 1073 τὴν
2274 1026 2430 1064 ἀπόλαυ-

1369 1098 1373 1108 ‹
1405 1095 1472 1126 σιν,
1496 1081 1571 1117 ἀλλ’
1593 1078 1704 1130 ἐνδείᾳ
1731 1078 1985 1125 ὓποὸάλλεται,
2013 1078 2072 1116 καὶ
2100 1078 2260 1130 πτωχείᾳ
2286 1079 2430 1116 καταδι-

1405 1131 1567 1179 κάζεται,
1586 1130 1677 1168 ὥστε
1694 1130 1783 1181 μηδὲ
1811 1133 1880 1167 τῶν
1900 1130 2103 1184 αἱρεθέντων
2123 1134 2239 1168 κακῶν
2260 1131 2351 1183 ἔχειν
2367 1131 2430 1177 τὴν

1408 1184 1584 1236 ἀφθονίαν.
1600 1183 1645 1221 ‘O
1664 1184 1731 1236 γὰρ
1746 1183 1877 1235 ἄφρων,
1894 1182 2012 1234 φησὶν,
2036 1184 2071 1219 ἐν
2087 1183 2198 1234 ἐνδείᾳ
2217 1176 2433 1230 τελευτήσει.

1407 1236 1603 1281 Ἀπεικοίζει
1630 1236 1741 1274 τοίνυν
1757 1235 1819 1277 τὰς
1834 1237 1867 1273 ἓν
1891 1238 1940 1286 τῷ
1960 1236 2081 1286 κόσμῳ
2100 1235 2224 1281 ἡδονὰς
2238 1236 2430 1289 κερατίοις·

1406 1290 1447 1328 τὸ
1465 1290 1532 1343 γὰρ
1551 1289 1710 1340 κεράτιον
1731 1287 1864 1334 πολλὴν
1883 1287 1945 1337 μὲν
1967 1287 2040 1340 ἔχει
2059 1287 2281 1339 τραχύτητα,
2303 1289 2432 1341 μικρὰν

1409 1341 1523 1390 δὲτὴν
1542 1342 1715 1389 ἡδύτητα·
1736 1341 1795 1380 καὶ
1817 1339 1862 1378 τὰ
1883 1343 1917 1378 ἐν
1939 1340 2061 1394 κόσμῳ
2077 1340 2205 1393 φαιδρὰ
2229 1341 2289 1379 καὶ
2313 1345 2434 1380 ποθει-

1410 1395 1473 1441 νὰ,
1503 1394 1651 1438 πολλοὺς
1675 1393 1736 1445 μὲν
1759 1393 1834 1445 ἔχει
1861 1392 1939 1436 τοὺς
1972 1393 2111 1439 πόνους,
2145 1393 2273 1445 μικρὰν
2301 1392 2336 1431 δὲ
2368 1394 2431 1441 τὴν

1410 1448 1614 1487 ἀπόλαυσιν.
1637 1446 1734 1493 Αὐτὴ
1771 1453 1868 1484 πᾶσα
1892 1449 1914 1493 ἠ
1947 1445 2016 1492 ζωὴ
2048 1448 2149 1496 ἡμῶν
2171 1446 2304 1484 πλείονι
2335 1445 2434 1499 κόπῳ

1410 1502 1540 1552 μᾶλλον
1558 1501 1580 1546 ἢ
1605 1499 1793 1552 εὐφροσύνῃ
1815 1498 2047 1542 συνέζευκται.
2066 1501 2110 1536 Αἱ
2131 1498 2262 1550 ἡμέραι
2278 1497 2346 1551 γὰρ
2364 1501 2432 1536 τῶν

1409 1555 1495 1591 ἐτῶν
1511 1557 1610 1604 ἡμῶν
1635 1556 1668 1591 ἐν
1689 1554 1803 1595 αὐτοῖς
1823 1550 2062 1601 ἑὲδομήκοντα
2082 1551 2158 1598 ἔτη·
2183 1552 2242 1589 καὶ
2259 1551 2298 1588 τὸ
2316 1552 2434 1589 πλεῖον

1410 1608 1535 1650 αὐτῶν,
1550 1605 1655 1649 κόπος
1669 1605 1728 1644 καὶ
1747 1605 1847 1648 πόνος
1860 1619 1867 1627 ·
1890 1603 1929 1642 τὸ
1950 1603 1985 1642 δὲ
2008 1604 2140 1651 λοιπὸν,
2155 1607 2176 1650 ἡ
2200 1603 2312 1642 ἔνδεια
2331 1604 2432 1641 αὐτὸν

1409 1658 1692 1710 ἐπαιδαγώγησε,
1720 1658 1780 1696 καὶ
1811 1661 1833 1704 ἡ
1867 1656 1979 1708 θλίψις
2016 1655 2216 1708 ἐπέστρεψε.
2246 1656 2436 1694 Παιδεύσει

1408 1727 1447 1749 σε
1479 1711 1547 1764 γὰρ
1581 1715 1601 1758 ἡ
1633 1710 1829 1749 ἀποστασία
1857 1725 1938 1755 σου,
1969 1709 2028 1746 καὶ
2049 1713 2070 1755 ἦ
2092 1710 2199 1746 κακία
2222 1724 2282 1747 σου
2304 1708 2435 1759 ἐλέγξει

1410 1780 1459 1802 σε.
1492 1766 1554 1807 Εἰς
1586 1764 1705 1802 ἑαυτὸν
1746 1762 1781 1801 δὲ
1806 1761 1926 1800 ἐλθών.
1958 1761 2098 1809 Καλὸν,
2134 1761 2173 1799 τὸ
2204 1762 2267 1804 Εἰς
2293 1761 2431 1799 ἑαυτόν.

1409 1817 1524 1855 υΟταν
1556 1816 1624 1869 γὰρ
1656 1814 1931 1866 ἁμαρτάνωμεν,
1961 1814 2058 1856 ἐκτὸς
2078 1815 2190 1852 αὐτῶν
2217 1816 2340 1865 ἐσμεν,
2360 1829 2435 1851 πα-

1691 1868 1697 1880 1

355 1891 492 1916 versus.
521 1875 674 1914 Pulchre
697 1873 841 1921 dicitur,
861 1874 910 1909 In
932 1875 1110 1922 seipsum.
1138 1872 1230 1909 Num
1255 1884 1336 1908 cum
1363 1887 1388 1915 Α
1414 1875 1660 1922 ραφρονοῧμεν,
1680 1868 1744 1912 ἐξω
1770 1870 1839 1906 τῶν
1870 1865 2005 1905 οἰκείων
2036 1868 2211 1918 λογισμῶν
2242 1866 2436 1919 φερόμεθα·

1022 1923 1028 1929 “
2050 1920 2060 1932 5

352 1943 550 1982 peccamus,
568 1937 667 1966 extra
686 1940 748 1964 nos
764 1939 901 1973 sumus,
917 1925 1124 1971 insanimus,
1138 1932 1238 1960 extra
1258 1937 1339 1975 pro-

350 1983 447 2035 prias
462 1981 689 2033 cogitationes
710 1978 902 2016 deferimur
921 1993 928 2013 :
951 1991 1032 2014 eum
1049 1990 1132 2015 vero
1145 1976 1240 2027 juste
1254 1990 1336 2027 pro-

351 2035 520 2083 cedimus,
535 2035 571 2071 in
592 2047 652 2070 nos
669 2032 763 2084 ipsos
783 2030 1008 2069 revertimur.
1024 2031 1073 2066 In
1091 2031 1256 2080 seipsum
1278 2043 1340 2066 re—

355 2103 495 2133 versus,
516 2086 621 2124 dixit.
641 2085 709 2122 Hic
727 2083 1102 2133 animadverte,quam
1122 2081 1159 2118 id
1181 2095 1261 2120 vere
1282 2080 1337 2118 di-

352 2151 463 2179 catur.
482 2139 612 2178 Medici
627 2138 721 2176 enim
742 2136 895 2174 remedia
914 2135 1087 2173 adhibent
1100 2134 1284 2186 peregrina
1306 2143 1338 2171 et

352 2195 478 2243 aliena,
492 2194 684 2246 pharmaca
698 2199 815 2227 autem
831 2189 912 2228 vitae
932 2198 1058 2226 nostrae
1075 2202 1121 2225 ex
1136 2187 1237 2225 nobis
1251 2187 1338 2239 ipsis

351 2247 535 2285 babemus.
565 2248 613 2282 In
645 2258 683 2282 se
712 2256 898 2282 reversus.
926 2242 1006 2279 Non
1027 2240 1140 2278 alieno
1172 2254 1257 2278 usus
1287 2249 1338 2277 est

352 2301 560 2351 pharmaco,
583 2296 646 2336 sed
676 2311 751 2345 SUO,
774 2308 900 2347 nempe
923 2308 969 2331 ex
989 2302 1122 2330 naturae
1143 2307 1254 2344 penu3
1275 2292 1337 2329 illo

353 2368 437 2390 usus
457 2361 507 2390 est
533 2350 580 2388 ad
601 2350 763 2395 salutem,
781 2357 814 2385 et
833 2348 906 2384 ait:
928 2348 1028 2397 Quot
1054 2347 1280 2382 mercenarii
1299 2347 1340 2381 in

353 2407 466 2442 domo
479 2407 603 2456 patris
625 2405 698 2439 mei
712 2401 915 2438 abundant
928 2401 1109 2451 panibus,
1125 2412 1192 2450 ego
1210 2407 1340 2435 (ilicem

343 2460 461 2510 same
483 2460 623 2509 pereo?
643 2455 751 2492 Filios
780 2461 883 2492 vocat
907 2452 1031 2490 divina
1056 2451 1238 2502 Scriptura
1260 2465 1337 2499 eos,

166 3092 252 3121 PSIM’.
283 3090 350 3127 114.

168 3202 287 3230 ΙίιὶιΙ.ν.
305 3202 350 3232 [8.

171 3253 219 3283 19.

354 2512 414 2561 qui
436 2524 578 2562 prorsus
595 2508 743 2560 justitize
769 2516 801 2543 et
819 2505 940 2558 pietati
956 2504 1070 2541 dediti
1087 2513 1185 2552 sunt3
1208 2517 1341 2541 merce-

357 2564 474 2600 narios
499 2572 616 2600 autem
643 2575 711 2608 eos,
732 2560 793 2610 qui
814 2573 881 2596 non
907 2556 1153 2595 omnimodum
1173 2557 1341 2593 affectum

357 2630 439 2665 erga
467 2616 567 2652 illam
596 2614 738 2660 liabent,
762 2626 871 2662 neque
891 2611 926 2647 in
946 2609 1123 2648 exercitiis
1140 2609 1224 2647 vitae
1244 2609 1344 2661 peni-

357 2678 429 2712 tus,
451 2683 487 2705 ea
510 2683 587 2718 quie
616 2666 681 2704 Dei
701 2675 795 2709 sunt,
810 2673 947 2712 curant3
966 2662 1028 2700 sed
1045 2663 1179 2699 bonum
1199 2662 1344 2712 quidem

362 2721 577 2771 intelligunt,
604 2729 637 2756 et
660 2719 810 2757 verbum
832 2725 962 2762 mnant,
983 2725 1018 2752 at
1045 2725 1158 2753 totuin
1186 2715 1346 2752 animum

363 2773 428 2824 ipsi
444 2787 509 2809 non
530 2773 718 2823 applicant.
735 2770 781 2807 Et
798 2770 852 2806 his
866 2768 1022 2819 quidem,
1040 2769 1100 2818 qui
1122 2767 1264 2804 omnino
1279 2767 1347 2803 fcr-

363 2835 446 2862 vent
459 2840 588 2871 amoro,
608 2824 738 2874 quique
756 2824 881 2874 pictate
899 2821 1026 2859 imbuti
1041 2829 1136 2869 sunt,
1154 2820 1347 2857 secundum

364 2877 534 2930 propositi
556 2878 725 2913 rationem
754 2878 849 2912 Deus
878 2874 1076 2912 mercedem
1103 2873 1240 2910 tribuit.
1264 2875 1349 2911 Jure

365 2944 447 2981 crgo
476 2930 614 2966 dicebat
645 2929 726 2965 illo:
747 2931 845 2977 Quot
879 2929 1107 2964 mercenarii
1131 2928 1254 2977 patris
1275 2927 1349 2962 mei

365 2984 569 3020 abundant
606 2984 793 3032 panibus:
814 2995 880 3031 ego
910 2989 1038 3016 (cutem
1073 2981 1182 3030 same
1211 2981 1350 3029 pereo?

366 3037 537 3073 Revertar
564 3034 609 3071 (ul
638 3043 769 3084 patrem
798 3040 1123 3080 mcum:revertar,
1144 3031 1234 3068 sicut
1257 3031 1352 3068 dixit

368 3089 427 3126 ille
444 3105 450 3124 :
467 3090 708 3130 Convertere,
729 3087 862 3121 anima
879 3098 976 3129 mea,
989 3087 1029 3120 in
1043 3087 1215 3135 requiem
1233 3093 1350 3122 taam.

369 3143 421 3179 Et
440 3142 581 3186 dicam,
606 3141 738 3183 Pater,
757 3139 913 3188 peccavi
939 3139 979 3172 in
999 3137 1134 3172 melam
1161 3145 1197 3173 et
1222 3151 1354 3174 coram

369 3204 404 3231 le
420 3211 432 3237 ‚·
449 3203 485 3231 et
503 3196 587 3245 jam
610 3206 687 3229 non
707 3204 789 3228 sum
807 3191 943 3239 dignus
966 3191 1102 3225 vocari
1115 3189 1221 3238 filius
1239 3198 1325 3226 tuus
1341 3204 1352 3224 .-

357 3249 434 3299 sac
463 3261 522 3283 me
549 3248 647 3283 sicul
676 3257 794 3280 ιιηιιιη
815 3256 861 3278 ei·
884 3243 1130 3277 mercenariis
1164 3243 1252 3278 tuis.
1278 3241 1355 3277 Alia

369 3308 447 3337 sunt
469 3298 576 3337 verba
605 3295 827 3350 poenitentis,
848 3302 881 3330 ct
901 3293 969 3329 alia
992 3292 1085 3329 dona
1112 3292 1356 3343 poenitentiam

368 3351 583 3403 recipientis.
607 3349 677 3396 Qui
709 3356 872 3400 peccator
899 3345 944 3383 ad
972 3344 1215 3396 poenitentiam
1242 3345 1354 3393 venit,

369 3418 435 3441 non
455 3417 603 3454 regnum
622 3402 787 3440 caelorum
808 3399 840 3436 in
864 3397 1114 3447 imaginatione
1137 3406 1266 3443 versat,
1288 3410 1355 3433 non

1411 1922 1492 1961 ὅταν
1524 1922 1559 1960 δὲ
1593 1921 1735 1964 δικαίως
1770 1920 2011 1974 προάγωμεν,Ν
2033 1935 2079 1963 εις
2114 1918 2254 1963 ἑαυτοὺς
2286 1922 2434 1971 ἐπανερ-

1411 1975 1558 2027 χόμεθα.
1586 1976 1646 2018 Εἰς
1674 1973 1794 2012 ἑαυτὸν
1816 1973 1945 2017 ἐλθὼν,
1981 1976 2090 2010 εἶπεν.
2109 1974 2283 2010 Ἐνταῦθα
2305 1971 2437 2023 πρόσε-

1410 2044 1453 2080 χε
1477 2027 1650 2081 ἀκριὸῶς,
1677 2030 1750 2071 πῶς
1769 2025 1927 2072 ἀληθεύει
1955 2024 2222 2078 ὁπροειρημένος
2253 2024 2370 2077 λόγος,
2386 2024 2440 2062 ὅτι

1412 2081 1523 2134 ἰατροὶ
1549 2080 1610 2132 μὲν
1638 2079 1808 2133 φάρμακα
1826 2077 2045 2117 ὑποτίθενται
2071 2077 2150 2122 ξένα
2169 2077 2227 2116 καὶ
2251 2076 2439 2130 ἀλλότρια,

1410 2133 1454 2172 τὰ
1476 2133 1510 2172 δὲ
1539 2134 1708 2186 φάρμακα
1743 2135 1803 2178 τ’ῆς
1834 2133 1924 2178 ζωῆς
1945 2133 2045 2180 ἡμῶν
2077 2130 2110 2174 ἐξ
2141 2133 2272 2168 ἑαυτῶν
2300 2130 2438 2181 ἔχομεν.

1412 2189 1474 2229 Εἰς
1510 2187 1630 2224 ἑαυτὸν
1667 2185 1786 2224 ἐλθών.
1822 2186 1899 2223 Οὐκ
1934 2182 2105 2235 ἀλλοτρίῳ
2136 2183 2314 2234 ἐχρήσατο
2349 2199 2440 2235 φαρ-

1412 2240 1514 2291 μάκῳ
1525 2270 1534 2287 ,
1553 2238 1642 2277 ἀλλὰ
1660 2245 1731 2280 τοῖς
1750 2237 1906 2285 οἰκείοις,
1928 2241 1999 2279 τοῖς
2019 2236 2088 2274 ἀπὸ
2105 2239 2168 2283 τῆς
2185 2236 2317 2288 φύσεως
2337 2237 2440 2273 πλεο-

1410 2292 1622 2342 νεκτήμασι,
1637 2290 1770 2333 τούτοις
1782 2290 1953 2341 κέχρηται
1971 2291 2019 2331 εἷς
2039 2287 2227 2340 σωτηρίαν,
2251 2288 2310 2325 καὶ
2325 2287 2418 2339 λέγει
2431 2303 2438 2310 ·

1412 2344 1523 2382 Πόσοι
1549 2343 1680 2395 μίσθιοι
1698 2348 1757 2381 τοῦ
1777 2341 1907 2394 πατρός
1935 2357 1999 2391 μου
2021 2340 2283 2392 περισσεύουσιν
2308 2340 2437 2391 ἄρτων,

1412 2396 1481 2449 ἐγὼ
1504 2396 1538 2434 δὲ
1552 2399 1645 2449 λιμῷ
1668 2393 2001 2445 ἀπόλλυμαι;Υἱοὺς
2019 2392 2080 2443 μὲν
2095 2395 2193 2431 καλεῖ
2214 2396 2235 2438 ἡ
2255 2392 2330 2430 θεία
2350 2394 2442 2444 Γρα-

1413 2449 1480 2502 φὴ,
1509 2447 1585 2493 τοὺς
1605 2447 1719 2499 πάντῃ
1746 2450 1789 2498 τῇ
1811 2445 2011 2497 δικαιοσύνῃ
2040 2445 2099 2483 καὶ
2121 2444 2278 2496 εὖσεὸείᾳ
2299 2447 2443 2483 ἀνακει-

1415 2502 1551 2554 μένους·
1575 2501 1729 2552 μισθίους
1755 2501 1808 2549 δὲ,
1828 2499 1906 2542 τοὺς
1923 2498 1971 2549 μὴ
1992 2497 2180 2551 ὁλόκληρον
2199 2497 2342 2550 ἔχοντας
2358 2497 2443 2548 πρὸς

1415 2555 1514 2593 αὐτὸν
1533 2554 1695 2601 διάθεσιν,
1713 2552 1800 2603 μηδὲ
1824 2551 1914 2590 κατὰ
1939 2551 1999 2598 τὴν
2016 2554 2078 2597 τῆς
2095 2551 2270 2593 πολιτείας
2295 2550 2443 2597 ἄσκησιν

1415 2608 1529 2660 πάντῃ
1560 2607 1604 2644 τὰ
1624 2612 1682 2644 τοῦ
1708 2608 1798 2644 Θεοῦ
1822 2609 2047 2657 φρονοῦντας·
2082 2604 2172 2642 ἀλλὰ
2186 2602 2362 2646 συνιέντας
2382 2602 2443 2653 μὲν

1415 2661 1454 2699 τὸ
1481 2660 1602 2704 καλὸν,
1637 2658 1697 2697 καὶ
1723 2660 1931 2710 ἀγαπῶντας
1960 2656 2015 2694 τὸν
2050 2656 2163 2707 λόγον,
2186 2655 2233 2706 μὴ
2257 2654 2445 2708 ὁλόκληρον

1418 2713 1454 2752 δὲ
1474 2713 1535 2760 τὴν
1555 2712 1708 2751 διάνοιαν
1731 2710 1917 2753 ἀναθέντας
1932 2711 1985 2747 ἐπ’
2007 2708 2124 2746 αὐτόν.
2144 2709 2213 2747 Καὶ
2236 2707 2367 2751 τούτοις
2385 2708 2446 2758 μὲν

1419 2765 1606 2818 ὁλόκληρον
1615 2765 1732 2817 ἔχουσι
1745 2763 1803 2802 τὸν
1825 2763 1942 2811 πόθον,
1953 2762 2039 2804 ὅλως
2060 2761 2094 2799 δὲ
2109 2765 2150 2812 τῇ
2166 2759 2323 2813 εὐσεὸείᾳ
2336 2777 2449 2814 προσ-

1422 2819 1600 2872 ανέχουσιν
1634 2821 1651 2856 ὃ
1682 2817 1771 2860 Θεὸς
1799 2815 1857 2853 τὸν
1894 2814 2014 2866 μισθὸν
2041 2813 2160 2868 δωίδωσι
2186 2812 2278 2851 κατὰ
2302 2813 2364 2859 τὴν
2389 2815 2450 2857 τ’ῆς

1422 2871 1615 2925 προθέσεως
1634 2869 1832 2920 ἀναλογίαν.
1857 2866 2011 2909 Εἰκότως
2027 2870 2082 2903 οὖν
2105 2869 2250 2913 ἐκεῖνος,
2274 2865 2384 2904 Πόσοι
2397 2865 2453 2916 μί-

1424 2930 1512 2964 σθιοι
1543 2929 1602 2961 τοῦ
1633 2922 1764 2974 πατρός
1790 2936 1854 2971 μου
1874 2917 2135 2972 περισσεύουσιν
2163 2918 2289 2971 ἄρτου,
2321 2917 2389 2969 ἐγὼ
2418 2916 2453 2955 δὲ

1422 2980 1516 3030 λιμῷ
1537 2975 1759 3025 ἀπόλλυμαι;
1779 2972 2010 3024 Ὑποστρέψω)
2032 2971 2117 3024 πρὸς
2135 2972 2192 3009 τὸν
2213 2969 2350 3023 πατέρα
2367 2984 2452 3020 μου·

1423 3029 1629 3081 ὑποστρέψω
1666 3027 1756 3065 κατὰ
1783 3027 1840 3064 τὸν
1877 3026 2041 3076 λέγοντα·
2076 3023 2323 3075 Ἰἰπίστρεψον,
2359 3021 2454 3074 ψυχή

1427 3098 1510 3134 μου,
1533 3084 1579 3125 εἰς
1595 3081 1656 3128 τὴν
1678 3077 1872 3117 ἀνάπαυσίν
1897 3093 1969 3115 σου.
1993 3075 2062 3113 Καὶ
2084 3078 2169 3127 ἐρῶ,
2190 3075 2457 3126 πάτερ,ἥμαρ-

1425 3152 1482 3174 τον
1503 3135 1550 3177 εἷς
1575 3134 1632 3171 τὸν
1668 3132 1828 3184 οὐρανὸν,
1864 3130 1924 3167 καὶ
1955 3127 2100 3166 ἐνώπιόν
2129 3144 2208 3173 σου,
2229 3128 2290 3165 καὶ
2312 3130 2373 3165 οὐκ
2408 3126 2458 3163 ἔτι

1428 3188 1500 3239 εἰμὶ
1517 3186 1607 3231 ἄξιος
1623 3187 1794 3231 κληθῆναι
1814 3183 1883 3226 υἱός
1903 3199 1963 3220 σου
1976 3197 1984 3205 ·
2008 3180 2153 3226 ποίησόν
2170 3196 2230 3231 με,
2247 3183 2294 3222 ὡς
2314 3178 2374 3216 ἕνα
2389 3182 2457 3216 τῶν

1430 3240 1574 3290 μισθίων
1591 3254 1663 3276 σου.
1690 3236 1798 3275 Ἄλλα
1819 3235 1863 3273 τὰ
1887 3234 2028 3285 ῥήματα
2046 3239 2106 3272 τοῦ
2121 3231 2459 3283 μετανοοῦντος,κα“ι

1430 3293 1520 3330 ἄλλα
1539 3291 1583 3329 τὰ
1609 3292 1703 3341 δῶρα
1719 3292 1778 3326 τοῦ
1806 3287 1994 3340 δεχομένου
2023 3285 2085 3332 τὴν
2114 3284 2310 3336 μετάνοιαν.
2332 3282 2375 3321 Ὁ
2393 3282 2461 3320 ἀπὸ

1431 3346 1612 3395 ἁμαρτιῶν
1635 3345 1681 3385 εἷς
1702 3340 1884 3392 μετάνοιαν
1906 3338 2111 3391 ἐρχόμενος,
2127 3339 2165 3375 οὗ
2178 3335 2387 3403 φαντάζεται
2402 3337 2462 3385 βα-

1434 3396 1563 3434 σιλείαν
1588 3397 1763 3445 οὐρανῶν,
1789 3395 1848 3431 οὐκ
1866 3391 1958 3436 ἄξιον
1987 3390 2108 3428 ἑαυτὸν
2134 3404 2243 3441 κρινει
2266 3391 2355 3434 ζωῆς
2381 3389 2462 3424 αἰω-
