2481 3678
164 1233 274 1260 Futura

88 1275 265 1301 immortalia
781 1297 787 1304 .

88 1322 172 1345 mm,
217 1318 274 1342 sive
287 1296 380 1346 quod
400 1306 626 1348 praetereant,
658 1311 720 1335 nec
750 1297 814 1335 diu
834 1306 1011 1334 maneant.
1037 1298 1172 1334 Futura
1195 1311 1278 1335 vero

87 1356 229 1393 supplicia
244 1378 251 1389 ι
288 1366 436 1408 utraque
457 1357 672 1395 immortalia
694 1368 796 1406 511111,
814 1367 887 1395 tam
906 1357 1142 1410 supplicium,
1171 1372 1275 1408 quam

86 1398 147 1424 sive

88 1439 155 1465 mia.

201 1409 219 1435 P
225 1409 257 1425 1*OE
262 1414 276 1420 ·

301 160 390 201 300
775 178 812 207 S.

292 256 385 294 daeos
400 256 657 309 alloquebatur,
676 261 790 298 Patris
807 263 1046 302 testimonium
1068 265 1101 302 in
1121 266 1280 305 medium

293 316 459 354 adduxit.

849 180 987 210 JoiiNN
998 181 1031 210 [S
1066 182 1310 214 CHRYSOST.

1350 187 1553 217 aucium).
1593 188 1953 221 CONSTANTINOP-

1351 270 1440 313 στός·
1458 270 1503 308 ‘0
1521 271 1657 309 ἀκούων
1679 287 1743 322 μου
1758 272 1836 316 τοὺς
1848 274 1981 325 λόγους,
1993 280 2111 314 τοῦτον
2128 278 2333 331 ἐσφράγισεν
2355 279 2372 314 ὃ

1349 329 1494 383 Πατὴρ,
1511 332 1563 369 ὅτι
1584 335 1601 369 ὁ
1622 332 1712 376 Θεὸς
1729 334 1859 381 ἀληθής
1878 336 1968 373 ἐστι·
1989 336 2176 384 τουτέστιν,
2199 339 2372 383 ἀπέδειξεν

1350 392 1619 445 ἀναντιῤῥήτως·
1638 393 1655 431 δ
1677 393 1718 439 δή
1737 410 1796 444 μοι
1817 395 1908 433 δοκεῖ
1927 397 1986 434 καὶ
2007 399 2152 435 ἐνταῦθα
2171 401 2192 443 ἦ
2213 398 2302 443 λέξις
2320 402 2374 437 αἰ-

1347 451 1532 491 νίττεσθαι.
1554 453 1663 491 Οὐδὲν
1685 453 1751 505 γάρ
1783 457 1875 492 ἐστιν
1900 455 1985 494 ἄλλο
2005 457 2062 505 τὸ,
2096 457 2328 510 Ἐσφράγισεν
2355 463 2371 496 ὃ

1301 517 1324 546 D
1344 512 1491 566 Πατὴρ,
1522 516 1598 552 ἀλλ’
1619 514 1641 560 ἢ
1663 514 1851 560 ἀπέδειξεν,
1886 516 2036 560 ἐξεκάλυ·
2059 533 2075 555 ε
2099 517 2154 555 διὰ
2174 520 2236 563 τῆς
2265 521 2369 556 αὐτοῦ

347 748 384 782 ’2.
413 745 599 785 Discamus
628 748 758 797 itaque,
782 748 917 798 dilecti,
937 750 995 787 illa
1018 764 1037 787 a
1057 752 1131 787 Deo
1161 760 1278 802 petere

293 821 370 855 quet*
394 808 439 844 ab
469 807 530 844 illo
560 818 830 847 consentaneum
858 819 907 847 051
932 820 1059 861 petere.
1088 811 1278 849 Satcularia

293 868 399 915 enim,
420 884 562 919 quoquo
590 870 696 908 modo
723 870 895 919 accidant,
920 871 1010 909 nihil
1040 873 1194 910 asserunt
1212 887 1278 909 no-

293 931 458 967 cumonti.
478 932 569 968 Nam
593 931 620 969 si
644 931 853 981 ditabimur,
888 932 947 968 hic
975 941 1112 969 tantum
1140 932 1278 970 deliciis

290 989 473 1028 fruemur:
498 992 525 1028 si
560 992 594 1029 111
624 1001 867 1044 paupertatem
906 992 1150 1037 inciderimus,
1186 992 1277 1029 nihil

290 1051 427 1088 molesti
444 1052 634 1103 patiemur.
658 1052 742 1090 Sive
759 1066 943 1103 prospera,
962 1052 1036 1089 sive
1056 1051 1171 1090 tristia
1187 1052 1278 1089 acci-

289 1109 389 1157 dant,
406 1112 481 1148 vim
493 1113 626 1148 nullam
643 1112 688 1149 ad
705 1112 998 1163 voluptatemvel
1015 1112 1198 1148 tristitiam
1214 1112 1278 1149 ha-

1345 574 1545 626 μαρτυρίας.
1568 575 1581 587 ”
1599 575 1702 619 ἷδειξε
1721 575 1782 626 μὲν
1803 575 1869 628 γὰρ
1890 576 1949 614 καὶ
1963 578 2063 620 αὐτὸς
2085 577 2206 616 ἑαυτόν
2221 594 2228 601 ·
2249 578 2369 624 ἐπειδὴ

1344 634 1378 671 δὲ
1396 634 1480 686 πρὸς
1498 636 1683 680 Ἰουδαίους
1704 636 1887 688 διελέγετο,
1908 636 1971 683 τὴν
1988 642 2047 677 τοῦ
2068 638 2209 690 Πατρὸς
2239 654 2373 689 μαρτυ-

1347 695 1420 748 ρίαν
1439 699 1487 739 εἰς
1510 696 1614 747 μέσον
1637 697 1760 749 ἤγαγε.

1398 755 1576 805 Μάθωμεν
1610 758 1738 806 τοίνυν,
1777 759 1955 811 ἀγαπητοὶ
1973 787 1985 803 ,
2019 762 2130 797 ταῦτα
2174 762 2280 798 αἰτεῖν
2316 761 2373 798 τὸν

1343 816 1446 865 Θεὸν,
1467 818 1488 855 ἃ
1510 818 1602 863 ἄξιόν
1630 823 1704 858 ἐστι
1734 821 1817 872 παρ’
1847 822 1950 859 αὐτοῦ
1979 821 2098 858 αἰτεῖν.
2133 820 2277 858 Ἐκεῖνα
2310 820 2371 871 μὲν

1344 876 1411 931 γὰρ
1423 909 1432 926 ,
1451 878 1544 923 ὅπως
1561 880 1601 918 ἂν
1622 881 1710 933 τύχῃ
1726 911 1734 927 ,
1754 880 1798 918 τὰ
1816 880 1964 932 βιωτικὰ
1980 881 2093 932 λέγω,
2119 881 2254 931 βλάὸην
2273 881 2372 918 οὐδε-

1348 940 1429 991 μίαν
1450 941 1556 994 φέρει.
1573 939 1630 979 Ἂν
1653 958 1690 979 τε
1715 942 1782 994 γὰρ
1808 941 2075 992 πλουτήσωμεν,
2099 943 2247 979 ἐνταῦθα
2268 941 2371 991 μόνον

1346 1000 1613 1051 ἀπολαυσόμεθα
1633 1005 1694 1048 τῆς
1713 1006 1843 1054 τρυφῆς
1855 1018 1862 1025 ·
1881 1002 1920 1039 ἄν
1936 1018 1974 1040 τε
2001 1004 2048 1045 εἷς
2071 1002 2192 1040 πενίαν
2209 1002 2370 1040 καταπέ-

1346 1074 1473 1110 σωμεν,
1492 1060 1587 1099 οὐδὲν
1607 1063 1799 1113 πεισόμεθα
1820 1062 1941 1100 δεινόν.
1960 1061 2053 1100 Οὔτε
2073 1062 2141 1115 γὰρ
2159 1063 2204 1101 τὰ
2221 1062 2372 1114 λαμπρὰ

1344 1125 1404 1157 τοῦ
1428 1122 1597 1172 παρόντος
1620 1123 1715 1173 βίου,
1739 1124 1816 1162 οὔτε
1835 1124 1880 1162 τὰ
1900 1124 2042 1176 λυπηρὰ
2065 1127 2112 1167 εἷς
2138 1124 2286 1175 ἀθυμίας
2311 1124 2370 1162 καὶ

288 1173 385 1218 bont,
409 1173 469 1210 sed
489 1183 636 1224 utraque
655 1173 919 1221 contemnenda,
938 1182 976 1210 ut
999 1187 1078 1223 quae
1097 1187 1203 1223 quam
1222 1187 1277 1210 ce·
1298 1181 1322 1210 E
1345 1180 1470 1226 ἡδονῆς
1494 1181 1594 1232 λόγον
1617 1183 1690 1235 ἔχει
1714 1183 1776 1230 τὴν
1809 1183 1921 1235 ἰσχὺν,
1949 1186 2025 1222 ἀλλ’
2048 1184 2195 1238 ἑκάτερα
2216 1187 2371 1223 afim-50(-

288 1233 427 1271 len-rime
460 1243 646 1272 transeant.
674 1235 758 1272 Ideo
792 1235 866 1271 haec
886 1235 966 1286 jure
992 1234 1052 1272 via
1083 1243 1277 1283 vocantur,

289 1432 448 1469 regnum.
471 1419 573 1456 Circa
602 1419 677 1456 haec
695 1433 861 1470 magnam
884 1433 1046 1470 geramus
1065 1418 1279 1456 sollicitudi-

289 1493 382 1528 110111,
391 1488 429 1516 ut
446 1480 507 1517 illa
521 1480 714 1531 fugiamus,
730 1481 807 1517 11ωο
817 1494 1058 1530 assequamur.
1069 1479 1170 1527 Quid
1183 1480 1277 1517 enim

290 1540 455 1577 utilitatis
466 1555 510 1578 ex
527 1541 759 1592 praesentibus
775 1540 938 1578 deliciis?
950 1540 1065 1578 Hodie
1081 1549 1176 1590 sunt,
1198 1554 1274 1579 cras

1346 1240 1516 1293 φρόνητα,
1546 1243 1604 1280 καὶ
1629 1243 1719 1294 μετὰ
1737 1245 1869 1290 πολλῆς
1889 1245 2063 1296 παραῤῥεῖ
2087 1246 2150 1290 τῆς
2165 1247 2371 1296 ταχυτῆτος.

1345 1302 1409 1340 Διὸ
1428 1304 1488 1341 καὶ
1515 1305 1590 1348 ὁδὸς
1619 1304 1813 1352 ςκέκληται
1841 1304 2001 1352 εἰκότως,
2031 1305 2091 1343 ἅτε
2114 1305 2371 1356 παροδεύοντα,

1344 1363 1404 1401 καὶ
1427 1365 1483 1402 ἐπὶ
1498 1367 1658 1404 πλεῖστον
1677 1366 1790 1416 μένειν
1807 1368 1844 1404 οὖ
1861 1366 2040 1418 πεφυκότα
2061 1381 2068 1389 ·
2085 1365 2129 1404 τὰ
2146 1366 2180 1404 δὲ
2201 1366 2371 1418 μέλλοντα

1345 1423 1491 1476 ἑκάτερα
1518 1426 1674 1464 ἀθάνατα
1700 1426 1816 1477 μένει,
1838 1426 1882 1464 τά
1901 1442 1937 1464 τε
1962 1426 2159 1475 κολάσεως,
2187 1426 2232 1464 τά
2253 1443 2290 1465 τε
2309 1430 2372 1474 τῆς

1347 1485 1536 1534 βασιλείας.
1563 1486 1675 1540 Ὑπὲρ
1701 1487 1839 1525 ἐκείνων
1872 1487 1983 1525 τοίνυν
2017 1487 2150 1534 πολλὴν
2188 1486 2369 1537 ποιώμεθα

1345 1546 1511 1594 σπουδὴν,
1535 1547 1626 1586 ὥστε
1648 1548 1694 1587 τὰ
1713 1548 1773 1599 μὲν
1794 1554 1924 1601 φυγεῖν,
1942 1547 1985 1586 τὰ
2003 1547 2038 1585 δὲ
2052 1548 2205 1586 ἑλέσθαι.
2227 1548 2276 1585 Τί
2299 1546 2366 1599 γὰρ

287 1601 482 1638 avolabunt
497 1618 505 1637 z
523 1601 629 1639 hodic
647 1602 712 1639 flos
733 1611 814 1639 sunt
830 1600 1054 1653 splendidus,
1077 1615 1152 1638 cras
1171 1610 1273 1638 erunt
1284 1632 1331 1657 261
1343 1609 1405 1652 τῆς
1420 1609 1566 1646 ἐνταῦθα
1578 1612 1708 1660 τρυφῆς
1725 1609 1859 1661 ὄφελος
1878 1607 2039 1660 Σήμερόν
2057 1610 2130 1647 ἐστι
2142 1639 2151 1654 ,
2169 1608 2229 1646 καὶ
2249 1607 2368 1659 αὔριον

289 1662 407 1713 pulvis
422 1662 621 1714 dispersus:
638 1662 745 1700 hodic
769 1662 861 1713 ignis
880 1676 1061 1711 accensus,
1085 1676 1162 1699 cras
1183 1662 1272 1700 cinis
1297 1670 1322 1699 Α
1344 1669 1406 1704 οὐκ
1425 1668 1518 1706 ἔστι·
1541 1669 1691 1723 σήμερον
1716 1669 1815 1713 ἄνθος
1843 1669 2019 1721 λαμπρὸν,
2042 1669 2101 1705 καὶ
2130 1659 2247 1720 αὔριον
2271 1668 2364 1712 κόνις

288 1725 493 1762 exstinctus.
515 1724 724 1776 Spiritualia
744 1738 828 1763 vero
846 1738 915 1761 non
934 1722 1147 1775 hujusmodi
1166 1732 1247 1760 sunt
1258 1738 1269 1773 3

288 1784 350 1822 sed
363 1799 500 1839 semper
519 1786 612 1822 clara
634 1795 667 1823 et
684 1784 825 1834 florida7
842 1794 946 1835 atque
966 1784 1001 1821 111
1015 1783 1090 1820 (1105
1109 1783 1272 1835 splendi—

288 1846 389 1884 diora
401 1847 565 1885 evadunt.
574 1847 717 1886 Divitiae
725 1847 795 1884 illae
804 1860 998 1896 numquam
1007 1854 1165 1897 pereunt⁷
1174 1859 1219 1882 nu
1225 1860 1271 1883 m-

287 1922 392 1957 quam
405 1908 725 1947 transferunturvel
737 1916 883 1952 cessant,
892 1920 1086 1958 numquam
1101 1906 1273 1944 sollicitu-

285 1968 418 2017 (11110111,
431 1969 606 2007 invidiam
620 1979 653 2007 et
663 1969 877 2006 calumniam
888 1968 1052 2017 afferunt,
1066 1981 1134 2005 non
1145 1981 1272 2020 corpus

287 2030 460 2081 perdunt,
488 2044 556 2068 11011
575 2030 730 2068 animam
751 2038 1002 2081 corrumpunt,
1023 2043 1091 2066 non
1120 2029 1270 2068 livorem

287 2092 344 2129 vcl
371 2092 545 2130 invidiam
572 2092 782 2141 attrahunt5
805 2105 883 2141 quae
907 2089 1025 2127 omnia
1047 2089 1083 2126 in
1103 2090 1198 2127 111500
1218 2104 1273 2127 re-

286 2153 474 2204 periuntur
491 2153 643 2191 divitiis.
667 2152 792 2190 Gloria
810 2152 872 2189 illa
892 2165 959 2189 non
977 2151 1012 2188 in
1031 2151 1271 2202 arrogantiam

287 2214 447 2263 extollit,
479 2229 548 2251 11011
575 2223 750 2251 tumorem
783 2213 895 2265 parit,
918 2226 1115 2262 numquam
1146 2221 1268 2259 cessat,

286 2275 344 2313 vel
363 2276 584 2313 obscuratur.
609 2275 720 2323 Quies
743 2283 849 2325 atque
870 2273 1006 2311 deliciae
1027 2273 1062 2310 in
1083 2272 1269 2324 030101101-

286 2347 400 2388 petuae
417 2346 571 2385 manent,
589 2350 727 2388 semper
744 2336 897 2373 immotae
915 2344 948 2372 et
964 2334 1180 2371 immortales
1197 2333 1271 2371 sine

287 2398 361 2435 ullo
383 2399 454 2435 fine
478 2398 534 2435 vel
556 2397 717 2434 termino.
741 2397 858 2445 Hanc,
882 2396 1041 2444 obsecro7
1071 2394 1184 2432 vitam
1210 2393 1272 2430 de-

287 2460 493 2499 sideremus.
513 2459 551 2498 Si
568 2459 662 2497 0111111
684 2459 797 2511 ipsam
818 2458 1015 2510 cupiamus,
1036 2457 1172 2494 nullam
1185 2469 1272 2507 prae—

288 2522 438 2558 sentium
454 2521 624 2559 rationem
639 2520 851 2558 habebimus
860 2550 869 2568 ‚
884 2519 946 2557 sed
959 2519 1034 2556 haec
1045 2517 1163 2555 omnia
1177 2531 1267 2569 sper-

288 2598 411 2621 nemus
423 2594 455 2621 et
467 2584 720 2622 deridebimus.
737 2582 889 2620 Etiamsi
904 2582 983 2633 quis
1003 2595 1066 2618 nos
1083 2580 1119 2617 in
1136 2580 1271 2631 regiani

286 2654 422 2692 evocet,
444 2659 513 2695 quo
529 2645 619 2682 nihil
637 2644 776 2682 beatius
796 2644 1031 2692 existimatur,
1049 2655 1117 2680 non
1137 2655 1270 2678 annue-

287 2719 377 2751 mus,
394 2706 452 2741 tali
477 2720 600 2757 nempe
619 2705 696 2742 fulti
719 2719 779 2756 spe
795 2720 804 2753 ;
820 2719 902 2742 nam
920 2704 976 2752 iis,
995 2703 1057 2754 qui
1078 2702 1271 2740 caelestium

287 2779 405 2802 amore
432 2766 524 2816 capti
552 2774 646 2813 511111,
669 2764 705 2801 id.
725 2764 795 2802 vile
822 2773 854 2801 et
874 2764 1006 2801 nullius
1027 2763 1132 2815 pretii
1162 2777 1270 2814 repu—

288 2834 391 2862 tatur.
412 2825 600 2875 Quidquid
617 2825 710 2861 0111111
725 2825 832 2862 linem
846 2825 970 2873 habet,
989 2838 1058 2861 11011
1074 2823 1270 2861 admodum

287 2885 526 2937 expetendum
540 2894 590 2922 051
609 2901 615 2920 :
633 2884 728 2934 quod
743 2894 872 2939 cessat,
887 2894 919 2922 01
933 2885 1042 2922 hodie
1060 2894 1128 2934 051,
1144 2893 1177 2921 01
1193 2898 1270 2921 cras

288 2947 429 2996 (10511111,
445 2946 580 2984 etiamsi
605 2945 814 2993 maximum,
835 2960 1006 2997 perquam
1026 2946 1215 2983 minimum
1238 2955 1270 2983 et

287 3008 583 3047 contemnendum
602 3007 753 3045 videtur.
776 3008 828 3043 Ne
847 3007 956 3056 igitur
974 3022 1012 3045 ea
1029 3021 1105 3057 quae
1127 3007 1270 3058 fugiunt

287 3082 319 3109 et
338 3071 558 3119 dilabuntm·‚
579 3068 641 3106 scd
660 3082 737 3118 quae
757 3068 900 3104 immota
921 3078 1062 3106 manent
1083 3079 1268 3117 sectemur,

285 3142 325 3169 ut
354 3132 415 3169 illa
440 3129 606 3180 consequi
628 3128 819 3181 possimus7
854 3129 963 3178 gratia
992 3138 1025 3165 et
1053 3129 1269 3180 benignitate

285 3192 428 3230 Domini
448 3191 556 3229 nostri
576 3192 659 3229 Jesu
677 3188 824 3237 Christi,
843 3202 1023 3239 perquem
1045 3198 1078 3225 01
1098 3203 1178 3226 cum
1197 3204 1268 3240 quo

327 3308 339 3321 t·
365 3297 425 3328 Alii
444 3301 582 3335 κέκληται
600 3301 684 3341 παρὰ
700 3301 751 3328 τοῦ
777 3300 852 3328 θεοῦ.
870 3299 886 3332 ἡ
911 3299 967 3336 μὲν
993 3299 1050 3338 γὰρ
1080 3298 1253 3339 εὐρύχωρος,
1274 3299 1290 3331 ἡ

286 3353 314 3382 Σὲ
334 3356 416 3387 στενὴ
435 3355 482 3382 καὶ
498 3353 692 3391 τεθλιμμένη.
711 3353 748 3380 τὰ
765 3350 794 3380 δὲ
811 3350 973 3389 μέλλοντα..

320 3415 332 3427 a
360 3402 418 3433 Alii
446 3404 569 3435 παύεται
603 3400 697 3441 [Mox
720 3398 821 3432 Savil.
838 3405 871 3429 01
891 3395 999 3429 Codd.
1021 3397 1126 3429 nostri
1145 3400 1298 3431 ἀπόλλυςι

1344 1730 1618 1780 σκεδαννυμένη·
1648 1731 1798 1784 σήμερον
1831 1735 1900 1781 πῦρ
1931 1728 2128 1778 καιόμενον,
2155 1729 2215 1767 καὶ
2247 1729 2369 1780 αὔριον

1342 1788 1452 1841 τέφρα
1473 1791 1790 1842 κατασὸεννυμένη.
1818 1792 1910 1828 Ἀλλ’
1936 1791 1974 1828 οὓ
1993 1788 2038 1827 τὰ
2055 1789 2275 1840 πνευματικὰ
2292 1805 2366 1828 τοι-

1344 1853 1451 1896 αὔτα,
1477 1852 1554 1889 ἀλλ’
1577 1852 1631 1890 ἀεὶ
1651 1851 1747 1903 με’νει
1773 1852 1979 1902 λάμποντα,
1999 1849 2058 1887 καὶ
2086 1853 2273 1897 ἀνθοῦντα,
2306 1849 2366 1887 καὶ

1343 1910 1552 1965 φαιδρότερα
1581 1912 1748 1964 γινόμενα
1777 1911 1992 1963 καθημέραν.
2013 1911 2056 1949 Ὁ
2073 1913 2220 1954 πλοῦτος
2239 1912 2367 1954 ἐκεῖνος

1342 1969 1528 2010 οὐδέποτεᾶ
1546 1973 1760 2019 ἀπόλλυται,
1781 1972 1945 2010 οὐδέποτε
1965 1971 2195 2022 μεθίσταται,
2218 1971 2366 2009 οὐδέπο-

1343 2046 1380 2068 τε
1407 2031 1524 2084 λήγει,
1549 2033 1710 2072 οὐδέποτε
1736 2033 1860 2085 ἐπάγει
1880 2032 2044 2085 φροντίδα
2067 2031 2128 2070 καὶ
2155 2031 2276 2083 φθόνον
2306 2032 2366 2069 καὶ

1344 2093 1569 2145 κατηγορίαν,
1590 2097 1627 2133 οὐ
1645 2098 1747 2146 σῶμα
1766 2095 1954 2141 ἓξόλλυσιν,
1972 2095 2010 2132 οὐ
2027 2092 2141 2145 ψυχὴν
2160 2092 2369 2145 διαφθείρει,

1343 2155 1380 2191 οὐ
1422 2154 1544 2205 φθόνον
1578 2155 1672 2207 ἔχει,
1715 2159 1752 2195 οὗ
1788 2155 1979 2207 βασκανίαν
2017 2153 2241 2206 ἐπισωρεύει,
2279 2153 2368 2204 ἅπερ

1344 2213 1481 2252 ἅπαντα
1500 2220 1609 2253 ταῦτα
1624 2219 1673 2268 τῷ
1693 2215 1830 2267 πλούτῳ
1844 2215 2042 2269 πρόσεστιν.
2075 2214 2120 2253 ‘H
2152 2213 2233 2258 δόξα
2255 2214 2367 2260 ἐκείνη

1343 2275 1405 2311 οὐκ
1425 2276 1471 2318 εἷς
1484 2275 1648 2314 ἀπόνοιαν
1666 2276 1777 2328 αἴρει,
1799 2279 1835 2315 οὐ
1852 2274 2077 2327 φλεγμαίνειν
2094 2276 2367 2325 παρασκευάζει,

1344 2334 1508 2373 οὐδέποτε
1541 2336 1712 2382 παύεται,
1749 2337 1826 2374 οὐδὲ
1867 2334 2090 2388 ἀμαυροτέρα
2130 2334 2275 2385 γίνεται.
2322 2335 2366 2373 Ἡ

1345 2394 1460 2438 ἄνεσις
1475 2396 1534 2434 καὶ
1551 2400 1572 2442 ἡ
1589 2396 1702 2449 τρυφὴ
1720 2396 1777 2435 ἐπὶ
1786 2401 1857 2439 τοῖς
1872 2398 2026 2447 οὐρανοῖς
2041 2394 2145 2432 πάλιν
2165 2395 2271 2445 μένει,
2287 2395 2368 2433 *καὶ

1344 2454 1429 2503 αὕτη
1453 2456 1613 2503 διηνεκὴς
1629 2487 1637 2504 ,
1666 2457 1719 2495 ἀεὶ
1734 2456 1896 2504 ἀκίνητος
1912 2450 1998 2493 οῧσα
2018 2455 2077 2493 καὶ
2093 2455 2277 2498 ἀθάνατος·
2306 2459 2368 2494 οὐκ

1297 2529 1320 2558 Β
1345 2515 1417 2555 ἔστι
1438 2517 1506 2570 γὰρ
1523 2516 1632 2570 πέρας
1656 2519 1762 2563 αὐτῆς
1782 2517 1842 2555 καὶ
1860 2516 1957 2560 τέλος
1979 2519 2100 2568 εὑρεῖν.
2121 2515 2278 2564 Ταύτην,
2302 2533 2368 2554 πα-

1346 2580 1487 2630 ρακαλῶ
1501 2609 1510 2626 ,
1527 2578 1734 2630 ποθήσωμεν
1763 2578 1824 2625 τὴν
1855 2578 1958 2624 ζωήν.
1975 2577 2036 2615 Ἂν
2059 2577 2128 2631 γὰρ
2157 2578 2366 2628 ποθήσωμεν

1345 2639 1464 2687 αὐτὴν,
1484 2638 1604 2677 οὐδένα
1619 2642 1687 2676 τῶν
1702 2639 1882 2691 παρόντων
1900 2639 2119 2689 ποιησόμεθα
2137 2638 2252 2690 λόγον,
2278 2638 2367 2676 ἀλλὰ

1343 2700 1651 2752 καταφρονήσομεν
1667 2698 1798 2737 τούτων
1814 2699 1975 2738 ἁπάντων
1995 2699 2055 2737 καὶ
2072 2699 2363 2749 καταγελασόμε-

1344 2766 1387 2800 θα
1401 2792 1411 2810 ,
1437 2761 1501 2799 κᾶν
1525 2763 1571 2803 εἷς
1593 2760 1775 2811 βασιλικὰς
1798 2761 1902 2803 αὐλάς
1923 2777 1976 2804 τις
1992 2765 2087 2811 ἡμᾶς
2116 2761 2279 2797 εἰσελθεῖν
2303 2775 2364 2797 κε-

1342 2822 1445 2874 λεύῃ,
1474 2823 1537 2873 οὐχ
1561 2820 1776 2874 αἱρησόμεθα
1802 2821 1935 2868 ἐκείνην
1963 2821 2099 2872 ἔχοντες
2132 2819 2194 2865 τὴν
2222 2820 2364 2858 ἐλπίδα·

1341 2883 1454 2922 καίτοι
1474 2882 1594 2921 τούτου
1614 2882 1708 2920 οὐδὲν
1731 2882 1994 2935 μακαριώτερον
2025 2876 2112 2920 εἶναι
2138 2883 2252 2929 δοκεῖ,
2272 2881 2363 2920 ἀλλὰ

1342 2950 1412 2987 τοῖς
1442 2941 1686 2995 κατεχομένοις
1712 2945 1762 2994 τῷ
1788 2946 1856 2980 τῶν
1873 2945 2026 2993 οὐρανῶν
2046 2941 2148 2994 ἔρωτι
2173 2942 2233 2979 καὶ
2265 2946 2365 2980 τοῦτο

1344 3003 1465 3057 μικρὸν
1488 3003 1547 3042 καὶ
1567 3002 1699 3046 εὐτελὲς
1719 3003 1777 3040 καὶ
1799 3003 1931 3046 οὐδενὸς
1952 3002 2044 3046 ἄξιον
2063 3002 2179 3053 λόγου,
2200 3004 2278 3040 Πᾶν
2295 3002 2363 3054 γὰρ

1342 3065 1360 3103 ὃ
1377 3065 1473 3108 τέλος
1489 3064 1580 3116 ἔχει,
1600 3065 1637 3101 οὐ
1658 3063 1786 3115 σφόδρα
1804 3064 2101 3115 περισπούδαστον
2113 3079 2120 3086 ·
2136 3069 2206 3100 πᾶν
2222 3062 2240 3100 ὃ
2255 3062 2362 3100 παύε-

1342 3143 1418 3173 ται,
1437 3125 1496 3164 καὶ
1516 3123 1666 3176 σήμερόν
1687 3126 1781 3172 ἐστι,
1804 3123 1862 3161 καὶ
1877 3123 1993 3177 αὔριον
2014 3123 2180 3170 οὐκέστι,
2198 3122 2260 3160 κᾶν
2278 3123 2364 3174 σφό-

1344 3190 1409 3240 δρα
1444 3182 1466 3238 ἦ
1500 3185 1608 3236 μέγα,
1641 3184 1772 3237 σφόδρα
1810 3185 1932 3237 μικρὸν
1969 3184 2028 3222 καὶ
2063 3183 2362 3236 εὐκαταφρόνητον

1358 3304 1418 3335 pro
1443 3292 1603 3336 ἐξό).λυσι.]

1403 3347 1416 3361 *
1444 3346 1519 3386 [Καὶ
1537 3348 1613 3381 αὕτη
1631 3341 1751 3376 absunt
1767 3353 1784 3372 a
1801 3341 1902 3375 Savil.
1921 3349 1953 3373 ct
1969 3339 2078 3373 Codd.
2098 3340 2253 3380 nostris]
