2481 3678
747 199 787 226 {N
824 199 1031 229 JOANNEM
1070 201 1224 230 nomi.

113 277 168 326 ἀφ’
186 278 306 315 ἑαυτοῦ
340 279 422 330 πρὸς
455 280 579 316 ἐκεῖνον
613 280 735 322 αὐτοὺς
759 280 969 332 παρέπεμπε
995 282 1050 319 τὸν
1083 283 1135 319 Ξο-

110 341 234 375 κοῦντα
256 339 340 390 παρ’
362 341 474 381 αὐτοῖς
503 339 740 392 εὐτελέστερον
763 334 869 389 εἶναι,
893 342 1134 393 αἰσχυνόμενοι

109 412 166 433 και
195 399 497 451 ουσχεραίνοντες,
532 399 590 436 καὶ
628 400 829 451 βουλόμενοι
852 406 970 439 τοῦτον
1003 403 1135 451 μᾶλλον

108 457 198 508 ε’γειν
220 460 439 503 διδάσκαλον,
461 463 659 511 φανερῶς..
662 460 695 499 ὲν
716 467 816 500 τοῦτο
847 464 907 500 οὐκ
936 437 1133 511 ἐτόλμησαν

109 519 226 566 εἰπεῖν,
255 519 433 571 πέμπουσι
467 520 503 559 δὲ
541 522 625 574 πρὸς
648 523 750 559 αὐτον
787 521 1046 573 προσδοκωντες
1078 520 1134 558 διὰ

106 582 166 624 τῆς
182 580 363 624 κολακείας
377 581 477 618 αὐτὸν
496 582 758 620 ἐπισπάσασθαι
778 584 826 623 εἷς
845 581 884 618 τὸ
905 580 1026 617 ἑαυτὸν
1043 584 1131 630 ὁμο-

106 642 251 689 λογῆσαι
286 641 451 694 Χριστόν.
484 645 536 680 Οὐ
561 641 672 680 τοίνυν
698 641 795 684 τινὰς
817 641 1133 692 εὐκαταφρονήτους

104 701 298 751 πέμπουσιν
318 705 363 745 ὡς
382 704 437 741 ἐπὶ
461 707 518 741 τοῦ
534 704 706 754 Χριστοῦ·
724 704 852 740 ἐκεῖνον
880 701 942 752 μὲν
964 701 1032 753 γὰρ
1054 704 1132 753 βου-

104 761 241 812 λόμενοι
261 770 463 815 κατασχεῖν,
486 762 660 815 ὑπηρέτας
685 761 908 808 ἀπέστειλαν,
930 763 990 800 καὶ
1010 762 1131 815 ἹΙρω-

103 822 236 867 διανοὺς
260 824 365 862 πάλιν
402 825 460 862 καὶ
496 823 667 866 τοιούτους
689 823 797 867 τινάς·
837 825 981 862 ἐνταῦθα
1015 823 1050 861 δὲ
1081 827 1133 862 ἱε-

105 888 192 935 ρεῖς,
213 884 271 922 καὶ
293 885 458 927 Λευίτας·
477 884 535 922 καὶ
565 886 631 936 οὐχ
662 885 781 927 ἁπλῶς
800 886 921 936 ἱερεῖς,
941 884 1031 921 ἀλλὰ
1055 884 1133 928 τοὺς

102 943 135 988 ἐξ
167 944 430 997 Ἱεροσολύμων,
456 943 636 989 τουτέστι,
663 944 741 988 τοὺς
767 945 1005 997 ἐντιμοτέρους
1034 945 1132 993 (οὐδὲ

101 1004 167 1058 γὰρ
199 1007 319 1049 ἁπλῶς
361 1011 472 1045 ταῦτα
509 1006 756 1057 ἐπεσημήνατο
787 1009 805 1044 6
835 1006 1130 1058 εὖαγγελιστής)·

100 1066 158 1104 καὶ
190 1066 404 1118 πέμπουσιν,
425 1066 481 1105 ἵνα
513 1066 730 1118 ἐρωτήσωσι,
750 1065 801 1105 Σὺ
824 1067 876 1110 τίς
902 1061 954 1115 εἴ,
974 1067 1042 1105 Καὶ
1064 1067 1133 1117 μὴν

99 1130 120 1173 ἡ
140 1128 297 1180 γέννησις
330 1130 434 1167 αὐτοῦ
465 1135 554 1166 πᾶσι
588 1128 784 1176 κατάδηλος
810 1122 866 1175 ἦν,
900 1130 946 1172 ὡς
979 1128 1040 1165 καὶ
1076 1128 1132 1167 λε’-

99 1205 169 1240 γειν
184 1189 360 1234 ἅπαντας·
383 1189 430 1228 Τί
465 1189 532 1242 ἄρα
568 1190 608 1227 τὸ
640 1189 776 1228 παίδιον
797 1194 897 1228 τοῦτο
926 1189 1045 1237 ἔσται,
1071 1190 1132 1227 καὶ

99 1251 146 1293 εἷς
162 1249 245 1297 ὅλην
261 1250 322 1297 τὴν
342 1249 474 1302 ὀρεινὴν
495 1253 513 1288 ὃ
539 1249 638 1301 λόγος
669 1250 807 1296 ἐξῆλθεν
838 1244 948 1294 οὗτος.
969 1250 1040 1289 Καὶ
1073 1250 1131 1289 ὅτε

99 1311 306 1363 παρεγένετο
335 1311 439 1350 πάλιν
461 1310 517 1349 ἐπὶ
540 1310 598 1348 τὸν
613 1310 804 1363 Ἰορδάνην,
823 1317 936 1350 πᾶσαι
959 1314 994 1349 αἱ
1013 1311 1131 1356 πόλεις

98 1371 408 1425 ἅνεπτερώθησαν,
437 1371 496 1410 καὶ
518 1370 552 1415 ἐξ
581 1370 831 1424 Ἱεροσολύμων
861 1372 921 1409 καὶ
952 1374 991 1410 ἐκ
1012 1372 1129 1418 πάσης
1151 1374 1174 1405 C

99 1435 158 1479 τῆς
177 1432 346 1477 Ἰουδαίας
379 1431 581 1485 ἐπορεύοντο
616 1434 852 1482 βαπτισθῆναι
887 1432 973 1485 πρὸς
1012 1432 1127 1471 αὐτόν.

95 1487 228 1532 “Οῧτοι
245 1498 425 1571 τοιγαροῦν
446 1494 602 1544 ἐρωτῶσι
631 1496 702 1540 νῦν,
735 1494 801 1544 οὐχ
831 1495 878 1536 ὡς
907 1495 1127 1544 ἀγνοοῦντες,

95 1557 190 1602 (πως
221 1555 309 1608 γὰρ,
328 1571 386 1594 τον
414 1553 587 1597 τοσούτοις
605 1553 746 1605 τρόποις
763 1553 945 1607 γενόμενον
980 1556 1046 1601 δηλ
1048 1570 1102 1593 ον·
1095 1585 1103 1601 ,
1113 1568 1125 1603 )

95 1616 184 1655 ἀλλα
208 1616 409 1668 βουλόμενοι
438 1618 485 1660 εἷς
515 1619 636 1665 τοῦτο,
662 1614 749 1668 ὅπερ
776 1619 887 1665 εἷπον,
909 1615 1011 1655 αὐτὸν
1042 1618 1125 1654 ἕνα-

94 1684 225 1729 γαγεῖν.

145 1738 308 1779 Ἄκουσον
327 1744 406 1791 γοῦν
429 1743 504 1783 πῶς
525 1755 586 1778 και
605 1742 622 1778 δ
646 1739 818 1793 μακάριος
836 1733 935 1785 οὗτος
957 1741 1043 1793 πρὸς
1060 1740 1124 1788 τὴν

93 1800 243 1839 διάνοιαν
265 1804 339 1852 μεθ’
356 1797 430 1848 ἧς’
412 1800 571 1853 ηρώτων,
587 1803 625 1840 οὖ
645 1801 731 1853 πρὸς
749 1801 812 1849 τὴν
828 1801 997 1854 ἐρώτησιν
1014 1802 1121 1850 αὐτὴν

92 1862 313 1914 ἀπεκρίνατο.
331 1863 512 1901 Εἷπόντων
533 1862 618 1915 γὰρ,
636 1862 687 1901 Συ
706 1862 759 1906 τίς
781 1867 828 1910 εἰ,
859 1864 922 1902 οὐκ
943 1868 1036 1902 εἶπεν
1059 1866 1120 1902 εὐ-

91 1922 208 1967 θέως
195 1924 280 1977 όπερ
303 1924 336 1969 ἐξ
361 1923 492 1967 εὐθείας
520 1927 562 1970 ἠν
595 1926 722 1962 εἰπεῖν·
742 1923 839 1976 Ἐγὼ
854 1924 951 1976 φωνὴ
972 1927 1121 1976 βοῶντος

90 1985 124 2022 ἓν
138 1988 180 2037 τῇ
197 1985 334 2038 ἐρήμῳ·
352 1984 441 2023 ἀλλὰ
457 1984 508 2032 τί;
526 1983 644 2037 “Οπερ
662 1983 864 2047 ὑπώπτευον
884 1988 1006 2024 ἐκεῖνοι
1019 1990 1119 2025 τοῦτο

90 2047 233 2084 ἀνεῖλεν.
254 2044 467 2098 Ἐρωτηθεὶς
486 2044 572 2098 γὰρ,
592 2044 697 2097 φησὶ,
729 2044 795 2089 Τίς
823 2049 870 2092 εἰ,
899 2046 1117 2098 ὡμολόγησε,

89 2106 148 2144 καὶ
167 2107 229 2145 οὐκ
244 2106 432 2160 ἠρνήσατο·
448 2106 508 2144 καὶ
523 2106 761 2158 ὡμολόγησεν,
776 2106 830 2146 ὅτι
849 2106 918 2159 ἐγὼ
933 2110 996 2146 οὐκ
1014 2108 1085 2159 εἰμὶ
1099 2111 1116 2147 6

88 2167 249 2220 Χριστός.
283 2166 354 2205 Καὶ
380 2166 443 2220 ὅρα
478 2166 598 2218 σοφίαν
625 2168 880 2219 εὐαγγελιστοῦ.
918 2168 1045 2222 Τρίτον
1076 2184 1115 2207 το

87 2229 171 2267 αὐτὸ
202 2229 312 2280 λέγει,
346 2228 405 2267 καὶ
432 2226 495 2274 τὴν
516 2227 642 2280 ἀρετὴν
671 2232 730 2266 τοῦ
763 2231 956 2278 βαπτιστοῦ
983 2231 1113 2278 δηλῶν,

85 2290 143 2328 καὶ
164 2291 227 2337 τὴν
243 2289 410 2343 πονηρίαν
426 2290 486 2328 καὶ
504 2288 568 2336 τὴν
587 2288 704 2328 ἄνοιαν
724 2289 787 2336 τὴν
806 2289 983 2330 1ἐ’κείνων.
1004 2292 1074 2330 Καὶ
1094 2294 1112 2330 6

72 2353 221 2395 ’Λουκᾶς
235 2351 272 2390 δέ
285 2367 387 2403 φησιν
402 2351 475 2398 ὅτι,
496 2352 565 2388 τῶν
588 2350 701 2402 ὄχλων
720 2351 983 2390 ὑποπτευόντων
1009 2353 1110 2392 αὐτὸν

83 2406 171 2450 εἶναι
185 2413 242 2450 τὸν
258 2413 423 2466 Χριστὸν,
443 2412 548 2450 πάλιν
567 2415 702 2465 ἀναιρεῖ
720 2412 782 2459 τὴν
799 2413 976 2453 ὑπόνοιαν.
997 2417 1112 2453 Τοῦτο

83 2474 213 2512 οἰκέτου
233 2472 464 2525 εὐγνώμονος,
494 2473 541 2524 μὴ
564 2473 665 2524 μόνον
684 2472 732 2524 μὴ
752 2474 919 2526 ἁρπάζειν
938 2475 1038 2520 δόξαν
1058 2477 1111 2513 δε-

83 2534 266 2581 σποτικὴν,
288 2533 378 2572 ἀλλὰ
393 2534 453 2571 καὶ
467 2533 707 2586 διακρούεσθαι
723 2534 905 2585 διδομένην
924 2535 1023 2611 παρὰ
1041 2539 1109 2574 τῶν

82 2596 233 2632 πολλῶν.
265 2594 356 2632 ”Αλλ
376 2595 408 2631 οἳ
431 2610 492 2644 μεν
517 2594 615 2645 ὄχλοι
646 2593 679 2637 ἐξ
707 2594 866 2645 ἀφελείας
891 2612 951 2634 και
971 2597 1110 2648 ἀγνοίας

81 2655 138 2694 επὶ
156 2655 284 2702 ταύτην
306 2649 409 2702 ἦλθον
423 2653 486 2701 τὴν
509 2654 679 2707 ὑποψίαν·
700 2658 794 2693 οὑτοι
817 2656 853 2695 δὲ
870 2656 939 2694 ἀπὸ
956 2664 1111 2710 πονηρᾶς

81 2715 240 2793 γνώμης,
255 2716 314 2754 καὶ
329 2719 370 2762 ἧς
386 2719 494 2763 εἶπον,
516 2715 661 2768 ἠρώτων
687 2716 803 2763 αὐτὸν,
830 2718 1110 2770 προσδοκῶντες,

80 2778 164 2829 ὅπερ
182 2778 279 2830 ἔφην,
302 2777 383 2822 ἀπὸ,
398 2780 460 2823 τῆς
480 2776 662 2820 κολακείας
683 2777 784 2815 αὐτὸν
801 2780 1042 2817 εέπισπασθαι
1064 2781 1111 2823 εἰς

80 2838 165 2892 ὅπερ
180 2838 401 2883 ἐσπούδαζον.
416 2839 462 2876 Εἰ
476 2837 543 2889 γὰρ
557 2836 606 2888 μὴ
623 2842 722 2876 τοῦτο
737 2838 970 2891 προσεδόκων,
992 2841 1054 2879 οὒκ
1069 2840 1108 2877 ἂν

80 2900 239 2944 εὐθέως’
224 2902 275 2952 εφ’
299 2899 459 2953 ἑτέρανη
438 2894 577 2946 ἧλθον’
563 2898 746 2951 ερώτησιν,
762 2900 837 2938 ἀλλ’
859 2901 1108 2952 ἠγανάκτησαν

79 2961 119 2999 ἂν
143 2964 189 3006 ὡς
215 2961 395 3000 ἀπάδοντα
426 2960 725 3012 ἀποκριναμένου,
761 2961 820 2999 καὶ
852 2963 890 2999 οὐ
927 2962 1015 3016 πρὸς
1045 2962 1108 3010 τὴν

77 3024 216 3067 πεῦσιν,
240 3021 300 3059 καὶ
320 3024 414 3059 εἶπον
445 3020 504 3059 ἄν·
535 3020 583 3071 μὴ
600 3021 668 3075 γὰρ
690 3025 791 3060 τοῦτο
809 3023 1104 3075 ὑπωπτεύσαμεν,

79 3081 127 3132 μὴ
152 3081 220 3133 γὰρ
243 3085 344 3120 τοῦτο
369 3081 661 3135 παραγεγόναμεν
694 3083 916 3135 ἐρησόμενοι,
940 3083 1031 3122 Ἀλλ’
1059 3085 1106 3127 ὣς

78 3142 216 3187 ἁλόντες
231 3142 290 3181 καὶ
305 3141 505 3195 κατάφωροι
520 3143 716 3194 γενόμενοι,
731 3146 784 3195 ἐφ’
801 3144 916 3196 ἕτερον
928 3144 1103 3197 ἔρχονται,

120 3261 134 3276 ²
151 3248 275 3291 [Savil.
287 3256 320 3281 et
333 3247 444 3280 Codd.
456 3249 532 3289 705,
545 3249 609 3280 706
626 3252 655 3283 τί
671 3249 720 3283 οὗν
736 3254 868 3295 ἐρωτῶσι
885 3251 962 3291 usam]

121 3302 139 3326 ¹³
156 3302 212 3334 Sic
233 3300 334 3334 savit.
354 3309 388 3333 et
412 3301 488 3333 Mss.
510 3299 626 3333 Morel.
645 3305 771 3335 ἐκείνων.
788 3307 822 3336 τὸ
848 3305 920 3336 αὐτὸ
937 3306 985 3336 καὶ
1007 3308 1092 3348 παρὰ

77 3362 120 3396 τῷ
137 3361 232 3395 Aous}
250 3357 326 3387 ἐστιν
344 3355 411 3386 ἰδεῖν
436 3357 486 3386 τὸν
507 3351 633 3391 imni-mm·
650 3356 775 3395 λέγοντα
790 3358 864 3399 πρὸς
880 3356 945 3392 τοὺς
961 3356 1091 3396 διαλογι-

80 3408 216 3447 ζομένους
231 3409 298 3449 περὶ
314 3407 404 3438 αὐτοῦ
420 3412 539 3447 μήποτε
556 3408 641 3443 αὐτὸς
658 3409 699 3442 εἰη
719 3408 732 3439 ὁ
751 3410 893 3448 Χριστὸς,
908 3410 953 3441 ὅτι
971 3410 1091 3451 ἔρχεται

1099 2169 1107 2182 “
1138 2174 1162 2203 D

1133 2851 1156 2880 E

1267 202 1360 231 xvi.
1403 188 1461 230 al.
1503 194 2194 239 xx·.1‹›3

1211 296 1253 317 ni
1250 281 1535 320 dientsoanncm
1547 282 1675 320 habere
1687 283 1752 321 du«
1748 293 1880 334 1011111
1896 286 2056 325 idtaincn
2080 300 2197 340 aperte

1209 339 1326 377 diceie
1345 340 1420 377 ausi
1441 353 1509 378 non
1530 350 1631 392 sunt,
1659 342 1720 379 sed
1747 343 1893 381 mittunt
1909 345 1954 382 ad
1974 347 2090 396 illum,
2119 363 2196 400 spe-

1209 407 1324 436 lantes
1339 413 1375 437 se
1394 413 1457 451 per
1473 399 1715 439 adulationem
1730 416 1834 453 posse
1852 404 1956 441 illurn
1976 406 2136 456 allicere,
2159 419 2197 445 ut

1207 473 1244 497 sc
1257 460 1483 499 confiteretur
1497 462 1695 500 Christum.
1717 464 1801 501 Non
1814 463 1924 501 infin)
1918 480 1944 502 e
1965 479 2021 503 sor
2025 466 2069 503 tis
2082 467 2198 505 homi-

1207 533 1267 557 nes
1294 521 1461 572 mittunt,
1491 532 1531 559 ut
1560 523 1605 560 ad
1625 523 1828 573 Christum,
1853 539 1935 563 cum
1963 527 2094 565 vellent
2117 543 2199 566 eum

1206 594 1330 632 capere
1348 582 1382 619 in
1413 596 1572 621 sermone
1578 598 1590 633 3
1611 598 1732 622 servos
1750 585 1845 623 enim
1867 587 2056 637 miserunt,
2071 589 2198 627 deinde

1206 641 1426 680 Herodianos
1449 644 1676 696 ejusdemque
1708 646 1830 684 farinae
1858 647 2114 687 homines:hic
2135 665 2196 688 au-

1205 711 1277 740 tem
1294 697 1491 742 sacerdotes
1511 714 1544 742 et
1564 706 1727 757 Levitas3
1747 722 1811 745 nec
1829 709 2007 759 quoslibet
2034 711 2197 748 sacerdo-

1205 770 1274 810 tes,
1303 764 1364 801 sed
1393 765 1439 802 ab
1467 766 1716 819 Jcrosolymis,
1760 768 1799 806 id
1831 779 1898 820 est,
1918 770 2197 809 honorabiliores

1205 825 1338 874 (neque
1350 825 1445 863 enim
1458 826 1534 865 sine
1557 841 1660 866 causa
1683 829 1760 867 haec
1778 829 1998 881 significavit
2018 833 2196 884 evangeli-

1205 888 1277 933 sta)
1295 901 1302 920 :
1323 895 1355 923 et
1375 886 1539 937 mittunt,
1564 897 1604 926 ut
1633 889 1906 942 interrogarent,
1943 894 1996 930 Tu
2018 896 2104 944 quis
2125 908 2163 932 es
2182 897 2197 928 :³

1205 944 1347 983 Natales
1366 947 1500 1000 quippe
1519 948 1594 1000 ejus
1615 949 1663 987 ita
1676 951 1858 1003 conspicui
1878 962 1996 1003 erant,
2019 963 2058 991 ut
2077 968 2196 994 omnes

1203 1004 1360 1044 dicerent
1375 1022 1382 1043 ε
1408 1009 1503 1059 Quis
1513 1018 1629 1061 putas
1641 1025 1737 1061 puer
1755 1014 1825 1050 iste
1839 1016 1938 1051 erit?
1955 1022 1988 1051 et
1999 1029 2062 1066 per
2077 1016 2194 1053 omnia
2213 1026 2281 1054 Luc.
2303 1036 2311 1055 ι
2345 1026 2396 1054 611,

1203 1074 1369 1105 montana
1408 1068 1485 1106 haec
1516 1068 1812 1122 divulgabantur.
1855 1074 2085 1126 Rursumque
2113 1091 2196 1116 cum

1202 1128 1302 1167 venit
1314 1127 1361 1166 ad
1377 1128 1587 1180 Jordanem,
1600 1146 1721 1170 omnes
1737 1133 1899 1172 civitates
1912 1134 2145 1186 advolarunt,
2163 1148 2197 1176 et

1202 1201 1247 1225 ex
1265 1189 1463 1227 Jerusalem
1483 1191 1651 1242 omnique
1670 1194 1692 1232 J
1695 1193 1797 1231 udaea
1808 1195 1980 1234 Joannem
1999 1195 2144 1235 adibant
2157 1209 2195 1236 ut

1201 1248 1480 1299 baptizarentur.
1506 1251 1554 1289 Hi
1583 1252 1703 1303 itaque
1731 1267 1826 1291 nune
1854 1254 2089 1307 interrogant,
2124 1271 2193 1296 non

1201 1307 1296 1358 quod
1314 1308 1490 1363 ignorent,
1502 1313 1694 1363 (quomodo
1709 1313 1804 1351 enim
1816 1314 2015 1366 ignorarent
2034 1331 2115 1355 eum
2131 1319 2193 1369 qui

1200 1377 1254 1406 tot
1272 1369 1390 1407 modis
1409 1372 1616 1410 manifestus
1636 1374 1756 1422 cratP)
1783 1374 1847 1412 sed
1869 1385 1907 1413 ut
1937 1391 2020 1415 eum
2051 1378 2097 1416 ad
2132 1378 2191 1427 id,

1201 1428 1301 1480 quod.
1317 1443 1423 1482 supra
1441 1431 1541 1483 dixi,
1560 1432 1781 1472 inducerent.

1250 1736 1288 1772 Ξ.
1322 1734 1416 1773 Audi
1438 1748 1521 1787 ergo
1541 1737 1719 1787 quomodo
1742 1738 1864 1777 beatus
1889 1738 1949 1777 hic
1970 1739 2017 1778 atl
2040 1740 2193 1780 interm»

1195 1794 1358 1846 gantium
1382 1805 1551 1847 mentem,
1571 1812 1640 1836 non
1660 1798 1707 1836 ad
1736 1799 1852 1851 ipsam
1877 1800 2192 1853 interrogationem

1195 1855 1418 1907 respondeat.
1450 1856 1661 1896 Dicentibus
1687 1860 1797 1910 enim,
1826 1861 1859 1898 T
1857 1876 1880 1899 ιι
1912 1863 1999 1912 quis
2031 1866 2097 1899 es?
2122 1877 2191 1901 non

1195 1915 1381 1968 respondit
1417 1916 1540 1954 statim
1568 1918 1607 1955 id
1640 1920 1737 1969 quod
1773 1929 1866 1958 recte
1901 1921 2191 1973 respondendum

1194 1986 1284 2028 erat,
1302 1979 1387 2030 Ego
1406 1993 1487 2016 vox
1507 1980 1715 2019 clamantis
1734 1985 1775 2019 in
1807 1983 1970 2029 deserto,
1994 1983 2056 2021 sed
2076 1985 2188 2035 quid?
2214 1999 2234 2020 ’,

1194 2038 1239 2076 Id
1267 2039 1365 2089 quod
1384 2039 1439 2077 illi
1464 2040 1738 2093 suspicabantur
1758 2043 1906 2082 amovit.
1926 2045 2018 2082 Nam
2040 2045 2190 2084 interro-

1190 2109 1306 2152 gatus,
1334 2102 1391 2140 Τιι
1411 2104 1496 2154 quis
1516 2107 1581 2141 es?
1597 2103 1728 2155 inquit,
1746 2106 1811 2143 90.
1835 2107 2048 2160 Confessus
2067 2116 2136 2157 est,
2155 2118 2190 2147 et

1190 2176 1268 2200 non
1296 2167 1469 2216 negavit:
1492 2173 1528 2203 et
1556 2168 1758 2219 confessus
1783 2176 1855 2215 est,
1877 2171 1972 2220 quia
2005 2183 2083 2207 non
2107 2183 2190 2208 sum

1188 2237 1256 2276 ego
1271 2225 1458 2264 Christus.
1474 2225 1522 2264 Et
1535 2225 1620 2265 vide
1634 2228 1860 2280 evangelistae
1875 2228 2102 2281 sapientiam.
2116 2232 2190 2268 Τοι-

1187 2285 1348 2339 idipsum
1368 2287 1472 2339 dicit,
1490 2298 1530 2326 ut
1549 2298 1583 2327 et
1602 2290 1774 2342 Baptistae
1795 2291 1982 2341 virtutem,
2002 2301 2037 2329 et
2064 2293 2188 2343 nequi-

1186 2347 1274 2386 tiam
1293 2348 1537 2401 insaniamque
1550 2351 1698 2390 illorum
1713 2352 1945 2390 demonstret.
1970 2354 2086 2391 Lucas
2103 2368 2187 2393 vero

1185 2408 1288 2458 dicit,
1308 2409 1405 2460 quod
1438 2425 1520 2448 cum
1549 2413 1663 2450 turbae
1700 2413 1966 2464 suspicarentur
1987 2413 2092 2451 illum
2114 2428 2186 2452 esse

1185 2470 1383 2521 Christum,
1408 2471 1484 2523 ipse
1508 2472 1601 2509 hanc
1624 2473 1800 2512 amoverit
1829 2473 2081 2525 suspicionem.
2110 2475 2185 2513 Hoc

1184 2531 1280 2583 frugi
1311 2532 1406 2570 servi
1437 2533 1596 2570 officium
1621 2543 1686 2583 est,
1708 2547 1779 2572 non
1815 2534 1923 2572 modo
1956 2535 2095 2574 domini
2129 2538 2184 2575 sui

1184 2593 1335 2644 gloriam
1360 2607 1429 2631 non
1461 2594 1638 2646 abripere,
1661 2594 1725 2633 sed
1744 2595 1854 2634 etiam
1873 2596 2031 2635 oblatam
2050 2612 2070 2636 a
2089 2599 2182 2637 mul—

1184 2653 1338 2691 titudine
1367 2653 1555 2705 depellere.
1576 2657 1716 2695 Verum
1742 2657 1858 2694 turbae
1881 2671 1926 2695 ex
1951 2658 2182 2711 simplicitate

1184 2724 1217 2752 et
1233 2714 1433 2766 ignorantia
1453 2714 1489 2752 in
1511 2715 1603 2754 hanc
1622 2730 1751 2755 venere
1768 2718 2006 2770 suspicionem
2030 2736 2037 2756 z
2058 2720 2097 2757 hi
2119 2736 2181 2758 au-

1184 2784 1255 2813 tem
1268 2775 1376 2825 malo,
1399 2785 1438 2813 ut
1454 2776 1549 2827 dixi,
1567 2777 1686 2816 animo
1703 2777 1967 2831 interrogabant
1986 2795 2081 2832 eum,
2103 2796 2180 2835 spe-

1184 2845 1299 2874 rantes
1320 2850 1356 2874 se
1381 2836 1586 2876 adulatione
1615 2838 1655 2876 id
1672 2839 1769 2889 qnod
1789 2840 1960 2892 optabant
1985 2856 2180 2894 consequu-

1182 2906 1280 2935 turos
1294 2911 1379 2936 esse.
1398 2897 1476 2936 Nisi
1495 2899 1588 2936 enim
1603 2899 1671 2938 hoc
1685 2911 1896 2953 sperassent,
1914 2917 1983 2941 non
1999 2904 2119 2942 statim
2133 2906 2179 2942 ad

1182 2959 1290 2998 aliam
1322 2960 1501 3000 venissent
1537 2961 1851 3014 interrogationem
1864 2994 1876 3013 ,
1903 2965 1967 3003 sed
2002 2965 2179 3017 indignati

1183 3022 1281 3073 quod
1295 3021 1343 3060 ad
1366 3023 1591 3076 propositum
1621 3038 1690 3063 non
1704 3026 1956 3078 respondisset,
1973 3027 2146 3066 dixissent
2167 3047 2173 3065 :

1181 3085 1278 3122 Num
1295 3084 1363 3124 hoc
1375 3086 1545 3138 suspicati
1563 3085 1714 3125 sumus?
1733 3101 1819 3125 num
1844 3089 1911 3126 hoc
1932 3099 2177 3141 percontatum

1182 3146 1372 3185 venimus?
1393 3147 1466 3185 Sed
1480 3147 1581 3198 quasi
1596 3148 1690 3200 eapti
1705 3162 1745 3187 ac
1764 3148 1975 3202 deprehensi
2001 3150 2048 3188 ad
2067 3151 2176 3189 aliam

1159 3257 1345 3300 ἰσχυρότερός
1356 3261 1427 3296 μου’
1447 3257 1495 3287 καὶ
1509 3256 1544 3288 δι’
1562 3256 1601 3287 ὧν
1617 3259 1808 3299 ἀποκρίνεται
1824 3261 2002 3298 ἀναιροῦντα
2019 3261 2108 3292 πάλιν
2122 3265 2175 3297 τήν

1158 3308 1296 3343 τοιαύτην
1309 3308 1458 3340 ὑπόνοιαν.

1201 3367 1214 3383 ⁰
1238 3358 1480 3399 [ἐπισπάσασθαι-
1503 3357 1603 3393 Savil.
1618 3365 1651 3391 et
1661 3357 1773 3391 Codd.
1792 3359 1865 3399 cir]

2257 1991 2307 2019 23.
