2481 3678
248 216 337 263 560
702 231 741 261 S.
779 229 966 261 JOANNIS
1000 228 1244 260 CHRYSOST.
1287 227 1493 261 ARCHIEP.
1531 228 1893 260 CONS‘I'ANTINOP.

245 315 381 364 rimus;
414 315 443 353 si
475 314 617 354 assidue
645 314 681 353 in
710 314 784 352 illis
801 328 1002 364 versemur,
1035 322 1068 351 et
1085 313 1120 351 in
1150 327 1234 352 vera
1257 315 1280 345 C
1305 316 1367 360 τῆς
1386 312 1559 366 ἡμετέρας
1579 314 1776 364 ἐπιτυχεῖν·
1797 312 1836 352 ἂν
1857 313 1913 352 διὰ
1933 313 2060 356 παντὸς
2078 315 2197 355 αὐταῖς
2220 313 2326 351 ἐνδια·

246 376 407 415 doctrina
440 386 473 414 et
501 377 584 415 vitae
603 376 780 429 probitate
807 376 1044 413 instituemur.
1073 377 1123 412 Ac
1153 374 1235 412 licet
1305 373 1493 428 τρίὸωμεν,
1514 373 1573 411 καὶ
1593 373 1775 425 δογμάτων
1795 374 1979 426 ὀρθότητα,
1994 374 2054 412 καὶ
2076 374 2147 425 βίον
2164 373 2327 424 εἰσόμεθα

246 438 359 477 durus
373 438 417 476 sit
439 439 618 491 quispiam
633 469 642 487 ,
662 438 830 486 immitis,
848 437 989 487 mollis,
1006 437 1086 474 licet
1103 450 1228 489 praece-
1306 435 1562 487 ἠκριὸωμένον.
1594 434 1669 473 Κᾶν
1690 435 1821 488 σφόδρα
1842 436 1990 489 σκληρός
2008 452 2059 479 τις
2075 434 2142 482 εἴη,
2158 435 2217 473 καὶ
2234 437 2330 481 ἀπη-

247 499 343 538 denti
361 509 517 552 tempore
547 500 638 537 nihil
668 499 825 536 lucratus
853 498 970 545 fuerit,
1000 511 1092 535 nunc
1114 497 1236 535 saltem
1308 496 1389 543 νὴς,
1421 497 1479 534 καὶ
1498 499 1644 548 χαῦνος,
1669 495 1733 533 κᾶν
1754 496 1861 546 μηδὲν
1888 497 2050 548 κερδαίνῃ
2072 498 2104 533 ἐν
2125 501 2196 538 τοῖς
2214 495 2331 537 ἄλλοις

245 562 431 613 proficiet,
452 571 484 599 et
503 562 679 612 aliquam,
701 570 733 598 et
749 561 778 597 si
798 574 866 597 non
884 560 1030 607 sentiat,
1048 559 1236 598 utilitatem
1308 557 1457 609 χρόνοις,
1476 557 1534 594 τὸν
1553 557 1675 609 χρόνον
1694 562 1773 609 γοῦν
1792 557 2017 610 καρπώσεται
2036 560 2169 604 τοῦτον,
2189 555 2248 594 καὶ
2262 555 2331 602 λή-

246 621 420 674 decerpet.
454 623 544 660 Nam
575 623 602 659 si
637 621 909 672 unguentariam
938 620 1118 658 officinam
1157 621 1237 671 quis
1310 618 1413 670 ψεταί
1430 634 1507 656 τινα
1526 616 1715 670 ὠφέλειαν,
1741 621 1770 656 εἷ
1788 618 1847 656 καὶ
1865 618 1912 669 μὴ
1929 617 2122 665 τοσαύτην,
2139 620 2186 660 ὡς
2208 617 2333 663 αἴσθη-

248 683 390 732 adiens,
427 684 453 721 si
487 684 522 720 in
552 683 612 720 illa
649 692 826 730 moretur,
853 682 908 720 vel
928 682 1064 720 invitus
1092 696 1238 720 suavem
1312 696 1365 718 σιν
1385 680 1497 732 ἔχειν,
1529 680 1606 718 ἀλλ’
1630 680 1723 731 ὅμως
1742 680 1904 733 λήψεται.
1934 682 1979 718 Εἰ
1996 680 2061 732 γὰρ
2080 679 2263 731 μυρεψεῖόν
2283 695 2335 723 τις

248 744 405 794 aliquem
435 753 667 794 consequetur
695 743 864 793 odorem,
901 743 1013 780 multo
1039 743 1152 794 magis
1176 743 1237 794 qui
1311 740 1448 793 παριὼν
1482 741 1542 780 καὶ
1570 741 1854 793 προσκαθήμενος
1886 740 2127 794 ἐργαστηρίοις
2154 740 2333 787 τοιούτοις,

248 804 428 842 ecclesiam
449 805 655 855 frequentat.
689 805 739 841 Ut
763 805 857 841 enim
876 818 921 841 ex
945 803 1100 853 desidia,
1127 804 1239 855 negli-
1312 803 1370 841 καὶ
1391 803 1484 841 ἄκων
1505 802 1767 855 ἀναχρώννυται
1787 805 1825 841 ἐκ
1843 806 1904 850 τῆς
1924 802 2085 845 εὐωδίας·
2108 803 2227 854 πολλῷ
2247 804 2336 852 μᾶλ-

250 866 369 915 gentia
391 881 398 901 ε
421 866 471 903 sic
498 880 542 904 ex
574 865 794 918 operatione,
834 866 944 903 animi
975 865 1081 903 ardor
1110 866 1236 903 oritur.
1262 865 1287 894 D
1311 866 1370 902 λον
1388 866 1434 907 εἷς
1450 864 1640 911 ἐκκλησίαν
1656 863 1780 903 ἀπιών.
1801 863 1942 918 ‘'ssew-:p
1960 863 2028 917 γὰρ
2045 863 2078 908 ἐξ
2093 862 2215 915 ἀργίας
2231 862 2335 914 ἀργία

251 926 327 963 Etsi
370 926 473 964 malis
502 927 549 964 sis
578 927 773 964 innumeris
811 927 982 976 refertus,
1018 927 1083 964 etsi
1125 927 1243 978 impu-
1313 925 1486 963 τίκτεται·
1517 924 1604 963 οὕτω
1630 925 1690 963 καὶ
1714 927 1753 963 ἐκ
1777 929 1840 972 τῆς
1865 925 2039 977 ἐνεργείας
2063 923 2238 976 προθυμία
2256 940 2334 974 γεν-

250 1000 334 1034 rus,
368 987 440 1024 noli
472 987 563 1024 hanc
584 987 697 1024 vitare
729 986 974 1037 frequentiam.
1009 986 1106 1032 Quid
1134 1000 1238 1036 vero,
1312 992 1424 1024 νᾶται.
1455 986 1529 1024 Κᾶν
1551 986 1684 1037 μυρίων
1701 981 1741 1038 ἧς
1759 987 1876 1038 γέμων
1895 989 2027 1033 κακῶν,
2046 985 2108 1024 κᾶν
2129 985 2334 1036 ἀκάθαρτος,

250 1047 385 1098 inquis,
417 1048 445 1085 si
475 1047 595 1085 audita
619 1061 686 1085 non
709 1046 908 1096 exsequar?
937 1047 1016 1083 Non
1038 1061 1166 1098 parum
1189 1046 1243 1083 lu-
1315 1046 1362 1096 μὴ
1383 1046 1493 1098 φύγῃς
1507 1047 1570 1092 τὴν
1591 1048 1738 1085 ἐνταῦθα
1755 1048 1949 1099 διατριέήν.
1982 1047 2028 1085 'ts'
2044 1041 2100 1085 οῦν
2111 1062 2264 1099 ,φησιν,
2284 1062 2336 1083 οτι

252 1107 303 1144 cri
332 1117 403 1151 est,
438 1107 466 1144 si
495 1116 528 1144 te
559 1108 728 1144 miserum
751 1106 1022 1158 praedicaveri53
1054 1120 1123 1143 non
1163 1107 1243 1143 inu-
1315 1107 1449 1144 ἀκούων
1480 1109 1517 1144 οὐ
1544 1122 1656 1154 ποιω;
1693 1109 1746 1145 Οὐ
1776 1109 1896 1159 μικρὸν
1925 1108 1963 1146 τὸ
1995 1107 2114 1158 κέρδος
2141 1106 2335 1151 ταλανίζειν

252 1167 326 1204 tilis
356 1167 415 1204 hic
438 1167 545 1204 timor
575 1175 648 1215 est,
678 1180 745 1203 non
775 1165 1023 1217 intempestiva
1056 1166 1211 1203 formido
1235 1183 1243 1203 ι
1315 1166 1457 1204 ἑαυτόν·
1491 1169 1552 1204 οὐκ
1585 1167 1759 1219 ἄχρηστος
1786 1171 1882 1211 οὗτος
1906 1172 1923 1206 ὁ
1951 1169 2071 1220 φόὸος·
2101 1171 2161 1207 οὐκ
2194 1170 2338 1220 ἄκαιρον

252 1227 280 1264 si
302 1228 415 1265 solum
434 1227 671 1278 ingemueris,
690 1227 787 1278 quod
802 1226 924 1264 audita
941 1241 1010 1264 non
1027 1228 1243 1278 exsequaris,
1315 1232 1416 1266 τοῦτο
1436 1228 1475 1266 τὸ
1497 1227 1584 1271 δέος.
1619 1227 1705 1266 Ἐὰν
1734 1229 1899 1280 στενάξῃς
1927 1229 2049 1280 μόνον,
2075 1229 2126 1267 ο’τι
2147 1229 2282 1267 ἀκούων
2302 1231 2339 1267 οὐ

251 1286 443 1337 aliquando
460 1286 507 1324 ad
527 1286 705 1337 agendum
721 1295 755 1323 te
775 1286 1010 1338 comparabis.
1034 1287 1112 1324 Non
1134 1295 1248 1338 potest
1315 1291 1425 1337 ποιῶ,
1446 1289 1586 1332 πάντως
1612 1289 1672 1327 καὶ
1692 1289 1749 1327 ἐπὶ
1769 1290 1808 1328 τὸ
1833 1297 1943 1328 ποιεῖν
1962 1290 2054 1337 ἥξεις
2075 1290 2171 1329 ποτέ.
2202 1292 2254 1329 Οὐ
2272 1289 2339 1342 γὰρ

251 1348 345 1385 enim
360 1348 422 1398 qui
440 1349 555 1385 Deum
570 1348 788 1398 alloquitur,
808 1347 997 1399 ipsumque
1027 1346 1128 1385 audit
1144 1378 1152 1395 ,
1174 1361 1244 1385 non
1317 1351 1428 1389 ἔνεστι
1449 1353 1498 1402 τῷ
1519 1353 1602 1403 Θεῷ
1623 1350 1880 1402 διαλεγόμενον,
1895 1351 1954 1390 καὶ
1972 1351 2140 1390 ἀκούοντα
2157 1354 2249 1390 Θεοῦ
2263 1353 2336 1389 δια-

253 1408 390 1459 aliquid
402 1409 492 1446 lucri
509 1409 689 1460 consequi.
711 1408 841 1447 Statim
856 1409 952 1446 enim
967 1422 1030 1446 nos
1042 1408 1244 1460 colligimus
1315 1411 1519 1462 λεγομένου,
1554 1411 1601 1462 μὴ
1634 1411 1837 1463 κερδαίνειν.
1879 1412 2016 1456 Εὐθέως
2044 1416 2125 1464 γοῦν
2151 1411 2339 1451 συστελλό-

255 1484 450 1521 manusque
470 1471 670 1519 abluimus,
695 1484 776 1507 cum
794 1470 929 1507 librum
954 1470 1113 1522 accipere
1139 1470 1243 1508 volu-
1266 1473 1289 1503 E
1319 1476 1419 1523 μεθα,
1439 1473 1497 1510 καὶ
1518 1473 1580 1516 τὰς
1599 1479 1718 1525 χεῖρας
1732 1473 1936 1524 νιπτόμεθα,
1953 1473 2033 1511 ὅταν
2053 1473 2185 1525 βιὸλίον
2204 1471 2340 1524 βουλώ-

79 1559 179 1586 Lectio
196 1545 346 1584 dfimus.
374 1531 506 1570 Viden'
539 1540 671 1581 quanta
698 1531 752 1568 vel
783 1540 863 1568 ante
887 1530 1075 1568 lectionem
1104 1531 1244 1582 pietas?
1317 1536 1406 1583 μεθα
1430 1534 1561 1572 λαὸεῖν.
1595 1533 1704 1586 Ὁρᾷς
1736 1533 1795 1571 καὶ
1824 1534 1891 1585 πρὸ
1915 1538 1976 1581 τῆς
2001 1534 2227 1585 ἀναγνώσεως
2246 1533 2337 1580 πόση

55 1602 189 1627 vinorum
206 1599 239 1625 li·
258 1593 368 1640 Quod
385 1593 414 1630 si
435 1593 626 1643 diligenter
640 1606 849 1644 pergamus,
875 1606 1041 1643 magnam
1060 1606 1245 1644 carpemus
1317 1595 1503 1642 εὖλάὸειας
1522 1595 1581 1633 Ἂν
1598 1594 1638 1641 δὴ
1654 1595 1713 1633 καὶ
1728 1595 1816 1646 μετὰ
1832 1595 2009 1646 ἀκριὸείας
2023 1595 2237 1646 ἐπέλθωμεν,
2254 1597 2339 1632 πολ-

54 1641 243 1711 ξίᾞᾜῧὲίῗ
258 1653 462 1691 utilitatem.
493 1654 615 1703 Neque
648 1653 743 1690 enim
778 1653 845 1690 nisi
867 1653 984 1690 anima
1008 1653 1067 1705 pie
1091 1654 1214 1691 affecta
1230 1684 1241 1704 ,
1316 1656 1380 1702 λην
1403 1657 1662 1709 καρπωσόμεθα
1683 1657 1745 1703 τὴν
1775 1656 2055 1709 ὠφέλειαν.ου
2071 1656 2138 1708 γὰρ
2158 1656 2220 1704 ἂν,
2240 1658 2270 1693 εἷ
2289 1672 2338 1706 μη

257 1729 383 1752 manus
411 1715 596 1751 abluemus
617 1730 624 1750 :
643 1723 676 1751 et
707 1713 836 1751 mulier
859 1714 888 1751 si
921 1728 990 1751 non
1022 1723 1143 1766 operta
1176 1715 1240 1764 sit,
1318 1718 1352 1754 ἓν
1372 1717 1534 1767 ευλαὸείᾳ
1549 1718 1695 1764 καθίστη
1713 1717 1775 1764 τὴν
1798 1718 1887 1769 ψυ]
1872 1734 1926 1765 ην,
1945 1717 2006 1761 τὰς
2024 1724 2142 1771 γεῖρας
2157 1717 2195 1755 ἂν
2215 1719 2338 1755 ἀπενι-

257 1776 375 1813 statim
393 1776 513 1813 velum
529 1775 676 1812 assumit
691 1804 701 1823 ,
721 1775 757 1811 in
770 1784 1019 1826 argumentum
1035 1775 1180 1826 pietatis
1192 1775 1246 1813 in—
1317 1778 1478 1829 ψάμεθα
1499 1795 1557 1816 και
1580 1795 1665 1829 γυνη
1680 1809 1687 1827 ,
1709 1795 1772 1816 καν
1793 1779 2083 1822 ἀκατακάλυπτος
2102 1796 2122 1830 ῃ
2136 1808 2145 1825 ,
2162 1778 2339 1831 περιτίθε-

258 1836 395 1874 terioris
418 1852 425 1872 ε
450 1836 507 1874 vir
537 1835 565 1872 si
599 1844 721 1887 operto
739 1836 784 1872 sit
815 1835 949 1887 capite,
978 1834 1091 1872 nudat
1123 1845 1240 1888 caput.
1317 1855 1375 1876 ται
1397 1839 1518 1883 ευθέως
1535 1840 1574 1878 τὸ
1590 1840 1717 1914 φάρρς,
1738 1856 1800 1886 της
1819 1839 1950 1877 ἔνδοθεν
1969 1840 2149 1883 εὐλαὸείας
2162 1840 2200 1878 τὸ
2217 1841 2341 1891 δεῖγμα

259 1899 391 1937 Viden’
413 1897 592 1949 quomodo
608 1907 772 1935 externus
792 1897 1093 1934 habitusintcrnae
1113 1898 1158 1935 sit
1173 1898 1249 1950 pie·
1318 1901 1584 1952 ἐνδεικνυμένη·
1612 1917 1671 1939 και
1702 1900 1790 1952 ἀνὴρ
1804 1931 1813 1947 ,
1843 1900 1902 1938 ἐὰν
1930 1901 2284 1952 κατακεκαλυμμένος
2305 1906 2340 1953 ᾐ,

258 1960 339 1997 tatis
368 1960 569 1997 indicium?
591 1959 678 1996 Inde
697 1959 821 1996 sedens
840 1958 886 1995 ad
912 1958 1156 2008 audiendum,
1179 1960 1248 1997 fre·
1318 1968 1442 2014 γυμνοῖ
1468 1962 1531 2008 τὴν
1561 1963 1726 2015 κεφαλήν.
1764 1962 1872 2014 Ὁρᾶς
1903 1966 1976 2005 πῶς
2000 1963 2107 2016 κήρυξ
2131 1962 2262 2013 γίνεται
2278 1979 2341 2011 της

259 2035 369 2072 quens
399 2020 626 2072 ing,emiscit
648 2029 680 2058 et
702 2020 918 2072 praeteritam
948 2019 1061 2058 vitam
1088 2020 1245 2058 damnat.
1319 2023 1412 2061 ἔνδον
1430 2023 1609 2067 εὐλαέείας
1622 2023 1661 2061 τὸ
1677 2023 1797 2068 ἔξωθεν
1817 2039 1957 2076 σχημα;
1974 2017 2063 2061 Εἶτα
2079 2023 2138 2062 καὶ
2153 2027 2200 2067 εἷς
2214 2023 2342 2077 ἀκρόα-

98 2108 244 2136 lomoni
258 2083 451 2135 Sclipturis
482 2096 564 2133 eigo
586 2081 747 2119 animum
768 2082 1025 2130 adhibeamus,
1045 2081 1166 2120 dilecti
1189 2092 1247 2131 ,et
1258 2105 1305 2130 3110
1320 2101 1371 2123 σιν
1398 2084 1592 2160 ῧκαθίσας,
1619 2084 1778 2129 ἐστέναξε
1802 2084 1970 2128 πολλάκις
1999 2085 2058 2123 καὶ
2089 2084 2247 2136 κατέγνω
2281 2101 2340 2123 του

55 2151 133 2179 utili·
137 2161 175 2178 :.·s
258 2146 380 2183 saltem
403 2161 444 2183 ex
448 2144 586 2196 angelia
610 2144 766 2182 studiose
789 2152 989 2181 tr.actemus
1007 2144 1137 2181 Statim
1153 2144 1248 2182 enim
1270 2141 1295 2170 Λ
1321 2146 1395 2197 βίου
1416 2162 1475 2184 του
1494 2146 1674 2198 παρόντος.
1694 2146 1934 2199 Προσέχωμεν
1954 2146 2065 2185 τοίνυν
2082 2153 2156 2190 ταῖς
2175 2149 2342 2199 Γραφαῖς,

257 2217 362 2257 atque
390 2207 524 2244 librum
551 2206 751 2258 aperueris,
775 2204 909 2242 Christi
933 2218 1061 2242 nomen
1085 2205 1247 2254 videbis,
1319 2208 1514 2260 ἀγαπητοί·
1547 2207 1605 2245 καὶ
1640 2210 1669 2245 εἷ
1690 2209 1796 2258 μηδὲν
1815 2208 1931 2259 ἕτερον
1946 2237 1956 2255 ,
1993 2207 2037 2245 τὰ
2055 2213 2136 2259 γοῦν
2157 2208 2342 2259 εὐαγγέλια

57 2295 169 2322 Mauh.
195 2304 219 2322 ι.
257 2278 289 2306 et
318 2268 492 2306 dicentem
522 2268 626 2305 illum
651 2266 799 2304 audies:
823 2267 917 2304 Jesu
940 2275 1069 2303 autem
1101 2268 1248 2304 Christi
1318 2269 1603 2322 περισπούδαστα
1622 2271 1706 2319 ἡμῖν
1727 2268 1896 2320 γινέσθω,
1930 2269 1988 2306 καὶ
2008 2272 2116 2306 ταῦτα
2137 2284 2340 2321 μεταχειρι-

60 2336 104 2365 18.
253 2333 452 2381 generatio
468 2333 522 2367 sic
538 2339 634 2367 erat.
654 2330 752 2366 Cum
768 2336 864 2365 esset
880 2328 1110 2379 desponsata
1124 2336 1248 2366 mater
1319 2330 1469 2380 ζώμεθα.
1499 2329 1635 2373 Εὐθέως
1659 2335 1672 2350 ²¹
1687 2329 1776 2381 γὰρ,
1811 2329 2007 2373 ἀναπτύξας
2035 2329 2075 2367 τὸ
2109 2329 2259 2380 βιὲλίον,
2282 2333 2341 2368 τοῦ

255 2395 335 2444 ejus
350 2394 482 2429 ,Maria
498 2392 656 2443 Joseph,
673 2393 834 2427 inventa
849 2398 906 2427 est
921 2392 962 2426 in
976 2398 1083 2426 utero
1100 2391 1245 2428 habens
1317 2392 1470 2443 Χριστοῦ
1490 2390 1529 2428 τὸ
1549 2390 1656 2439 ὄνομα
1674 2391 1747 2442 ὄψει
1763 2390 1975 2442 ἐγκείμενον,
1995 2390 2054 2428 καὶ
2071 2389 2202 2441 ἀκούσῃ
2220 2391 2343 2434 εὐθέως

255 2456 302 2492 de
316 2456 459 2506 Spiritu
481 2462 629 2491 sancto.
655 2452 728 2498 Qui
745 2460 862 2489 autem
886 2451 962 2488 haec
983 2450 1156 2499 audierit,
1177 2460 1245 2489 sta-
1317 2452 1474 2503 λέγοντος
1487 2467 1494 2474 ·
1519 2453 1592 2489 Τοῦ
1620 2452 1655 2489 δὲ
1672 2453 1788 2498 Ἰησοῦ
1806 2452 1958 2504 Χριστοῦ
1973 2454 1993 2496 ἡ
2011 2450 2167 2502 γέννησις
2181 2445 2221 2498 ἧν
2239 2450 2341 2489 οὕτω.

254 2516 319 2553 tim
336 2515 550 2565 virginitatis
565 2529 684 2552 amore
697 2513 868 2565 capietur,
885 2521 1024 2564 partum
1038 2512 1242 2560 mirabitur,
1318 2512 1603 2559 Μνηστευθείσης
1630 2511 1697 2564 γὰρ
1730 2514 1792 2558 τ’ῆς
1823 2512 1952 2564 μητρὸς
1989 2513 2093 2549 αὐτοῦ
2128 2511 2268 2563 Μαρίας
2293 2515 2342 2564 τῷ

256 2592 274 2614 a
294 2586 385 2614 terra
402 2577 581 2628 migrabit.
602 2578 674 2614 Nec
692 2590 758 2627 pro
778 2573 918 2611 modico
943 2573 1148 2611 habendum
1175 2583 1242 2622 est,
1317 2573 1464 2626 Ἰωσὴφ,
1481 2573 1599 2625 εὑρέθη
1623 2576 1655 2611 ἐν
1675 2573 1800 2625 γαστρὶ
1821 2573 1948 2624 ἔχουσα
1961 2575 1999 2610 ἐκ
2013 2572 2218 2623 Πνεύματος
2231 2572 2341 2624 ἁγίου.

256 2638 285 2674 si
305 2637 360 2675 vel
380 2637 529 2688 carptim
546 2637 728 2687 obiterque
747 2634 880 2673 videris
901 2634 1040 2686 Spiritu
1058 2643 1177 2672 sancto
1188 2634 1244 2671 di·
1317 2635 1361 2673 Ὁ
1386 2635 1420 2673 δὲ
1453 2639 1565 2672 ταῦτα
1593 2634 1725 2673 ἀκούων
1739 2664 1747 2680 ,
1774 2634 1982 2685 ἐπιθυμήσει
2002 2633 2188 2685 παρθενίας
2208 2634 2342 2680 εὐθέως,

257 2708 399 2749 gnatam
419 2698 620 2748 Virginem,
635 2707 668 2735 et
680 2697 847 2748 angelum
864 2696 979 2748 ipsam
995 2696 1242 2746 alloquentem.
1319 2696 1533 2747 θαυμάζεται
1561 2696 1619 2734 τὸν
1645 2695 1746 2733 τόκον
1761 2725 1770 2740 ,
1795 2695 2085 2746 ἀπαλλαγήσεται
2105 2697 2166 2740 τῆς
2184 2698 2258 2746 γῆς.
2284 2696 2344 2733 -Οὖ

258 2760 344 2796 llaec
363 2758 481 2795 adhuc
501 2759 535 2796 in
559 2758 745 2811 superficie
768 2767 850 2795 sunt
872 2757 956 2794 :sed
976 2756 1006 2794 si
1026 2756 1101 2794 haec
1117 2771 1244 2809 specu-
1269 2757 1291 2786 Β
1321 2757 1429 2808 μικρὰ
1448 2757 1508 2795 καὶ
1529 2761 1650 2804 ταῦτα,
1670 2756 1751 2795 ὅταν
1769 2757 1844 2807 ἴδῃς
1860 2756 1918 2794 καὶ
1936 2756 2143 2806 Πνεύματος
2159 2754 2343 2798 καταξιου-

257 2819 364 2857 lando
385 2833 496 2868 usque
513 2819 546 2855 in
562 2820 668 2856 finem
684 2832 904 2870 perseveres,
925 2817 1109 2855 saecularia
1126 2817 1246 2855 statim
1321 2818 1427 2870 μένην
1447 2817 1510 2864 τὴν
1526 2817 1710 2869 παρθένον,
1734 2816 1794 2854 καὶ
1810 2816 1953 2867 ἄγγελον
1976 2819 2062 2867 αὐτῇ
2085 2815 2342 2866 διαλεγόμενον.

258 2881 375 2918 omnia
393 2894 535 2931 respues
548 2909 557 2925 ,
578 2889 711 2916 terrena
731 2879 848 2917 omnia
869 2877 1047 2916 deridebis
1072 2894 1079 2914 τ
1102 2878 1131 2917 si
1147 2878 1247 2917 dives
1320 2879 1390 2918 Καὶ
1409 2882 1520 2917 ταῦτα
1539 2878 1600 2928 μὲν
1621 2877 1656 2921 ἐξ
1668 2876 1847 2922 ἐπιπολῆς·
1866 2879 1893 2914 εἷ
1911 2877 1945 2913 δὲ
1963 2876 2143 2927 ἐπιμείνῃς
2162 2876 2266 2928 μέχρι
2282 2876 2344 2914 τέ-

259 2943 326 2990 sis,
351 2941 497 2979 divitias
526 2939 616 2976 nihil
647 2954 720 2977 esse
750 2939 880 2988 duces,
905 2938 968 2976 uhi
990 2939 1113 2977 audies
1147 2939 1246 2978 illam
1320 2942 1398 2984 λους
1423 2939 1552 2985 ἐπιὼν,
1582 2939 1697 2977 πάντα
1729 2937 1852 2980 εὐθέως
1882 2937 2083 2980 διαπτύσεις
2107 2937 2152 2976 τὰ
2182 2937 2342 2990 βιωτικὰ,

258 3003 348 3040 fabri
378 3016 525 3039 uxorem
552 3000 586 3037 in
618 3000 747 3037 humili
778 2999 897 3047 domo,
924 3009 1072 3037 matrem
1101 2998 1245 3037 Domini
1321 3000 1460 3040 πάντων
1481 2999 1704 3051 καταγελάσῃ
1731 3000 1798 3035 τῶν
1829 3001 1992 3037 ἐνταῦθα·
2023 2998 2087 3036 κᾶν
2109 2998 2270 3041 πλούσιος
2289 2993 2342 3049 ἧς,

260 3065 389 3112 fuisse;
411 3063 438 3101 si
459 3076 615 3114 pauper,
637 3060 681 3097 de
705 3070 908 3112 paupertate
941 3075 1009 3098 non
1039 3062 1222 3099 erubesces
1235 3091 1246 3111 ,
1322 3061 1418 3100 οὐδὲν
1438 3061 1553 3112 ἡγήσῃ
1571 3060 1628 3098 τὸν
1649 3061 1796 3097 πλοῦτον
1811 3090 1819 3106 ,
1852 3058 2000 3103 ἀκούσας
2015 3059 2068 3097 ὅτι
2087 3059 2244 3102 τέκτονος
2260 3053 2344 3097 οῧσα

260 3142 342 3165 eum
369 3125 538 3164 didiceris
562 3124 763 3161 Creatorem
786 3121 910 3159 mundi
939 3122 1151 3161 vilissimam
1182 3138 1245 3161 ca-
1323 3123 1434 3170 ἐκείνη
1457 3122 1516 3160 καὶ
1535 3124 1701 3167 ταπεινῆς
1720 3120 1852 3167 οἰκίας,
1876 3120 1992 3171 μήτηρ
2010 3124 2069 3158 τοῦ
2088 3120 2265 3158 Δεσπότου
2283 3134 2342 3157 σου

262 3202 336 3225 sam
349 3202 417 3225 non
434 3184 630 3224 erubuisse.
650 3183 732 3220 Haec
748 3183 775 3221 si
794 3182 936 3233 cogitCS,
952 3197 1020 3220 non
1036 3184 1161 3235 rapiCS,
1177 3199 1244 3223 non
1323 3183 1441 3236 γέγονε
1454 3200 1461 3208 ·
1481 3182 1545 3222 κᾶν
1565 3181 1669 3228 πένης
1686 3176 1726 3233 ἧς
1739 3210 1749 3227 ,
1766 3182 1828 3219 οὐκ
1845 3181 2106 3232 ε’παισχυνθήσῃ
2126 3181 2188 3227 τὴν
2207 3180 2342 3228 πενίαν,

262 3263 389 3287 avarus
408 3247 493 3294 eris,
524 3259 592 3284 non
616 3244 653 3282 in
679 3244 792 3281 aliena
825 3242 1024 3292 involabis5
1048 3244 1105 3281 scd
1126 3245 1243 3296 potius
1327 3245 1444 3297 μαθὼν
1467 3244 1520 3283 ὅτι
1547 3243 1608 3291 τὴν
1628 3241 1873 3288 εὐτελεστάτην
1891 3242 2000 3280 οἰκίαν
2024 3244 2086 3280 οὐκ
2102 3241 2300 3294 ἐπῃσχύνθη
2325 3245 2343 3279 ὁ

315 3411 318 3422 ·
367 3404 512 3436 ὲκκθὶσκς
529 3396 629 3430 Savil-
652 3398 657 3438 ἱ
1380 3409 1392 3424 -··
1417 3400 1470 3431 Sic
1481 3398 1581 3432 Savil.
1599 3405 1630 3429 et
1648 3397 1712 3430 atii.
1734 3395 1847 3428 Movet.
1869 3407 1945 3427 vero
1963 3401 2019 3439 γὰρ
2040 3411 2073 3428 αι
2089 3401 2195 3429 dmm.
