2481 3678
718 200 756 229 ΙΝ
794 199 1002 230 ΙΟΑΝΝΕΜ
1041 197 1194 227 llOMIL.
1235 196 1358 225 Lth.
1398 181 1456 226 al.
1498 197 1651 226 Lxx'ltl.
2114 185 2206 248 469

119 284 353 336 ἀντιστρόφως
370 299 375 306 ·
397 286 413 322 ὁ
436 282 606 321 πιστεύων
622 284 668 326 εἷς
684 282 741 337 τὸν
759 281 920 334 Πατέρα,
941 282 1000 319 οὐκ
1018 281 1064 322 εἰς
1081 279 1138 316 τὸν
1215 276 1406 327 credimus,
1424 277 1459 314 in
1477 286 1509 315 te
1526 290 1594 315 non
1609 277 1798 316 credimus.
1815 279 1905 316 Nam
1924 279 2134 318 infirmiores
2146 281 2206 318 ad·

119 346 263 398 Πατέρα
283 344 460 392 πιστεύει,
483 345 559 382 ἀλλ’
588 346 635 387 εἷς
656 343 739 395 ἐμέ;
757 342 844 382 εὈτι
863 337 958 380 εἶπον
988 341 1044 388 ἂν,
1066 339 1137 378 ἰδοὺ
1165 343 1188 373 B
1211 337 1281 374 huc
1299 346 1408 374 erant.
1431 337 1635 390 Discipulos
1654 338 1748 375 enim
1767 338 1948 389 alloquens
1966 340 2016 378 sic
2049 340 2202 387 dicebat,

118 409 218 456 ἡμεῖς
238 406 444 456 πιστεύομεν
472 407 520 448 εἷς
545 405 602 443 τὸν
624 404 769 456 Πατέρα
784 434 793 451 ,
812 404 871 442 καὶ
891 405 938 447 εἷς
962 403 1001 441 σὲ
1021 404 1058 440 οὐ
1077 417 1138 439 πι-
1214 399 1380 436 Creditis
1399 401 1441 435 in
1461 399 1601 446 Deum,
1620 402 1715 437 etin
1732 413 1792 437 me
1816 401 1971 438 credite.
1995 401 2068 438 Hos
2086 411 2203 440 autem
2217 414 2304 441 dorm.
2324 413 2367 448 12.
2381 423 2403 443 ι.

118 467 296 518 στεύομεν.
317 467 386 505 Καὶ
411 466 478 519 γὰρ
505 465 750 518 ἀσθενέστερον
772 465 822 504 ἔτι
848 463 1027 502 διέκειντο.
1056 464 1140 504 Τοῖς
1214 473 1295 496 cum
1315 459 1529 499 infirmiores
1557 460 1602 498 ad
1625 460 1702 498 haec
1731 460 1907 499 audienda
1928 461 2084 511 videret,
2103 462 2204 501 aliter

117 530 196 578 γοῦν
215 531 385 578 μαθηταῖς
405 526 646 578 διαλεγόμενος
677 525 784 568 οὕτως
805 517 908 563 ἐἶπεν
922 539 929 547 ·
950 521 1140 561 Πιστεύετε
1213 520 1378 558 instituit.
1410 521 1574 559 Ostendit
1593 536 1676 574 ergo
1696 536 1764 560 non
1784 536 1885 574 posse
1905 523 1940 560 in
1962 524 2102 561 Patrem
2131 539 2204 562 crc-

118 590 164 631 εἰς
178 588 236 626 τὸν
252 588 356 635 Θεὸν,
373 588 433 626 καὶ
449 590 494 632 εἷς
512 587 574 638 ἐμὲ
594 586 788 626 πιστεύετε.
808 584 962 627 Τούτους
981 583 1017 621 δὲ
1034 584 1138 620 ἀσθε-
1213 582 1296 620 dere
1319 597 1400 632 eos,
1420 584 1483 634 qui
1511 598 1580 622 non
1608 584 1643 622 in
1668 599 1705 622 se
1731 584 1885 622 credant.
1914 585 1961 623 Et
1983 599 2025 623 ne
2049 595 2149 637 putes
2168 586 2205 623 id

118 648 294 700 νεστέρους
316 652 404 700 ὁρῶν
424 652 483 687 τοῦ
509 652 653 687 τοιαῦτα
677 650 833 691 οἰκοῦσαιι
846 645 1006 699 ῥήματα,
1027 644 1141 686 ἄλλως
1213 641 1314 692 quasi
1334 641 1379 680 de
1396 642 1538 681 homine
1550 643 1643 693 dici,
1659 643 1781 681 subdit
1799 643 1884 681 245.
1909 645 1984 695 Qui
2002 646 2109 682 videt
2129 660 2200 691 me,

118 708 277 760 *ἐνάγεμ
305 709 485 748 Δείκνυσιν
517 703 574 747 οῧν
603 708 656 749 ὅτι
688 709 749 745 οὐκ
775 707 847 745 ἔστι
880 709 1064 744 πιστεῦσαι
1091 706 1141 757 τῷ
1213 705 1322 742 videt
1341 719 1427 743 eum
1445 708 1512 757 qui
1535 708 1639 744 misit
1668 720 1740 744 me.
1764 704 1861 752 Quid
1884 706 1995 757 ergo?
2013 720 2057 744 an
2078 720 2206 759 corpus

116 769 232 822 Πατρ),
246 799 255 816 ,
275 769 323 820 μὴ
341 770 597 814 πιστεύσαντας
612 771 659 811 εἰς
673 766 790 806 αὐτόν.
810 765 879 805 Καὶ
898 765 954 803 ἵνα
974 765 1022 816 μὴ
1042 763 1141 815 νομί·
1213 775 1264 804 est
1277 766 1403 805 Deus?
1417 767 1582 806 Minime.
1597 768 1781 807 Visionem
1796 767 1928 820 quippe
1942 768 2130 807 mentalem
2146 769 2206 806 hic

115 846 196 880 σῃς,
216 830 271 869 ὅτι
289 832 335 874 ὡς
361 832 416 870 ἐπ’
439 830 622 883 ἀνθρώπου
644 829 805 881 εἴρηται,
827 827 968 879 ἐπάγει·
990 826 1034 864 Ὁ
1057 830 1142 865 θεω-
1213 827 1404 879 significat,
1444 838 1478 867 et
1506 828 1591 867 hinc
1625 829 2024 867 consubstantialitatem
2060 829 2206 867 demon-

118 894 184 942 ρῶν
203 890 286 941 ἐμὲ,
312 895 434 943 θεωρεῖ
463 891 521 928 τὸν
549 888 740 942 πέμψαντά
767 904 822 940 με.
852 887 899 926 Τί
924 882 1003 935 οὖν,
1037 886 1142 937 σῶμά
1214 897 1312 926 strat.
1333 888 1382 927 Et
1398 889 1486 941 quid
1504 890 1573 928 sibi
1592 891 1671 929 vult
1690 890 1798 938 illud,
1825 891 1900 942 Qui
1918 891 2040 928 credit
2059 893 2100 928 in
2119 895 2207 929 me?

115 954 207 990 ἐστιν
225 956 243 991 ὁ
263 952 372 1000 Θεός;
398 952 585 1002 Οὐδαμῶς.
615 950 777 1003 Θεωρίαν
806 949 874 1003 γὰρ
899 949 963 997 τὴν
994 953 1053 988 τοῦ
1083 953 1142 987 νοῦ
1215 951 1267 987 Ac
1287 950 1315 988 si
1336 950 1416 1001 quis
1441 950 1589 1002 diceret,
1612 951 1684 998 Qui
1710 965 1840 1002 aquam
1858 950 1903 989 de
1919 951 2066 990 flumine
2091 952 2206 1000 tollit,

116 1027 218 1064 φησιν
233 1013 402 1061 ἐνταῦθα,
419 1011 479 1050 καὶ
498 1013 652 1050 ἐντεῦθεν
668 1011 708 1050 τὸ
729 1011 911 1063 ὃμοούσιον
929 1012 1054 1057 δηλῶν.
1071 1009 1142 1049 Καὶ
1215 1025 1285 1049 non
1304 1011 1349 1049 de
1369 1012 1533 1063 flumine,
1558 1013 1621 1051 sed
1643 1012 1687 1050 de
1713 1013 1810 1050 fonte
1832 1012 1971 1065 accipit.
1997 1014 2074 1051 Imo
2100 1013 2205 1051 infir-

115 1073 148 1111 τί
169 1075 274 1122 ἐστιν,
291 1073 335 1111 Ὁ
359 1072 533 1112 πιστεύων
553 1075 603 1116 εἷς
621 1072 702 1124 ἐμέ,
720 1073 786 1116 εΩς
806 1072 846 1110 ἂν
866 1072 956 1111 εἴποι
974 1087 1044 1115 τις·
1065 1074 1083 1109 ὁ
1102 1071 1141 1109 τὸ
1168 1080 1191 1111 C
1214 1073 1308 1111 mius
1348 1073 1417 1112 hoc
1453 1074 1657 1127 exemplum
1686 1083 1736 1112 est
1775 1073 1820 1112 ad
1863 1088 1939 1112 rem
1975 1075 2205 1127 propositam.

114 1138 174 1173 τοῦ
194 1140 354 1185 ποταμοῦ
374 1134 621 1187 ἀναιρούμενος
637 1135 729 1186 ὕδωρ
743 1165 752 1182 ,
772 1136 809 1172 οὗ
827 1134 865 1172 τὸ
885 1139 944 1173 τοῦ
962 1136 1141 1183 ποταμοῦ,
1214 1134 1279 1173 46.
1298 1136 1384 1186 Ego
1405 1135 1474 1172 lux
1493 1138 1535 1173 in
1554 1136 1741 1173 mundum
1759 1138 1865 1173 veni.
1885 1136 1976 1173 Cum
1991 1136 2083 1173 enim
2102 1137 2207 1174 Pater

119 1196 209 1234 ἀλλὰ
234 1197 274 1234 τὸ
303 1198 365 1242 τῆς
384 1200 500 1247 πηγῆς
520 1196 706 1246 λαμέάνει.
736 1197 884 1234 Μᾶλλον
916 1196 951 1233 δὲ
972 1195 1031 1233 καὶ
1053 1195 1141 1241 αὕτη
1214 1205 1247 1234 et
1266 1196 1303 1235 in
1325 1197 1434 1235 veteri
1453 1206 1486 1235 et
1506 1197 1542 1235 in
1563 1211 1654 1236 nova
1679 1197 1757 1249 lege
1775 1198 1826 1235 sic
1848 1198 2064 1250 appelletur,
2085 1208 2118 1236 et
2138 1199 2206 1237 hoc

117 1257 167 1296 ἔτι
202 1257 432 1309 ἀσθενεστέρα
447 1261 469 1304 ἡ
491 1257 592 1296 εἰκὼν
614 1258 699 1311 πρὸς
718 1258 757 1296 τὸ
786 1257 1026 1311 προκείμενον.
1047 1256 1143 1307 Ἐγὼ
1214 1257 1290 1310 ipse
1321 1267 1443 1296 utatur
1469 1259 1631 1307 nomine3
1663 1258 1743 1296 ideo
1776 1258 1909 1296 Paulus
1938 1259 2023 1297 hinc
2059 1260 2204 1299 edoctus
2219 1265 2311 1297 llcbr.
2334 1276 2357 1296 1.
2374 1269 2404 1297 3.

116 1322 188 1371 φῶς
208 1321 254 1363 εἰς
273 1319 331 1357 τὸν
351 1319 483 1369 κόσμον
512 1318 678 1365 ἐλήλυθα.
704 1319 851 1366 Ἐπειδὴ
879 1319 946 1371 γὰρ
970 1323 987 1358 ὃ
1015 1318 1143 1370 Πατὴρ
1214 1319 1438 1371 splendorem
1458 1329 1562 1358 vocat
1583 1320 1700 1357 illum.
1720 1320 1874 1358 Multam
1894 1329 1985 1358 certe
2004 1335 2085 1358 cum
2101 1322 2205 1361 Patre

117 1381 229 1432 τούτῳ
248 1382 408 1418 καλεῖται
428 1384 609 1432 πανταχοῦ
640 1382 675 1418 ἐν
702 1384 745 1431 τῇ
773 1382 918 1433 Παλαιᾷ
945 1380 1004 1418 καὶ
1039 1383 1073 1418 ἐν
1097 1382 1142 1431 τῇ
1212 1380 1423 1418 affinitatem
1442 1381 1502 1418 hic
1515 1381 1683 1431 ostendit,
1705 1381 1777 1418 imo
1793 1381 1930 1418 nullam
1943 1381 2203 1421 differentiam:

118 1444 250 1493 Καινῇ,
280 1441 339 1478 καὶ
365 1443 458 1493 αὐτῷ
490 1440 663 1493 κέχρηται
689 1444 739 1493 τῷ
758 1440 914 1491 ὀνόματι.
942 1441 1010 1479 Διὰ
1042 1444 1145 1479 τοῦτο
1213 1458 1295 1480 nam
1324 1443 1432 1480 fidem
1458 1444 1493 1481 in
1511 1457 1561 1493 se,
1584 1443 1705 1481 nonin
1723 1457 1773 1493 se,
1794 1443 1855 1481 sed
1875 1444 1910 1480 in
1932 1444 2034 1481 illum
2057 1445 2207 1483 transire

117 1503 175 1541 καὶ
195 1503 334 1545 Παῦλος
349 1502 568 1553 ἀπαύγασμα
585 1503 687 1540 αὐτὸν
704 1504 827 1550 καλεῖ,
842 1504 995 1541 ἐντεῦθεν
1011 1502 1144 1553 μαθών.
1212 1503 1315 1542 dicit.
1337 1505 1470 1542 Lucem
1490 1518 1596 1556 porro
1615 1519 1650 1542 se
1664 1505 1821 1553 vocavit,
1840 1504 1935 1555 quod
1954 1505 2000 1542 ab
2026 1520 2142 1543 errore
2163 1507 2205 1543 li-

117 1563 187 1602 Καὶ
210 1563 343 1610 πολλὴν
369 1563 537 1602 δείκνυσιν
559 1565 707 1601 ἐνταῦθα
728 1563 791 1610 τὴν
812 1563 897 1615 πρὸς
914 1564 972 1601 τὸν
998 1564 1144 1615 Πατέρα
1214 1565 1326 1615 beret,
1348 1574 1381 1603 et
1399 1565 1497 1616 quod
1528 1565 1730 1618 spirituales
1762 1566 1878 1604 solvat
1902 1567 2074 1605 tenebras.
2090 1567 2153 1604 47.
2169 1568 2208 1606 Si

117 1625 333 1677 συγγένειαν,
355 1625 416 1664 καὶ
442 1625 538 1664 οὐδὲν
557 1625 597 1663 τὸ
615 1624 732 1676 μέσον,
759 1625 848 1677 εἴγε
875 1625 940 1672 τὴν
967 1627 1015 1668 εἷς
1039 1626 1141 1664 αὖτὀν
1217 1629 1302 1679 quis
1323 1641 1382 1664 me
1404 1640 1484 1664 non
1513 1627 1696 1675 audierit,
1731 1640 1799 1678 ego
1827 1640 1904 1663 non
1919 1628 2055 1679 judico
2079 1627 2204 1664 illum.

118 1687 235 1726 πίστιν
250 1686 298 1737 μὴ
316 1689 364 1731 εἷς
379 1687 496 1732 αὐτὸν,
515 1688 591 1725 ἀλλ’
608 1689 656 1730 εἷς
672 1689 799 1726 ἐκεῖνον
818 1686 1007 1725 διαὸαίνειν
1026 1687 1142 1740 φησίν.
1217 1689 1308 1725 Non
1331 1690 1435 1725 enim
1463 1689 1558 1724 veni
1586 1696 1626 1724 ut
1652 1687 1825 1739 judicem
1856 1688 2055 1734 mundum,
2079 1689 2147 1726 sed
2167 1697 2208 1725 ut

119 1749 204 1791 Φῶς
222 1747 257 1787 δὲ
274 1748 394 1787 ἑαυτὸν
410 1748 554 1787 ἐκάλεσε
569 1778 578 1795 ,
594 1747 651 1786 διὰ
669 1748 708 1786 τὸ
726 1751 789 1795 τῆς
808 1748 942 1796 πλάνης
956 1749 1144 1787 ἀπαλλάτ-
1170 1759 1196 1788 D
1217 1751 1432 1803 salvificem
1453 1750 1653 1787 mundum.
1675 1749 1728 1787 Ne
1746 1757 1913 1801 putarent
1940 1749 2036 1787 enim
2063 1764 2099 1787 se
2126 1763 2208 1801 pro-

119 1825 202 1857 τειν,
225 1810 284 1849 καὶ
315 1811 356 1849 τὸ
384 1810 506 1857 νοητὸν
534 1809 628 1848 λύειν
655 1809 788 1854 σκότος.
818 1810 905 1849 Ἐὰν
930 1809 982 1853 τίς
1003 1826 1068 1861 μου
1095 1810 1143 1861 μὴ
1216 1820 1296 1864 pter
1320 1811 1566 1848 infirmitatem
1589 1819 1819 1848 contemtores
1845 1809 2036 1861 dimisisse,
2056 1810 2135 1850 ideo
2153 1810 2208 1848 di-

121 1871 253 1924 ἀκούσῃ
267 1902 275 1916 ,
297 1872 365 1923 ἐγὼ
384 1874 422 1910 οὐ
441 1871 548 1925 κρίνω
563 1871 679 1910 αὐτόν.
691 1874 744 1910 Οὐ
755 1872 822 1925 γὰρ
841 1867 946 1919 ἦλθον
966 1872 1021 1910 ἵνα
1038 1872 1144 1924 κρίνω
1218 1872 1272 1910 xit
1293 1888 1300 1908 ε
1322 1873 1413 1910 Non
1431 1874 1526 1910 veni
1544 1881 1586 1910 ut
1599 1873 1771 1924 judicem
1799 1872 1998 1909 mundum.

119 1934 176 1972 τὸν
199 1933 343 1984 κόσμον,
363 1935 439 1972 ἀλλ’
466 1933 522 1971 ἵνα
542 1933 645 1973 σώσω
663 1933 721 1971 τὸν
739 1933 883 1985 κόσμον.
901 1933 980 1972 Ἵνα
1001 1934 1068 1987 γὰρ
1094 1935 1142 1985 μὴ

118 1994 305 2045 νομίσωσιν
319 1995 374 2034 ὅτι
389 1995 432 2032 δι’
450 1994 628 2033 ἀσθένειαν
649 1994 728 2038 τοὺς
746 1998 1051 2048 καταφρονοῦντας
1071 2011 1144 2033 πα-

119 2056 269 2109 ρέδραμε
285 2086 295 2105 ,
315 2057 371 2096 διὰ
386 2061 486 2095 τοῦτο
502 2050 577 2094 εἶπε
594 2056 652 2105 τὸ,
670 2058 748 2096 Οὐκ
766 2051 869 2103 ἦλθον
889 2054 944 2094 ἵνα
960 2056 1067 2108 κρίνω
1085 2057 1142 2096 τὸν

118 2117 260 2168 κόσμον.

168 2173 273 2228 Εἶτα,
285 2179 341 2218 ἵνα
353 2180 402 2230 μὴ
416 2179 644 2232 ῥαθυμότεροι
660 2179 769 2230 ταύτῃ
780 2179 962 2231 γένωνται,
977 2179 1142 2230 μαθόντες
1270 2175 1304 2213 2.
1327 2172 1464 2211 Deinde
1483 2186 1527 2212 ne
1540 2173 1625 2212 hinc
1643 2173 1820 2225 segniores
1835 2174 1942 2226 fiant,
1961 2175 2056 2227 quod
2074 2176 2207 2216 didjce-

115 2240 169 2279 ὅτι
197 2244 215 2279 ὁ
243 2240 416 2278 πιστεύων
445 2240 594 2284 σώζεται
607 2268 617 2286 ,
649 2243 688 2278 ³6
714 2240 748 2278 δὲ
767 2242 926 2279 ἀπιστῶν
944 2240 1140 2287 κολάζεται,
1215 2235 1285 2272 rint
1301 2249 1382 2273 eum
1395 2235 1457 2285 qui
1472 2235 1584 2274 credit
1609 2235 1749 2273 salvum
1766 2236 1864 2285 fieri,
1885 2237 1992 2288 etqui
2012 2251 2080 2275 non
2097 2239 2207 2275 credit

114 2300 178 2353 ὅρα
207 2304 282 2345 πῶς
305 2303 421 2344 αὐτοῖς
450 2301 510 2339 καὶ
541 2300 687 2354 ιροὲερὸν
708 2301 882 2347 ἐπέστησε
902 2302 1140 2352 δικαστήριον,
1213 2296 1354 2349 puniri,
1391 2295 1475 2336 vide
1502 2311 1609 2347 quam
1642 2297 1911 2335 formidolosum
1946 2299 2019 2336 illis
2052 2299 2206 2337 tribunal

116 2363 253 2415 ἐπάγων
282 2363 341 2401 καὶ
369 2362 501 2414 λέγων.
522 2361 566 2400 Ὁ
585 2362 647 2412 ἐμὲ
667 2364 816 2409 ἀθετῶν,
844 2362 902 2400 καὶ
925 2363 972 2413 μὴ
995 2363 1139 2413 λαμςά-
1213 2357 1387 2408 minetur,
1418 2372 1498 2396 cum
1525 2357 1649 2409 adjicit
1666 2373 1674 2394 :
1691 2358 1753 2395 48.
1789 2360 1865 2407 Qui
1895 2373 1954 2395 me
1981 2363 2123 2410 spernit
2134 2390 2146 2407 ,
2170 2369 2207 2398 et

115 2440 182 2462 νων
212 2424 255 2462 τὰ
284 2423 427 2477 ῥήματά
447 2439 512 2474 μου
524 2453 534 2471 ,
566 2423 640 2475 ἔχει
656 2423 714 2461 τὸν
730 2422 891 2474 κρίνοντα
911 2422 1027 2461 αὐτόν,
1062 2425 1105 2462 Εἰ
1123 2427 1139 2462 ὅ
1166 2431 1190 2461 Ε
1215 2432 1293 2455 non
1307 2421 1447 2470 accipit
1467 2420 1590 2456 verba
1604 2432 1689 2455 mea
1696 2448 1708 2465 ,
1730 2420 1846 2455 habet
1861 2422 1928 2470 qui
1935 2420 2085 2471 judicet
2102 2434 2201 2458 eum.

115 2485 242 2537 Πατὴρ
257 2485 378 2523 οὐδένα
397 2484 518 2536 κρίνει,
540 2483 599 2521 καὶ
619 2482 660 2522 σὺ
676 2484 739 2521 οὐκ
757 2478 860 2530 ἦλθες
875 2483 931 2521 ἵνα
947 2483 1065 2535 κρίνῃς
1081 2485 1138 2523 τὸν
1214 2478 1251 2516 Si
1277 2487 1376 2530 pater
1397 2478 1573 2516 neminem
1589 2477 1749 2530 judicat,
1783 2487 1815 2515 et
1845 2487 1882 2515 tu
1909 2492 1977 2516 non
2009 2479 2137 2518 venisti
2167 2490 2205 2518 ut

116 2546 261 2597 κόσμον,
279 2545 331 2589 τίς
352 2545 455 2583 αὐτὸν
474 2544 608 2596 κρίνει,
633 2543 677 2583 Ὁ
696 2543 796 2594 λόγος
812 2544 847 2582 ὃν
863 2544 1032 2592 ἐλάλησα,
1049 2547 1141 2583 ἐκεῖ-
1208 2539 1348 2591 judices
1374 2539 1574 2589 mundum,
1602 2539 1682 2589 quis
1707 2539 1812 2577 illum
1840 2538 2044 2591 judicabit?
2073 2542 2205 2579 Sermo

116 2622 169 2650 νος
191 2613 301 2658 κρινεῖ
323 2605 438 2643 αὐτόν.
472 2603 620 2651 Ἐπειδὴ
642 2603 709 2656 γὰρ
728 2604 846 2654 ἔλεγον
860 2634 870 2652 ,
890 2605 943 2643 ὅτι
965 2605 1027 2642 οὐχ
1046 2605 1138 2643 ἔστιν
1213 2614 1325 2652 quem
1361 2601 1543 2652 loquutus
1585 2613 1695 2646 sum,
1732 2602 1812 2651 ipse
1838 2600 2035 2652 judicabit
2073 2602 2200 2639 illum.

115 2669 154 2705 ἐκ
173 2671 232 2705 τοῦ
252 2668 359 2712 Θεοῦ,
380 2666 396 2686 b
409 2665 518 2709 οὕτως
532 2659 607 2703 εἷπε
622 2682 629 2688 ·
651 2664 795 2711 δεικνὺς,
814 2664 866 2704 ὅτι
884 2667 921 2704 οὗ
941 2665 1019 2704 τότε
1037 2666 1138 2713 ὃυνή-
1213 2662 1308 2710 Quia
1335 2662 1430 2699 enim
1457 2660 1624 2698 dicebant
1650 2660 1756 2698 illum
1775 2674 1845 2698 non
1870 2675 1915 2698 ex
1939 2662 2014 2699 Deo
2039 2676 2130 2711 esse,
2153 2663 2204 2700 sic

115 2744 233 2767 σονται
248 2732 356 2766 ταῦτα
370 2727 495 2779 λέγειν,
513 2726 604 2765 ἀλλὰ
620 2727 664 2764 τὰ
682 2726 835 2779 ῥήματα,
854 2726 876 2764 ἃ
895 2727 1050 2774 ἐλάλησα
1066 2732 1138 2775 νῦν,
1211 2724 1377 2775 loquutus
1402 2730 1456 2760 est
1468 2751 1478 2770 ‚
1497 2730 1537 2758 ut
1558 2721 1712 2759 declaret
1731 2720 1827 2772 quod
1842 2729 1927 2759 tunc
1943 2735 2013 2761 non
2037 2732 2204 2775 poterunt

113 2792 147 2828 ἐν
172 2790 267 2835 τάξει
295 2789 463 2836 στήσεται
482 2787 677 2839 κατηγόρου
694 2815 704 2832 ,
733 2787 921 2839 ἐλέγχοντα
941 2786 1064 2831 αὐτοὺς
1079 2790 1137 2827 καὶ
1212 2792 1376 2837 poterunt
1393 2782 1468 2820 haec
1483 2783 1602 2821 dicere
1609 2797 1620 2831 3
1640 2781 1714 2831 sed,
1726 2781 1847 2822 Verba
1863 2796 1940 2833 quae
1961 2796 2054 2820 nunc
2077 2783 2204 2834 loquu-

114 2857 230 2889 πᾶσαν
259 2849 492 2889 διακόπτοντα
515 2848 717 2900 ἀπολογίαν.
754 2849 824 2886 Καὶ
843 2851 860 2886 ὃ
877 2847 977 2899 λόγος
995 2849 1032 2888 ὃν
1053 2850 1134 2888 ἐλά-
1151 2884 1200 2908 410
1210 2855 1267 2884 tus
1288 2858 1388 2892 sum,
1409 2841 1623 2881 accusatoris
1641 2841 1756 2880 vicem
1774 2850 1897 2893 agent,
1927 2842 1989 2894 qui
2014 2843 2097 2881 illos
2121 2858 2202 2882 con.

114 2913 220 2958 λησα.
255 2913 362 2954 Ποῖος
385 2910 509 2962 λόγος;
536 2910 621 2949 Ὅτι
643 2909 707 2947 ἀπ’
720 2911 872 2960 ἐμαυτοῦ
893 2911 956 2948 οὐκ
972 2911 1136 2958 ἐλήλυθα,
1162 2923 1187 2949 A
1210 2907 1349 2954 vincet,
1366 2912 1399 2942 et
1413 2917 1556 2942 omnem
1569 2902 1784 2941 defensionis
1799 2902 1946 2941 modum
1957 2903 2101 2942 adimet.
2118 2906 2202 2943 Ser-

112 2971 166 3010 ὅτι
185 2974 202 3010 ὁ
221 2971 363 3023 πέμψας
387 2987 430 3023 με
449 2970 589 3024 Πατὴρ,
609 2970 736 3014 ἐκεῖνός
758 2986 817 3021 μοι
836 2970 963 3009 ἔδωκεν
982 2972 1136 3018 ἐντολὴν,
1211 2982 1272 3006 mo
1293 2980 1405 3020 quem
1427 2966 1608 3018 loquutus
1629 2978 1728 3003 sum.
1749 2964 1842 3011 Quis
1861 2966 1995 3003 sermo?
2009 2967 2072 3004 49.
2093 2968 2205 3017 Quod

112 3033 147 3071 τί
173 3032 262 3071 εἴπω
293 3032 353 3071 καὶ
381 3032 415 3070 τί
443 3033 607 3080 λαλήσω·
638 3032 697 3071 καὶ
726 3031 791 3070 ὅσα
819 3036 992 3071 Βτοιαῦτα
1020 3032 1135 3086 ἕτερα.
1211 3045 1235 3068 a
1263 3043 1322 3067 me
1345 3031 1426 3080 ipso
1460 3040 1538 3064 non
1567 3028 1768 3073 venerim,
1802 3029 1895 3078 quia
1924 3029 1991 3078 qui
2019 3030 2123 3065 misit
2144 3042 2203 3065 me

113 3092 198 3145 Ἄρα
227 3098 338 3133 ταῦτα
357 3093 402 3131 δι’
422 3093 545 3136 αὐτοὺς
562 3092 670 3137 οὕτως
699 3092 858 3144 ἐλέγετο,
884 3092 940 3130 ἵνα
961 3093 1136 3144 μηδεμίαν
1210 3094 1350 3137 Pater,
1373 3088 1442 3126 ille
1457 3088 1562 3125 dedit
1582 3087 1677 3124 mihi
1696 3087 1925 3125 mandatum
1944 3088 2041 3138 quid
2051 3088 2175 3126 dicam
2188 3117 2198 3132 φ

156 3224 171 3239 *
190 3223 297 3266 [ἐνάγει
315 3226 405 3261 δειιὺς
421 3228 465 3257 ἔτι
481 3222 583 3256 Savil.
603 3230 635 3254 et
649 3221 758 3255 codd.
774 3223 908 3264 nostr-L]
1233 3224 1249 3248 h
1267 3218 1382 3264 [Savil.
1399 3226 1431 3250 et
1447 3215 1556 3250 codd.
1575 3217 1681 3249 nostri
1706 3223 1793 3251 τοῦτο’
1817 3232 1883 3263 φησι
1896 3243 1903 3257 ,
1920 3220 1963 3250 ὅτι
1978 3219 2009 3249 οὐ
2027 3222 2094 3249 τότε
2116 3214 2201 3256 (ἀλλ’

157 3287 168 3300 ³³
186 3276 309 3307 Putant
323 3277 448 3308 Boisius
467 3283 498 3307 et
512 3274 652 3307 sax-ilius
670 3274 845 3315 legendum
866 3285 932 3306 esse
950 3279 980 3307 ου’
998 3279 1123 3316 κολαζε-
1191 3280 1221 3310 ο)
1238 3282 1306 3309 τότε
1322 3271 1406 3305 Cod.
1428 3272 1492 3304 709
1508 3282 1516 3311 5
1534 3274 1579 3304 ὅτι
1597 3273 1664 3303 ἀλλ’
1682 3273 1712 3303 ο)
1729 3276 1797 3304 τότε
1818 3268 1901 3301 Cod.
1926 3266 2005 3309 705)
2019 3269 2201 3304 δυνήσονται]

115 3343 173 3361 ται.
207 3328 303 3360 Certe
336 3329 380 3359 ita
413 3326 587 3369 legendum
621 3326 702 3359 mihi
731 3338 859 3369 quoque
892 3325 1022 3359 videtur
1040 3339 1045 3358 z
1066 3326 1123 3361 sed
1190 3326 1312 3359 Aberat
1325 3332 1393 3359 τότε
1408 3324 1442 3356 'm
1458 3320 1595 3365 Montf.]

117 3390 225 3411 »mnes
242 3380 316 3411 Mss.
336 3384 494 3421 κοὶάζεται
512 3378 648 3421 habent,
667 3387 697 3411 et
718 3380 761 3411 itu
780 3378 853 3422 legit
876 3378 1043 3420 lutorprvs
1235 3389 1247 3404 a
1264 3375 1379 3414 Morel.
1399 3380 1522 3411 τοιαῦτα
1539 3379 1621 3417 {2272-
