2481 3678
70 1650 153 1677 Ῐῖιιῃι,
175 1648 190 1658 ”

175 1662 203 1677 4ι.
222 1649 252 1679 3.

73 1895 145 1922 lsai.
163 1902 187 1923 ι.
209 1903 253 1922 ιο.

70 1941 97 1962 vl.
112 1935 159 1963 23.

73 1978 165 2006 Mish,

183 1975 254 2004 3⁴1.

281 199 367 244 350
720 216 757 246 S.
796 205 972 246 Joxxxls
1009 215 1246 246 CilnYSoS-T.
1288 215 1490 246 ARCntEI‘.
1532 216 1878 248 CONSTANHNOP.

276 297 353 335 dire
378 296 573 350 oportebat.
606 298 712 349 Atqui
744 312 813 336 non
845 298 998 349 longam,
1025 299 1085 336 sed
1111 298 1256 336 brevem
1330 292 1520 345 αὐτους,οῧ
1550 298 1685 337 ἀκούειν
1704 298 1834 351 ”εχρην.
1870 299 1993 338 Καίτοι
2028 315 2066 351 γε
2095 299 2171 337 οὐδὲ
2211 306 2347 351 μακρᾶς

275 358 463 397 audierant
483 359 694 398 concionem.
711 362 811 397 Mens
827 359 921 397 enim
940 360 1073 397 sincera
1094 373 1161 397 non
1180 359 1256 396 lon—
1329 358 1478 404 ἥκουσαν
1509 360 1602 410 δηαη
1607 359 1740 412 γορίας,
1767 359 1856 399 ἀλλὰ
1893 360 2070 414 βραχείας.
2089 359 2203 398 “Οταν
2230 360 2297 413 γὰρ
2323 366 2345 408 ἡ

276 421 330 471 gis
348 436 437 474 opus
463 422 566 460 habet
597 423 830 461 sermonibus.
848 423 963 460 Tanta
983 432 1033 460 est
1051 422 1107 459 vis
1126 421 1257 461 verita·
1331 418 1463 457 διανοια
1484 419 1670 464 ἀδέκαστος
1689 425 1733 472 ᾐ,
1756 420 1830 459 οὐδὲ
1854 438 1996 498 μ<ακρων
2012 420 2074 459 λό
2063 436 2124 473 (ων
2144 422 2205 459 δεῖ.
2226 422 2258 458 Γ
2261 436 2348 460 οιου-

276 481 332 518 tis.
356 482 452 528 Quid
480 496 562 533 ergo
591 482 785 520 Pharisaei?
813 483 903 519 Cum
935 481 1123 533 compungi
1154 496 1257 533 opor·
1329 495 1385 517 τον
1404 479 1471 532 γὰρ
1489 484 1510 527 ἡ
1537 480 1693 526 ἀλήθεια.
1713 481 1760 520 Τί
1779 486 1835 520 οὐν
1854 485 1885 521 οἱ
1904 484 2116 535 Φαρισαῖοι,
2134 481 2218 520 Δέον
2240 498 2347 520 κατα-

274 543 408 592 tuissct,
424 544 475 581 illi
493 553 612 581 eontra
633 544 683 581 sic
698 544 858 580 incusant
880 557 949 590 eos,
968 544 1033 580 47.
1057 544 1259 594 Numquid
1327 545 1488 592 νυγῆναι,
1510 542 1549 580 τὸ
1569 542 1719 581 ἐναντίον
1734 547 1902 591 ποιοῦσιν,
1924 545 2189 594 ἀντεγκαλοῦσιν
2211 543 2346 590 αὐτοῖς,

274 613 308 641 et
322 619 393 643 vos
408 607 556 643 seducti
570 604 1079 653 estis?Adhucblandiuntur,
1093 618 1257 656 neeaspe-
1327 602 1386 649 Μὴ
1419 603 1477 640 καὶ
1510 606 1608 654 ὑμεῖς
1633 604 1871 652 πεπλάνησθε,
1909 604 2077 655 λέγοντες.
2113 603 2194 642 ’Έτι
2226 602 2346 647 αὐτοὺς

272 665 321 703 ris
338 675 485 703 utuntur
502 667 632 715 verbis,
650 667 753 705 veriti
769 681 811 705 ne
830 666 973 704 omnino
988 680 1023 703 se
1038 665 1233 703 desererent
1245 680 1255 713 5
1281 671 1303 700 E
1326 665 1566 713 κολακεύουσι,
1580 667 1639 704 καὶ
1652 668 1688 703 οὐ
1703 668 1946 718 καταφορικῶς
1965 666 2156 719 κέχρηνται
2171 668 2221 717 τῷ
2234 665 2346 717 λόγῳ,

270 725 332 763 sed
360 727 515 765 furorem
544 737 660 766 tamen
682 727 840 765 indicant
865 736 897 765 et
921 736 1021 764 caute
1042 727 1249 776 loquuntur.
1325 725 1513 770 δεδοικότες
1535 727 1582 777 μὴ
1603 726 1717 765 τέλεον
1735 728 2014 778 ἀποσχισθῶσιν·
2039 726 2128 764 ἀλλὰ
2149 726 2206 763 τὸν
2239 726 2344 777 θυμὸν

273 788 362 825 Cum
383 789 593 841 oportuisset
615 790 830 841 interrogare
849 787 937 839 quid
965 788 1127 830 dixisset,
1144 796 1176 824 ct
1195 786 1253 823 di-
1323 786 1543 837 ἐυκραίνουσι,
1562 788 1621 825 καὶ
1647 787 1735 838 μετὰ
1763 789 1896 840 φειδους
1920 787 2136 840 φθέγγονται.
2164 786 2249 825 Δεον
2277 786 2344 839 γὰρ

272 860 326 888 eta
350 852 424 903 ejus
450 852 633 901 admirari,
649 851 687 889 id
711 866 778 889 non
801 852 950 900 faciunt,
972 850 1073 902 gnari
1098 863 1133 887 sc
1158 848 1255 886 haud
1320 849 1513 898 ἐρωτῆσαι,
1529 848 1563 886 τί
1584 848 1753 895 ἐλάλησε,
1775 850 1833 887 καὶ
1866 850 2044 900 θαυιιάσαι
2075 848 2120 887 τὰ
2149 848 2339 900 λεχθέντα,

272 912 382 951 dubie
395 924 537 966 captum
557 914 617 963 iri,
639 913 700 951 sed
725 913 932 951 stultissimo
948 912 1027 950 illos
1046 919 1255 962 argumento
1323 923 1422 945 τουτο
1438 908 1500 959 μὲν
1528 911 1565 947 οὐ
1597 926 1774 948 ποιουσιν·
1803 910 1944 958 ᾔδεισαν
1965 910 2032 962 γὰρ
2061 909 2113 948 ὅτι
2141 910 2274 947 ἁλῶναι
2301 913 2346 947 εἰ-

272 974 457 1026 impctunt.
472 976 535 1013 48.
554 974 833 1026 Cur,i11quiunt,
844 974 1256 1024 nernoe.z·principihus
1321 984 1399 1020 χον·
1421 970 1490 1008 ἀπὸ
1511 970 1546 1009 δὲ
1570 971 1758 1023 τεκιιηρίου
1782 971 1914 1024 σφόδρα
1937 972 2080 1019 ἀνοήτου
2113 969 2235 1014 αὐτοὺς
2263 971 2345 1008 συλ-

270 1038 431 1074 credidit
451 1040 491 1074 in
516 1041 629 1074 eum?
660 1037 770 1081 Itane,
795 1049 925 1084 quaeso,
944 1034 1127 1071 Christum
1152 1046 1253 1070 aecu-
1321 1029 1526 1103 λογίζονται.
1543 1032 1647 1070 Διατί
1679 1033 1746 1085 γὰρ
1774 1034 1902 1081 οὐδεὶς,
1922 1049 2031 1086 φησι,
2063 1049 2131 1071 των
2167 1031 2344 1085 ἀρχόντων

270 1112 338 1140 5ᾱ5,
361 1107 393 1134 ct
418 1110 485 1134 non
508 1096 729 1134 incredulos?
745 1096 807 1132 49.
827 1095 902 1132 Sed
921 1095 1046 1139 turba,
1070 1106 1155 1144 quoe
1175 1106 1254 1128 non
1321 1089 1518 1129 ἐπίστευσεν
1536 1094 1582 1134 εἷς
1603 1093 1721 1141 αὐτόν,
1735 1096 1807 1132 Γ
1771 1110 1851 1132 ουτο
1866 1098 1922 1132 οὖν
1943 1097 1992 1132 τῶ
2012 1096 2155 1147 Χριστω
2171 1095 2345 1146 ἐγκαλεῖς>

270 1161 375 1195 novit
403 1159 536 1210 legem,
557 1158 755 1195 maledicti
775 1164 878 1195 sunt.
899 1154 992 1191 Hinc.
1013 1153 1126 1204 magis
1151 1167 1253 1190 accu-
1265 1182 1311 1206 305
1321 1151 1396 1189 εἰπέ
1417 1168 1493 1202 υιοι,
1510 1152 1570 1189 καὶ
1597 1153 1675 1205 οὐχὶ
1698 1161 1768 1197 τοῖς
1788 1155 2044 1202 ἀπιστήσασιν;
2065 1155 2157 1194 Ἀλλ’
2185 1159 2202 1193 6
2221 1155 2344 1207 ὄχλος,

267 1218 367 1256 sandi
396 1219 490 1267 estis,
523 1218 616 1269 quod
653 1218 758 1255 turba
791 1216 955 1255 credente
986 1229 1049 1253 vos
1078 1213 1253 1252 increduli
1277 1218 1302 1247 Λ
1322 1212 1436 1264 φησὶν,
1452 1215 1470 1250 6
1490 1212 1537 1263 μὴ
1558 1213 1735 1264 γινώσκων
1750 1214 1807 1252 τὸν
1829 1215 1949 1265 νόμον,
1965 1216 2220 1267 ἐπικατάρατοί
2246 1218 2344 1255 εἰσιν.

267 1279 476 1317 manseritis.
497 1279 691 1331 Populares
715 1278 809 1316 enim
825 1287 864 1315 ut
878 1278 993 1328 legem
1007 1284 1253 1327 cognoscentes
1322 1273 1417 1320 Αὕτη
1434 1274 1502 1328 γὰρ
1520 1277 1616 1325 ὑμῶν
1637 1278 1659 1321 ἡ
1682 1275 1807 1327 μείζων
1822 1277 2034 1328 κατηγορία,
2053 1277 2107 1316 ὅτι
2130 1281 2147 1316 6
2163 1277 2224 1328 μὲν
2245 1278 2346 1330 ὄχλος

266 1340 417 1391 agebant
438 1370 444 1377 .
465 1339 641 1391 quomodo
664 1353 746 1391 crgo
768 1338 945 1376 maledicti
973 1337 1078 1375 sunt?
1095 1338 1171 1376 Vos
1192 1335 1253 1386 qui
1321 1333 1538 1383 ἐπίστευσεν,
1560 1338 1658 1386 ὑμεῖς
1692 1336 1728 1374 δὲ
1760 1337 1989 1384 ἠπιστήσατε.
2011 1338 2080 1376 Καὶ
2111 1337 2179 1388 μὴν
2209 1338 2252 1376 τὰ
2277 1341 2345 1375 τῶν

266 1400 378 1452 legem
405 1415 475 1439 non
503 1400 663 1448 servatis,
680 1399 856 1437 maledieti
885 1398 986 1445 estis;
1003 1411 1071 1436 non
1105 1397 1158 1434 illi
1191 1395 1253 1446 qui
1319 1397 1558 1449 γινωσκόντων
1575 1398 1632 1436 τὸν
1654 1398 1756 1448 νόμον
1777 1398 1911 1437 ἐποίουν
1928 1402 2069 1439 ἐκεῖνοι·
2088 1404 2162 1444 πῶς
2181 1394 2238 1438 οῧν
2257 1400 2345 1439 ἐποί-

265 1461 336 1513 legi
356 1462 612 1513 obsequuntur.
634 1462 712 1499 Non
733 1460 918 1513 oportebat
936 1459 1030 1496 enim
1049 1473 1068 1496 a
1088 1472 1157 1495 non
1174 1472 1250 1495 cre—
1322 1457 1418 1508 ρατοί
1432 1461 1535 1507 εἰσιν,
1555 1458 1677 1510 Ὑμεῖς
1696 1460 1763 1513 γὰρ
1777 1459 1963 1513 ἐπάρατοι,
1984 1464 2013 1499 οἱ
2030 1460 2077 1511 μὴ
2091 1466 2272 1515 τηροῦντες
2287 1462 2343 1500 τὸν

266 1523 432 1561 dentibus
461 1523 640 1561 criminari
661 1537 753 1570 eum,
770 1522 825 1559 cui
852 1535 922 1558 non
937 1519 1252 1557 credebatur.Non
1319 1519 1443 1570 νόμον·
1461 1523 1522 1559 οὐκ
1549 1524 1690 1570 ἐκεῖνοι,
1716 1525 1746 1560 οἱ
1775 1524 1824 1573 τῷ
1854 1520 1950 1574 νόμῳ
1974 1521 2184 1573 πειθόμενοι.
2209 1522 2342 1576 Ἐχρῆν

266 1584 475 1636 probandus
490 1585 550 1622 hic
569 1584 697 1622 modus
718 1591 780 1620 cst.
800 1583 891 1620 Nam
911 1590 944 1619 et
963 1595 1026 1618 vos
1045 1594 1115 1617 non
1135 1578 1251 1617 credi·
1320 1580 1355 1618 δὲ
1375 1583 1436 1619 οὐκ
1455 1583 1522 1621 ἀπὸ
1536 1586 1603 1620 τῶν
1626 1583 1863 1621 ἀπιστούντων
1881 1582 2078 1621 διαὸοίλλειν
2100 1581 2157 1620 τὸν
2181 1582 2343 1620 ἀπιστού-

269 1645 372 1684 distis
383 1647 472 1696 Deo,
492 1655 529 1682 ut
549 1645 682 1683 Paulus
702 1644 772 1682 ait:
793 1644 1007 1694 Quidenim
1026 1645 1059 1680 si
1076 1655 1153 1679 uon
1171 1655 1253 1678 ονε-
1321 1657 1434 1692 μενον.
1455 1646 1508 1682 Οὐ
1537 1643 1603 1696 γὰρ
1632 1643 1729 1696 ὀρθὸς
1755 1643 1880 1696 τρόπος
1900 1637 2007 1687 οὗτος.
2035 1642 2137 1681 Ἐπεὶ
2164 1642 2223 1680 καὶ
2245 1645 2344 1692 ὑμεῖς

269 1708 449 1745 diderunt
485 1708 671 1759 quidum?
695 1706 897 1758 ,Numquid
917 1704 1169 1742 incredulitas
1192 1716 1253 1740 eo-
1320 1704 1539 1751 ἠπιστήσατε
1560 1708 1608 1758 τῷ
1626 1704 1846 1758 Θεῷ,καθὼς
1866 1704 2004 1748 Παῦλός
2025 1720 2126 1756 φησι·
2143 1704 2190 1743 Τί
2206 1704 2294 1756 γὰρ,
2315 1705 2344 1741 εἰ

269 1783 354 1807 rum
383 1770 504 1821 fidem
533 1770 609 1806 Dei
644 1770 877 1806 evacuabit?
892 1766 1022 1804 Absit.
1043 1766 1135 1803 Nam
1170 1778 1254 1816 pro—
1319 1766 1518 1813 ἠπίστησάν
1545 1784 1650 1815 τινες,
1677 1766 1738 1814 Μὴ
1766 1770 1787 1813 ἡ
1811 1766 1956 1805 ἀπιστία
1988 1768 2100 1804 αὐτῶν
2125 1765 2189 1812 τὴν
2227 1765 2343 1803 πίστιν

270 1830 384 1882 phetae
404 1844 543 1881 quoque
572 1830 666 1882 ipsos
685 1842 821 1880 semper
848 1826 1061 1864 accusabant
1086 1824 1253 1872 dicentes,
1319 1834 1379 1867 τοῦ
1397 1831 1489 1868 Θεοῦ
1506 1829 1738 1882 καταργήσει,
1756 1829 1817 1875 Μὴ
1838 1828 1981 1879 γένοιτο.
1997 1827 2066 1865 Καὶ
2081 1826 2147 1879 γὰρ
2167 1830 2198 1865 οἱ
2212 1830 2343 1880 προφῆ-

271 1892 421 1929 Audite
448 1894 639 1943 principes
672 1891 938 1932 Sodomorum;
961 1896 1017 1934 et,
1055 1888 1256 1938 Principes
1277 1887 1299 1916 B
1320 1907 1378 1928 ται
1399 1892 1514 1935 αὐτοῖς
1533 1890 1585 1929 ἀεὶ
1608 1889 1788 1928 ἐνεκάλουν
1813 1889 1971 1941 λέγοντες
1986 1904 1993 1912 ·
2010 1888 2194 1927 Ἀκούσατε
2221 1888 2347 1942 ἄρχον-

273 1957 330 1992 tui
360 1968 438 1991 non
468 1956 747 2004 obtemperant;
765 1966 805 1989 ac
835 1963 993 1997 rursum,
1014 1949 1164 1986 Annon
1192 1963 1256 1986 ve·
1319 1967 1375 1995 τες
1394 1950 1579 2002 Σοδόμων·
1611 1951 1692 1999 καὶ,
1713 1953 1759 1989 Οἱ
1781 1949 1945 2004 ἄρχοντές
1977 1966 2035 1988 σου
2069 1953 2267 1988 ἀπειθοῦσι·
2287 1948 2346 1986 καὶ

270 2024 391 2053 strum
408 2024 463 2052 est
491 2028 601 2053 nosse
611 2014 828 2067 judicium?
849 2012 897 2050 Et
916 2011 1047 2062 ubique
1067 2011 1256 2049 vehemen-
1321 2012 1439 2060 πάλιν,
1463 2013 1544 2064 Οὐχ
1562 2014 1658 2063 ὑμῶν
1676 2014 1749 2050 ἐστι
1767 2015 1897 2063 γνῶναι
1913 2011 1952 2049 τὸ
1980 2010 2090 2063 κρίμα
2098 2027 2108 2058 ;
2128 2010 2197 2049 Καὶ
2216 2025 2347 2048 παντα-

270 2076 342 2114 tius
376 2075 456 2113 illos
489 2075 676 2113 incessunt.
698 2073 797 2121 Quid
824 2073 959 2126 igitur?
984 2074 1146 2110 Deumne
1172 2086 1255 2124 pio-
1320 2078 1383 2124 χοῦ
1403 2073 1627 2126 σφοδρότερον
1649 2072 1859 2111 ἐπιτίθενται
1878 2074 2002 2115 αὐτοῖς.
2021 2071 2067 2110 Τί
2094 2066 2174 2119 οὖν,
2202 2071 2272 2110 Καὶ
2295 2073 2344 2123 τῷ

270 2147 387 2189 pterea
416 2136 594 2188 quispiam
615 2135 819 2174 accusabit?
841 2136 982 2186 Apage3
1009 2134 1156 2171 illmum
1189 2133 1257 2171 boc
1321 2135 1402 2185 Θεῷ
1418 2132 1468 2176 τίς
1498 2132 1677 2184 ἐγκαλέσει
1702 2132 1759 2171 διὰ
1782 2138 1898 2181 τοῦτο,
1913 2132 2058 2185 Ἄπαγε.
2090 2133 2258 2171 Ἔκείνων
2278 2131 2346 2184 γὰρ

270 2199 403 2236 crimen
422 2208 482 2235 est.
504 2198 667 2244 Quonam
688 2207 806 2235 autem
825 2196 894 2233 alio
914 2195 1014 2247 signo
1032 2195 1110 2246 quis
1126 2194 1254 2247 depre-
1321 2199 1420 2233 τοῦτο
1439 2194 1478 2232 τὸ
1494 2194 1666 2246 ἔγκλημα.
1688 2196 1793 2233 Ποῖον
1814 2196 1842 2232 δ’
1863 2195 1903 2232 ἂν
1927 2195 2011 2233 ἄλλο
2027 2210 2078 2238 τις
2096 2195 2252 2242 ποιήσειε
2277 2210 2347 2240 ση-

270 2258 423 2296 hendeie
447 2259 558 2311 possit
580 2272 645 2296 vos
673 2272 743 2295 non
768 2270 974 2308 cognoscere
999 2256 1127 2307 legem,
1151 2269 1257 2305 quam
1326 2262 1419 2307 μεῖον
1437 2261 1495 2294 τοῦ
1510 2255 1558 2306 μὴ
1589 2255 1768 2307 γινώσκειν
1790 2258 1879 2306 ὑμᾶς
1895 2257 1953 2294 τὸν
1967 2255 2083 2306 νόμον,
2106 2254 2130 2301 ἢ
2146 2256 2184 2293 τὸ
2205 2255 2252 2305 μὴ
2270 2254 2345 2293 πεί-

272 2320 369 2371 quod
397 2334 466 2358 non
495 2319 779 2358 credatiSPCum
803 2327 922 2356 autem
952 2316 1125 2355 dixissent
1144 2316 1256 2354 nemi-
1325 2316 1622 2364 οεσθαι,Ἐπειδὴ
1642 2315 1677 2354 δὲ
1707 2309 1814 2363 εἶπον,
1829 2315 1881 2354 ὅτι
1901 2315 1962 2362 Μὴ
1992 2320 2059 2354 τῶν
2090 2315 2266 2369 ἀρχόντων
2292 2331 2344 2359 τις

271 2395 351 2419 nem
379 2381 583 2434 principum
602 2380 794 2419 credidisse
810 2380 846 2417 in
862 2393 955 2429 eum,
970 2379 1032 2418 sed
1048 2393 1105 2417 eos
1123 2378 1183 2429 qui
1208 2378 1257 2415 le-
1325 2379 1523 2417 ἐπίστευσεν
1542 2381 1588 2422 εἰς
1607 2377 1729 2425 αὖτόν;
1748 2378 1808 2416 καὶ
1825 2377 1878 2416 ὅτι
1910 2379 1955 2416 Οἱ
1977 2377 2025 2427 μὴ
2044 2377 2268 2430 γινώσκοντες
2286 2377 2344 2414 τὸν

272 2456 351 2493 gem
374 2443 608 2494 ignorabant,
635 2442 761 2480 merito
791 2441 870 2479 illos
897 2441 1014 2493 arguit
1042 2439 1257 2478 Nicodemus
1323 2441 1440 2492 νόμον,
1461 2440 1652 2484 ἀκολούθως
1685 2442 1796 2478 αὐτῶν
1825 2439 2042 2479 καθάπτεται
2070 2442 2086 2476 6
2118 2438 2343 2488 Νικόδημος,

272 2502 329 2540 his
346 2504 486 2542 verbis:
505 2504 565 2541 51.
585 2503 789 2556 Numquid
803 2502 866 2539 lex
882 2510 1015 2540 nostra
1023 2503 1179 2555 judicat
1192 2502 1255 2538 Ῐιο-
1324 2502 1413 2540 οὕτω
1442 2502 1571 2553 λέγων·
1597 2501 1658 2548 Μὴ
1682 2505 1700 2540 6
1725 2501 1828 2553 νόμος
1848 2502 1976 2553 *ἡμῶν
1997 2500 2105 2552 κρίνει
2124 2500 2180 2538 τὸν
2213 2500 2342 2552 ἄνθρω-

274 2565 428 2610 minem,
453 2567 527 2602 nisi
555 2566 721 2602 audierit
750 2566 798 2602 ab
824 2566 904 2615 ipso
931 2566 1063 2615 prius?
1095 2561 1259 2600 Ostendit
1324 2582 1402 2615 πον,
1422 2565 1479 2605 ἐὰν
1509 2565 1556 2616 μὴ
1578 2564 1706 2617 ἀκούσῃ
1731 2567 1813 2618 παρ’
1837 2567 1940 2603 αὐτοῦ
1970 2563 2158 2617 πρότερον,
2181 2562 2344 2601 Δείκνυσι

273 2638 330 2661 eos
344 2638 406 2661 nec
427 2639 536 2673 nosse,
555 2640 617 2663 nec
637 2640 775 2664 servare
798 2625 927 2676 legem.
949 2625 1041 2663 Nam
1061 2623 1093 2662 si
1111 2623 1169 2661 lex
1191 2638 1254 2662 ve—
1323 2629 1391 2680 γὰρ
1408 2628 1529 2672 αὐτοὺς
1551 2628 1638 2679 μήτε
1656 2626 1889 2680 γινώσκοντας
1903 2626 1961 2664 τὸν
1980 2624 2096 2677 νόμον,
2110 2625 2199 2678 μήτε
2209 2630 2344 2664 ποιοῦν-

273 2693 324 2723 tat
346 2700 557 2736 quemquam
585 2686 748 2734 interfici,
765 2685 833 2723 nisi
858 2685 958 2737 prius
983 2684 1168 2734 audiatur3
1188 2683 1255 2737 ipsi
1278 2685 1301 2715 C
1323 2707 1386 2733 τας
1412 2691 1469 2729 τὸν
1492 2690 1607 2741 νόμον,
1640 2691 1683 2728 Εἰ
1709 2688 1776 2741 γὰρ
1810 2691 1935 2731 ἐκεῖνος
1967 2687 2028 2738 μὲν
2060 2688 2181 2727 οὐδένα
2213 2687 2343 2726 κελεύει

273 2761 356 2784 vero
383 2757 567 2799 antequam
589 2747 766 2796 audirent,
789 2746 828 2784 id
848 2747 1085 2784 moliebantur
1106 2761 1113 2782 :
1136 2755 1253 2783 trans-
1324 2753 1569 2790 ἀποκτιννύναι
1605 2751 1784 2803 ἄνθρωπον
1822 2749 1870 2799 μὴ
1908 2749 2074 2823 πρότερον
2107 2748 2342 2795 ἀκούσαντας,

273 2820 446 2858 gressores
471 2818 550 2846 sunt
580 2808 678 2859 legiS.
706 2807 751 2844 Et
776 2807 859 2857 quia
883 2806 1049 2845 dicebant
1079 2806 1254 2844 neminem
1322 2808 1414 2852 οὗτοι
1429 2813 1464 2852 δὲ
1485 2812 1565 2864 πρὶν
1581 2814 1727 2849 ἀκοῦσαι
1747 2809 1803 2847 ἐπὶ
1818 2825 1916 2848 τουτο
1930 2808 2112 2861 ὥραησαν,
2135 2808 2342 2880 παραὸαται

273 2869 475 2921 principum
495 2869 685 2907 credidisse
710 2869 745 2906 in
771 2884 864 2918 eum,
883 2869 960 2907 ideo
986 2868 1120 2907 indicat
1145 2882 1251 2907 evan·
1323 2875 1387 2913 εἰσὶ
1414 2877 1473 2912 τοῦ
1505 2873 1621 2911 νόωιου.
1651 2871 1719 2910 Και
1748 2869 1866 2917 ἐπειδὴ
1887 2873 1993 2917 εἰπον,
2025 2868 2112 2907 ’Ἰκαὶ
2134 2869 2244 2914 οὐδεὶς
2272 2873 2340 2908 τῶν

272 2929 395 2980 gelista
418 2929 535 2981 ipsum
560 2944 603 2967 ex
627 2943 747 2967 corum
773 2944 918 2968 numero
934 2944 1020 2978 esse,
1041 2939 1080 2967 ut
1095 2931 1254 2968 ostendat
1322 2935 1498 2989 ἀρχόντων
1520 2933 1720 2972 ἐπίστευσεν
1741 2934 1787 2975 εἷς
1807 2930 1921 2978 αὐτὸν,
1939 2929 1995 2967 διὰ
2024 2946 2123 2969 τουτο
2151 2930 2339 2982 ἐπισημαί-

270 2991 377 3028 ctiam
396 2990 618 3043 principesin
633 3005 715 3027 eum
731 2991 931 3029 credidisse.
946 2992 1115 3031 Nondum
1136 3002 1251 3030 tamen
1321 3012 1414 3035 νεται
1433 2999 1450 3034 ὁ
1470 2991 1714 3045 εὐαγγελιστὴς
1727 3022 1736 3040 ,
1753 2991 1807 3030 οτι
1839 2995 1885 3035 εἱς
1913 2995 1953 3038 ἠν
1987 2991 2020 3035 ἐξ
2051 2993 2176 3039 αὐτων,
2208 2992 2339 3035 δεικνὺς

270 3049 307 3086 id
319 3049 451 3101 palam,
469 3058 506 3086 ut
524 3048 713 3097 decuisset,
736 3049 970 3087 exhibuerant
988 3067 995 3087 :
1014 3060 1180 3102 erantque
1196 3051 1251 3088 ni-
1318 3058 1372 3097 ὅτι
1397 3057 1456 3095 καὶ
1475 3056 1638 3130 ἄρχοντες
1665 3052 1869 3091 ἐπίστευσαν
1904 3054 1951 3096 εἰς
1979 3051 2092 3090 αὐτόν.
2124 3051 2332 3105 Παῤῥησίαν

269 3110 462 3149 hilominus
479 3110 620 3148 Christo
634 3109 781 3147 addicti.
795 3110 889 3148 Vide
901 3120 1017 3148 autem
1031 3126 1136 3162 quam
1148 3126 1252 3164 parce
1321 3119 1363 3168 μὲ
1366 3135 1382 3156 ν
1398 3117 1465 3170 γὰρ
1480 3115 1612 3156 οὐδέπω
1629 3113 1691 3160 τὴν
1705 3113 1947 3166 προσήκουσαν
1973 3111 2227 3151 ἐπεδείκνυντο·
2246 3110 2338 3157 πλὴν

1698 3176 1719 3184 ω

267 3171 398 3223 arguit.
422 3172 502 3209 Non
525 3170 613 3209 dicit
641 3169 746 3219 enim,
768 3171 843 3208 Vos
869 3179 985 3208 autem
1008 3172 1118 3209 vultis
1144 3173 1248 3210 illum
1318 3181 1499 3217 ὠχεωῧντο
1511 3179 1560 3228 τῷ
1580 3176 1735 3227 Χριστιγ.)
1761 3172 1857 3226 “Όρα
1872 3173 1907 3211 δὲ
1924 3175 1998 3217 πῶς
2017 3172 2076 3211 καὶ
2091 3171 2179 3222 μετὰ
2201 3173 2333 3223 φειδους

264 3239 482 3289 occidere,et
508 3248 636 3277 temere
655 3237 892 3276 condemnatis
919 3237 1100 3277 hominem
1126 3249 1164 3277 ut
1193 3254 1246 3278 se-
1316 3238 1372 3277 τὸν
1395 3236 1565 3288 ε’λεγχον
1551 3234 1684 3284 εποίγει.
1702 3234 1754 3271 Οὐ
1781 3231 1848 3284 γὰρ
1868 3225 2006 3280 sinas
1994 3237 2090 3282 υμεῖς
2113 3230 2146 3268 δὲ
2171 3229 2332 3281 βούλεσθε

305 3361 320 3377 *
345 3361 449 3402 [ἡμῶν
464 3358 563 3392 Savil.
584 3359 616 3391 in
635 3365 738 3400 textu,
758 3357 840 3390 Bibl.
855 3365 886 3389 οι
899 3356 1007 3391 Codd.
1023 3359 1139 3392 nostri.
1161 3359 1261 3401 Lege-
1380 3368 1392 3381 ss
1419 3358 1476 3398 [ὅτι
1494 3359 1582 3394 οὐδείς
1597 3353 1680 3389 Cod.
1709 3356 1788 3395 706,
1815 3357 1902 3391 οὐδείς
1927 3352 2027 3387 Savil.
2042 3378 2050 3394 ‚
2069 3357 2116 3387 καὶ
2133 3355 2219 3391 οᾶὃείς
2246 3350 2330 3384 Cod.

261 3411 356 3444 Ιὶίὶῑιιΐ
366 3413 473 3454 ὑμνῇ-Λ]
1336 3412 1433 3453 7Η5.]
