2481 3678
767 179 808 209 IN
846 178 1054 208 JosxNNssM
1093 177 1245 206 nomn„

96 262 274 304 δικασταῖς
285 292 294 309 ,
312 261 365 300 ὅτι
381 259 583 299 ἀκούσονται
601 261 707 309 ε’παρ’
725 259 829 296 αὐτοῦ
845 258 985 310 ῥήματα
1002 259 1121 301 ἁπλῶς

96 323 155 360 καί
186 325 232 365 ὡς
259 322 359 374 ἔτυχε
385 320 576 372 λεγόμενα,
611 321 648 357 οὗ
676 319 792 369 μέντοι
814 318 1120 368 κεκαλλιεπημένα

95 383 226 435 λόγοις,
247 382 321 420 οὐδὲ
351 379 483 434 ῥήμασί
518 396 556 417 τε
587 380 646 417 καὶ
679 379 824 430 ὀνόμασι
856 378 1117 429 κεκοσμημένα.

95 444 186 483 Οὐδὲ
202 443 268 496 γὰρ
287 443 326 480 ἂν
347 442 456 488 δήπου
476 441 615 494 πρέποι,
637 434 794 492 officim&
814 441 952 494 ἄνδρες,
975 441 1059 491 τῇδε
1077 443 1120 489 τῇ

95 505 235 557 ἡλικία,
254 503 373 557 ὥσπερ
393 502 564 556 μειρακίῳ
589 503 776 542 πλάττοντι
806 502 947 553 λόγους,
964 503 1011 545 εἷς
1032 505 1122 551 ὑμᾶς

97 565 197 603 αὐτὸν
228 564 382 603 εἰσιέναι.
407 565 476 602 Καὶ
504 564 569 618 ὅρα
597 565 654 602 τὸν
679 563 786 602 πολὺν
815 562 1055 614 καταγέλωτα.
1070 561 1120 599 ⁰0

96 625 163 679 γὰρ
183 628 228 669 ὡς
249 625 391 678 αἰσχρὸν
411 626 470 664 καὶ
501 624 702 678 φιλοσοφίας
730 623 867 668 ἀνάξιον
900 624 959 662 καὶ
992 639 1120 676 μειρα-

97 687 181 725 κίων
198 687 295 740 ἔργον
315 685 473 733 ἐποίησεν
493 686 594 724 αὐτὸν
624 684 792 739 φεύγοντα
806 716 815 734 ,
840 690 940 724 τοῦτο
968 684 1121 735 μάλιστα

97 748 236 786 πάντων
258 749 358 792 αὐτὸς
395 748 629 794 ἐπετήδευσεν.
650 746 755 785 Οὕτω
783 751 964 798 πανταχοῦ
992 747 1123 798 φιλοτι-

99 809 181 860 μίας
204 803 293 855 ἦσαν
322 808 444 859 μόνης·
466 807 551 846 ι’καὶ
570 807 760 851 Πλάτωνος
779 807 875 846 οὐδέν
900 810 973 846 ἐστι
990 806 1124 857 θαυμά-

100 886 171 918 σαι,
188 869 210 915 ἢ
224 875 324 908 τοῦτο
337 869 451 921 μόνον.
470 869 542 908 Καὶ
559 869 718 922 καθάπερ
728 872 796 907 τῶν
813 868 930 921 τάφων
948 868 1026 912 τοὺς
1042 867 1124 912 ἔξω·

99 933 155 968 θεν
172 930 435 982 κεκονιαμένους
446 960 455 977 ,
469 929 508 967 ἂν
531 929 763 981 ἀπαμφιάσῃς
775 961 784 977 ,
797 931 922 982 ἰχῶρος
934 960 943 977 ,
963 929 1023 967 καὶ
1047 930 1126 967 δυσ-

99 990 222 1038 ωδίας,
243 991 304 1029 καὶ
333 990 560 1043 διεφθορότων
583 990 659 1042 ὄψει
683 990 852 1042 γέμοντας
883 993 1013 1029 ὀστῶν·
1036 989 1124 1028 οὕτω

98 1052 158 1090 καὶ
167 1052 212 1090 τὰ
222 1056 280 1090 τοῦ
297 1051 481 1104 φιλοσόφου
492 1051 669 1103 δόγματα,
688 1052 726 1090 ἂν
755 1055 818 1098 τ”ῆς
838 1052 930 1091 κατὰ
950 1050 1014 1098 τὴν
1033 1051 1123 1095 λέξιν

101 1112 357 1165 ἀπογυμνώσῃς
376 1111 480 1166 ὥρας,
495 1115 626 1159 πολλῆς
646 1113 723 1166 ὄψει
743 1117 805 1160 τῆς
835 1112 1045 1165 βδελυγμίας
1059 1128 1126 1150 πε-

100 1174 316 1227 πληρωμένα
328 1205 336 1222 ,
350 1174 410 1212 καὶ
426 1174 579 1225 μάλιστα
600 1174 684 1213 ὅταν
712 1175 792 1227 περὶ
807 1176 923 1226 ψυχῆς
939 1176 1126 1226 φιλοσοςιῇ,

105 1235 266 1289 ἀμέτρως
285 1238 398 1286 τιμῶν
420 1251 458 1273 τε
473 1234 580 1281 αὐτὴν
603 1236 663 1273 καὶ
682 1238 910 1287 βλασφημῶν.
931 1237 1045 1274 Τοῦτο
1059 1234 1127 1286 γὰρ

99 1300 120 1343 ἡ
145 1295 327 1343 διαὸολικὴ
346 1295 451 1347 παγὶς
463 1325 472 1343 ,
490 1297 655 1346 μηδαμοῦ
675 1295 737 1342 τὴν
754 1295 971 1348 συμμετρίαν
995 1301 1125 1348 τηρεῖν,

101 1358 191 1396 ἀλλὰ
212 1365 280 1401 τοῖς
301 1360 351 1409 ἐφ’
381 1357 531 1409 ἑκάτερα
557 1359 788 1408 πλεονασμοῖς
810 1358 895 1410 πρὸς
926 1356 1124 1408 δυσφημίαν

103 1417 232 1469 ἐξάγειν
252 1417 329 1461 τοὺς
349 1417 595 1467 ἁλισκομένους
624 1420 723 1468 αὐτῇ.
744 1419 816 1455 Νῦν
841 1418 903 1468 μὲν
924 1417 991 1470 γὰρ
1020 1415 1125 1462 αὐτὴν

101 1482 163 1525 τῆς
177 1481 236 1516 τοῦ
250 1480 342 1516 Θεοῦ
363 1494 466 1530 φησιν
486 1477 604 1521 οὐσίας
621 1472 727 1515 εἶναι·
743 1483 800 1516 νῦν
823 1478 858 1517 δὲ
887 1477 993 1524 αὐτὴν
1019 1476 1127 1520 οὕτως

102 1539 262 1592 ἀμέτρως
282 1539 342 1576 καὶ
359 1539 492 1582 ἀσεὲὦς
509 1538 640 1591 ἐπάρας
652 1569 662 1586 ,
687 1542 762 1589 μεθ’
789 1539 908 1592 ἑτέρας
927 1538 1128 1591 καθυὸρίζει

100 1600 204 1639 πάλιν
224 1599 437 1652 ὑπερόολῆς,
456 1601 503 1642 εἷς
521 1598 659 1651 χοίρους
680 1600 740 1637 καὶ
766 1599 861 1643 ὄνους
892 1599 1053 1651 εἰσάγων,
1069 1598 1129 1636 καὶ

100 1661 145 1700 τὰ
159 1661 210 1700 ἔτι
223 1661 351 1699 τούτων
369 1660 559 1714 ἀτιμότερα
577 1662 660 1704 ζῶα.
684 1660 789 1699 Ἀλλὰ
803 1660 932 1699 τούτων
955 1660 1016 1712 μὲν
1032 1660 1127 1703 ἅλις·

103 1724 233 1773 μᾶλλον
251 1721 286 1760 δὲ
302 1721 363 1759 καὶ
384 1725 494 1759 ταῦτα
520 1720 611 1774 πέρα
629 1725 688 1760 τοῦ
708 1722 844 1775 μέτρου.
863 1723 908 1760 Εἰ
933 1721 995 1773 μὲν
1015 1721 1082 1774 γάρ
1097 1737 1130 1758 τι

102 1783 275 1836 χρήσιμον
292 1783 373 1835 παρ’
404 1784 515 1820 αὐτῶν
537 1776 578 1828 ἦν
607 1787 740 1833 μαθεῖν,
758 1782 826 1821 ἔδει
856 1782 916 1821 καὶ
944 1782 1047 1821 πλέον
1076 1785 1132 1821 ἐν-

103 1844 290 1897 διατρίὸειν
309 1859 316 1867 ·
340 1846 368 1881 εἶ
393 1843 430 1881 δὲ
453 1842 531 1881 ὅσον
557 1844 620 1890 τὴν
652 1843 901 1896 ἀσχημοσύνην
930 1845 1042 1882 αὐτῶν
1071 1844 1132 1882 καὶ

102 1906 158 1944 τὸν
179 1905 315 1958 γέλωτα
336 1909 593 1952 κατοπτεῦσαι,
613 1905 673 1943 καὶ
692 1910 805 1943 ταῦτα
827 1905 930 1943 πλέον
956 1909 1015 1943 τοῦ
1036 1904 1130 1943 δέον-

103 1975 160 2010 τος
197 1965 334 2018 εἴρηται
363 1968 447 2018 παρ’
483 1968 597 2016 ἡμῶν.
615 1966 713 2004 ΒΔια
749 1971 858 2004 ταῦτα
887 1966 1026 2019 ἀφέντες
1054 1965 1130 2010 τοὺς

104 2027 242 2067 ἐκείνων
271 2026 416 2078 μύθους,
438 2030 505 2064 τῶν
534 2027 713 2082 ἡμετέρων
736 2026 908 2080 ἁψώμεθα
933 2028 1131 2080 δογμάτων,

102 2092 170 2127 τῶν
195 2089 323 2127 ἄνωθεν
344 2092 428 2139 ἡμῖν
460 2089 764 2141 κατενηνεγμένων
791 2090 848 2128 διὰ
883 2093 946 2136 τῆς
974 2089 1133 2142 γλώττης

102 2148 221 2187 τούτου
247 2154 306 2187 τοῦ
326 2148 468 2197 ἁλιέως,
489 2153 558 2187 τῶν
587 2152 694 2201 μηδὲν
722 2150 871 2203 ἐχόντων
901 2150 1130 2204 ἀνθρώπινον.

104 2210 200 2263 Φέρε
219 2203 290 2258 οὖν,
304 2209 410 2254 αὐτὰς
429 2213 476 2254 εἷς
497 2211 599 2262 μέσον
613 2211 674 2256 τὰς
691 2213 807 2264 ῥήσεις
820 2211 1019 2265 ἀγάγωμεν,
1035 2213 1130 2263 [καὶ]

103 2271 121 2310 ὃ
152 2270 214 2318 τὴν
247 2270 359 2324 ἀρχὴν
388 2271 678 2324 παρεκαλέσαμεν
709 2272 800 2311 ὥστε
834 2273 923 2324 μετὰ
952 2273 1132 2326 ἀκριὸείας

102 2332 285 2385 προσέχειν
316 2339 386 2376 τοῖς
410 2332 629 2384 λεγομένοις,
646 2333 773 2373 ἀτοῦτο
803 2334 863 2373 καὶ
882 2340 939 2373 νῦν
971 2335 1131 2386 ὑπομνήἡ

103 2410 235 2437 σαντες.
255 2393 302 2432 Τί
320 2387 377 2433 οὖν
400 2394 592 2448 ἀρχόμενος
615 2398 633 2433 ὁ
663 2395 910 2448 εὖαγγελιστὴς
941 2389 1038 2440 οἶτος
1070 2399 1129 2434 εὐ-

103 2454 188 2498 θέως
209 2453 330 2506 φησίν,
350 2456 409 2492 Ἐν
440 2458 531 2509 ἀρχῇ
550 2450 591 2502 ἦν
621 2459 639 2495 ὃ
660 2456 792 2509 Λόγος,
813 2456 872 2495 καὶ
901 2460 919 2494 ὃ
945 2456 1056 2509 Λόγος
1087 2452 1129 2504 ἦν

103 2515 187 2568 πρὸς
205 2515 262 2553 τὸν
291 2515 393 2554 Θεόν.
411 2509 512 2559 Εἶδες
530 2517 730 2569 παῤῥησίαν
755 2518 814 2556 καὶ
834 2517 988 2561 ἐξουσίαν
1015 2519 1130 2570 ῥημά-

103 2590 171 2612 των
193 2575 344 2621 πολλήν;
364 2579 438 2618 πῶς
466 2576 560 2613 οὐδὲν
590 2577 834 2628 ἀμεριέοίλλων,
861 2577 938 2615 οὐδὲ
971 2578 1129 2625 εἰκάζων,

106 2635 195 2674 ἀλλὰ
229 2635 345 2674 πάντα
372 2635 647 2687 ἀποφαινόμενος
680 2637 882 2689 φθέγγεται,
912 2639 1027 2675 Τοῦτο
1060 2639 1128 2691 γάρ

104 2698 177 2734 ἐστι
195 2696 403 2734 διδασκάλου
420 2726 428 2742 ,
445 2696 485 2734 τὸ
506 2695 553 2746 μὴ
581 2698 826 2750 περιφέρεσθαι
844 2700 877 2736 ἐν
905 2692 953 2741 οἷς
970 2698 1008 2735 ἂν
1030 2697 1129 2750 λέγῃ.

104 2761 149 2798 Εἰ
169 2759 237 2813 γὰρ
256 2763 273 2797 ὁ
285 2765 355 2803 τοῖς
371 2760 488 2804 ἄλλοις
517 2761 801 2812 καθηγησάμενος
821 2761 938 2815 ἑτέρου
967 2762 1131 2809 δεηθήσε-

103 2841 162 2864 ται
178 2832 236 2865 τοῦ
261 2826 420 2879 στηρίξαι
443 2828 671 2878 δυνησομένου
693 2828 780 2878 μετὰ
804 2829 994 2881 ἀσφαλείας
1015 2829 1129 2877 αὐτὸν,

106 2894 143 2929 οὐ
168 2891 231 2939 τὴν
251 2895 318 2930 τῶν
341 2892 575 2942 διδασκάλων,
595 2893 684 2932 ἀλλὰ
699 2893 761 2941 τὴν
786 2898 854 2933 τῶν
882 2897 1046 2946 μαθητῶν
1066 2896 1130 2935 τά-

149 3039 163 3054 a
186 3029 287 3062 Savil.
305 3037 338 3062 et
351 3031 427 3062 Mss.
447 3042 529 3073 pene
549 3043 662 3064 omnes
679 3037 752 3080 παρ’
768 3037 857 3068 αὑτοῦ
875 3038 1001 3080 ῥήματα
1018 3039 1118 3072 ἁπλοῖ,-

106 3085 155 3114 mi
171 3086 244 3124 εἰκῇ.
264 3081 380 3114 Morel.
400 3087 473 3129 παρ’
500 3088 590 3117 αὐτοῦ
607 3087 745 3128 δόγματα
771 3090 872 3124 ἁπλῶς
895 3092 943 3120 καὶ
965 3091 1003 3124 ὡς
1019 3092 1116 3130 ἔτυχε.

107 3131 230 3174 [Paulo
247 3134 395 3175 superius
414 3133 585 3178 legebatur
608 3140 696 3171 αὐτὸν
718 3141 790 3181 παρ’
809 3142 919 3176 αὐτοῖς.
936 3138 1119 3171 Articulum

108 3196 125 3216 e
138 3185 217 3218 Sav.
231 3194 264 3218 et
279 3186 364 3218 Cod.
380 3188 443 3219 706
457 3188 680 3231 inseruimus]

157 3240 173 3264 b
197 3238 278 3270 Post
303 3242 376 3277 ἦσαν
399 3246 490 3282 μόνης
502 3240 619 3272 Morel.
638 3249 671 3273 et
687 3241 762 3272 Mss.
779 3241 912 3283 plurimi
928 3242 1058 3276 addunt
1075 3250 1123 3278 καὶ

111 3296 271 3329 Πλάτωνος
287 3294 366 3325 οὐδέν
382 3296 442 3325 ἐστι
466 3297 615 3335 θαυμάσαι
632 3298 649 3331 ἦ
668 3300 755 3329 τοῦτο
769 3301 875 3337 μόνον,
891 3307 962 3339 quae
978 3295 1078 3329 Savil.
1092 3298 1124 3330 in

116 3344 262 3386 margine
279 3344 401 3385 posuit.
421 3344 462 3375 At
475 3343 522 3376 sic
539 3343 661 3387 legerat
680 3347 859 3387 Interpres.

331 3408 423 3431 TOM.
455 3409 549 3433 ΠΗ.

2154 166 2175 176 .-

1288 178 1331 206 ιι.
1375 163 1436 208 al.
1477 179 1505 207 t.
2126 178 2176 209 ιο

1198 256 1334 294 selectis
1350 258 1477 295 fucata.
1500 258 1620 308 Neque
1644 259 1737 296 enim
1761 272 1825 310 par
1844 268 1915 306 est,
1935 259 2115 310 inquiebat
2133 290 2141 307 ,
2162 275 2182 298 ο

1196 317 1282 366 viri,
1312 318 1422 371 hujus
1451 319 1563 356 aetatis
1594 319 1729 368 virum,
1763 319 1992 358 adolescentis
2026 323 2180 372 proferre

1197 379 1305 417 verba
1332 393 1449 417 coram
1474 380 1578 417 vobis
1603 379 1803 432 judicibus.
1824 383 1874 418 Ac
1898 381 1977 418 vide
2004 395 2111 432 quam
2137 382 2181 419 sit

1196 439 1287 477 illud
1309 440 1514 479 ridiculum.
1543 443 1660 488 Quam
1684 443 1779 481 enim
1804 432 2082 494 rem-tamquam
2109 452 2182 480 tur-

1198 515 1297 553 pem,
1333 502 1561 556 philosophia
1598 504 1802 555 indignam,
1841 504 2184 556 adolescentiumque

1198 578 1302 617 opus,
1325 567 1535 617 magistrum
1550 582 1654 605 suum
1667 568 1788 619 fugere
1799 567 1908 615 dixit,
1925 568 2010 606 huie
2028 570 2185 607 maxime

1198 627 1271 680 ipse
1285 643 1428 682 operam
1445 629 1555 667 dedit.
1575 631 1628 667 Ita
1647 630 1782 681 ubique
1794 630 1979 668 ambitioni
1996 631 2185 669 studebant

1197 689 1277 739 illi;
1296 690 1458 741 nihilque
1485 700 1610 743 praeter
1638 692 1706 729 hoc
1725 691 1761 730 in
1781 692 1926 730 Platone
1951 692 2185 731 admiratione

1198 751 1350 803 dignum
1374 752 1527 791 videtur.
1557 755 1608 791 Ac
1633 754 1935 805 quemadmodum
1970 755 1999 792 si
2024 755 2186 807 sepulcra

1200 814 1355 851 exterius
1376 812 1540 852 dealbata
1559 815 1761 867 aperueris,
1789 816 1907 865 sanie,
1934 817 2078 864 foetore,
2109 830 2187 854 cor-

1199 874 1385 926 ruptisque
1402 875 1542 913 ossibus
1559 876 1664 928 plena
1684 876 1824 914 videbis
1841 893 1847 913 :
1871 877 1919 915 ita
1939 878 1967 915 si
1982 877 2188 930 philosophi

1200 935 1366 987 dogmata
1390 935 1555 974 dictionis
1581 947 1707 975 ornatu
1729 937 1938 987 nudaveris,
1958 939 2070 976 multa
2090 939 2190 977 vide-

1200 997 1256 1034 bis
1275 997 1536 1036 abominatione
1556 1000 1679 1051 plena;
1697 999 1854 1037 maxime
1873 1000 1902 1038 si
1917 999 1961 1038 de
1977 1000 2094 1038 anima
2109 1000 2191 1052 plii-

1201 1058 1407 1112 losophetur
1419 1091 1428 1109 ,
1446 1077 1553 1113 quam
1582 1061 1692 1100 nimio
1717 1061 1850 1099 honore
1867 1061 1914 1099 ad
1931 1061 2191 1114 blasphemiam

1202 1135 1314 1171 usque
1339 1123 1461 1161 afficit.
1490 1123 1559 1161 Hic
1589 1123 1685 1160 enim
1714 1122 1915 1161 diobolicus
1941 1123 2088 1173 laqueus
2116 1133 2190 1171 est,

1202 1196 1404 1221 mensuram
1423 1199 1598 1236 nusquam
1613 1199 1768 1234 servare,
1786 1184 1847 1223 sed
1865 1184 1900 1221 in
1921 1194 2112 1235 utrumque
2131 1199 2191 1222 ex-

1202 1251 1398 1281 tremorum
1413 1245 1475 1283 illo
1493 1255 1611 1297 captos
1627 1260 1690 1298 per
1703 1260 1850 1298 pravam
1863 1245 2061 1283 doctrinam
2076 1245 2189 1283 dedu-

1203 1318 1289 1342 cere.
1309 1307 1414 1344 Nunc
1432 1307 1525 1345 enim
1546 1307 1647 1345 illam
1666 1322 1711 1345 ex
1730 1307 1796 1345 Dei
1823 1307 2019 1345 substantia
2043 1322 2116 1345 esse
2134 1307 2189 1344 di-

1202 1365 1270 1415 cit,
1290 1381 1384 1404 nunc
1402 1367 1502 1405 illam
1528 1378 1655 1420 praeter
1683 1367 1831 1406 modum
1852 1377 1884 1406 et
1903 1369 2014 1420 impie
2042 1369 2188 1416 elatam,

1204 1440 1266 1478 per
1288 1428 1434 1464 alteram
1460 1429 1680 1479 hyperbolen
1709 1428 1892 1480 deturpat,
1913 1429 2002 1467 dum
2031 1430 2130 1468 illam
2156 1431 2191 1468 in

1204 1500 1344 1538 porcos,
1366 1487 1502 1535 asinos,
1524 1487 1631 1538 inque
1660 1488 1788 1526 viliora
1822 1489 2016 1527 animantia
2044 1490 2192 1528 inducit.

1205 1547 1276 1586 Sed
1290 1547 1365 1586 haec
1383 1548 1468 1586 satis
1487 1558 1606 1599 sunto,
1623 1549 1694 1588 imo
1709 1549 1803 1587 ultra
1817 1550 1965 1588 modum
1984 1550 2029 1589 de
2047 1552 2103 1590 his
2115 1552 2193 1590 dis-

1207 1609 1393 1647 seruimus,
1416 1609 1453 1648 Si
1473 1610 1561 1661 quid
1579 1610 1673 1649 enim
1690 1611 1775 1649 utile
1793 1612 1924 1650 abillis
1937 1612 2045 1650 edisci
2062 1623 2194 1665 posset,

1207 1670 1373 1722 pluribus
1392 1671 1436 1708 iis
1454 1671 1615 1709 insistere
1633 1673 1870 1724 oportuisset,
1885 1673 1939 1711 sin
1959 1688 2041 1712 vero
2058 1683 2196 1712 tantum

1207 1739 1380 1782 quantum
1393 1730 1439 1768 ad
1453 1745 1575 1769 eorum
1585 1732 1835 1771 declarandam
1846 1734 2103 1786 turpitudinem
2113 1735 2197 1772 satis

1208 1801 1313 1841 esset,
1347 1791 1540 1830 dicendum
1574 1794 1748 1846 oportuit,
1782 1794 1857 1831 haec
1888 1795 2081 1846 plusquam
2114 1795 2198 1833 satis

1157 1857 1182 1887 D
1209 1863 1300 1892 sunt.
1321 1853 1441 1900 Quare
1471 1854 1589 1892 missis
1622 1854 1767 1893 illorum
1797 1855 1953 1905 fabulis,
1976 1857 2053 1907 jam
2080 1865 2197 1894 nostra

1207 1915 1426 1966 attingamus
1446 1915 1626 1967 dogmata,
1645 1930 1724 1967 quae
1751 1916 1854 1954 nobis
1882 1931 1944 1968 per
1970 1917 2117 1970 hujusce
2136 1918 2195 1970 pi-

1207 1976 1353 2014 scatoris
1379 1976 1541 2028 linguam
1566 1977 1610 2015 de
1637 1977 1721 2015 caelo
1748 1977 1902 2015 demissa
1929 1987 2023 2026 sunt,
2050 1993 2197 2030 quaeque

1207 2038 1299 2075 nihil
1317 2038 1448 2076 habent
1465 2039 1675 2077 humanum.
1697 2042 1772 2091 Age
1794 2053 1897 2091 ergo,
1934 2040 2009 2078 haec
2044 2041 2139 2079 dicta
2160 2042 2197 2079 in

1207 2100 1367 2138 medium
1395 2101 1607 2151 afferamus,
1639 2111 1672 2139 et
1701 2111 1740 2139 ut
1762 2101 1864 2140 initio
1896 2102 2028 2140 hortati
2053 2117 2195 2152 sumus,

1207 2161 1312 2200 dictis
1333 2176 1406 2200 esse
1434 2162 1705 2212 attendendum,
1730 2163 1799 2201 hoe
1817 2177 1910 2201 nunc
1930 2163 2059 2201 iterum
2078 2179 2196 2202 mone-

1206 2237 1298 2262 mus.
1328 2223 1426 2270 Quid
1451 2238 1534 2276 ergo
1565 2224 1666 2262 initio
1693 2224 1782 2262 dicit
1809 2225 2045 2276 evangelista?
2076 2227 2113 2263 1.
2147 2229 2196 2263 In

1203 2287 1394 2336 principio
1423 2294 1505 2323 erat
1535 2287 1712 2334 Verbum,
1733 2295 1767 2323 el
1788 2287 1953 2324 Verbum
1981 2295 2063 2324 erat
2091 2287 2196 2336 apud

1207 2347 1346 2384 Deum.
1363 2345 1536 2386 Vidistin’
1568 2346 1737 2384 fiduciam
1757 2355 1790 2384 et
1808 2346 1883 2385 vim
1903 2347 2094 2383 verborum
2121 2361 2192 2384 ma-

1206 2406 1371 2445 ximam?
1386 2407 1563 2458 quomodo
1578 2407 1668 2444 nihil
1681 2407 1863 2455 dubitans,
1880 2406 1969 2443 nihil
1987 2406 2192 2459 conjiciens,

1206 2468 1269 2506 sed
1299 2469 1417 2506 omnia
1442 2468 1655 2505 affirmantis
1683 2482 1780 2505 more
1811 2467 2005 2519 loquatur?
2037 2469 2112 2506 Hoc
2141 2478 2195 2507 est

1156 2531 1180 2561 E
1207 2532 1301 2568 enim
1326 2529 1505 2578 doctoris,
1536 2544 1605 2566 non
1631 2529 1798 2568 vacillare
1825 2529 1861 2566 in
1883 2529 1927 2567 iis
1948 2544 2025 2580 quae
2049 2531 2192 2582 profert.

1207 2592 1298 2629 Nam
1319 2591 1348 2628 si
1370 2590 1400 2627 is
1419 2591 1480 2641 qui
1501 2590 1592 2628 alios
1614 2590 1780 2638 instituit,
1805 2590 1915 2629 altero
1939 2605 2028 2643 opus
2047 2592 2191 2639 babeat,

1206 2651 1265 2702 qui
1295 2651 1390 2689 dicta
1416 2665 1479 2689 sua
1507 2651 1718 2689 confirmare
1743 2651 1871 2703 possit,
1891 2666 1961 2690 non
1989 2652 2190 2701 doctorum,

1154 2731 1182 2756 12
1206 2712 1266 2750 sed
1290 2711 1550 2764 discipulorum
1575 2711 1736 2750 ordinem
1756 2713 1837 2764 jure
1867 2713 2035 2751 obtineat.
2056 2714 2093 2752 Si
2113 2714 2193 2764 quis

1157 2769 1183 2799 Α
1207 2787 1290 2812 vero
1304 2772 1453 2823 dixerit,
1477 2775 1550 2812 Cur
1566 2774 1680 2826 prima
1703 2774 1831 2812 omissa
1851 2789 1968 2823 causa,
1991 2775 2111 2813 statim
2133 2790 2193 2813 no-

1206 2834 1261 2872 bis
1276 2834 1320 2872 de
1334 2833 1486 2872 secunda
1505 2834 1676 2872 disserit?
1696 2835 1851 2886 primum
1870 2845 1902 2873 et
1918 2836 2113 2874 secundum
2136 2836 2193 2873 hic

1205 2895 1322 2934 dicere
1340 2895 1583 2933 recusabimus
1605 2911 1612 2932 :
1632 2894 1802 2935 divinitas
1827 2896 1922 2934 enim
1941 2905 1974 2934 et
1996 2911 2142 2935 numero
2160 2907 2192 2934 et

1229 3044 1241 3059 ε
1266 3035 1380 3067 Morel.
1408 3038 1450 3069 διὸ
1471 3038 1574 3074 δήπου.
1599 3035 1693 3068 Infra
1716 3043 1793 3078 post
1817 3036 2084 3079 κατενηνεγμέυωυξ
2099 3035 2196 3069 addit

1184 3086 1300 3119 Morel.
1325 3091 1372 3121 διὸ.
1394 3096 1447 3125 τῆς
1463 3092 1598 3130 γλώττης
1618 3092 1723 3122 τούτου
1746 3093 1798 3122 τοῦ
1823 3094 1942 3132 ἁλιέως,
1962 3104 2060 3134 quam
2081 3094 2196 3126 lectio—

1186 3151 1260 3172 nem
1278 3139 1403 3172 habent
1425 3141 1522 3182 pauci
1543 3141 1622 3173 Mss.
1637 3140 1694 3173 Sic
1717 3140 1794 3184 legit
1810 3142 2006 3176 Franciscus
2031 3148 2193 3178 Aretinus.

1230 3191 1243 3209 ‘¹
1268 3191 1386 3223 Morel.
1414 3198 1503 3226 τοῦτο
1534 3198 1583 3227 καὶ
1610 3199 1657 3227 νῦν
1683 3196 1918 3236 ὑπομνήσαντες,
1946 3204 2005 3234 τοῖς
2033 3202 2198 3242 εἰρημένοις

1189 3249 1406 3288 προσθήσομεν.
1425 3242 1527 3276 Savil.
1546 3243 1635 3276 hunc
1651 3243 1761 3277 locum
1779 3246 1825 3278 sic
1843 3244 1942 3279 habet
1959 3258 1965 3277 z
1985 3255 2072 3283 roffi-0
2089 3255 2136 3283 καὶ
2154 3256 2199 3283 23,

1192 3298 1422 3338 &troparium-55.
1436 3300 1465 3329 τί
1481 3297 1539 3336 οὖν,
1557 3303 1620 3328 etc.

1975 3407 1997 3441 Ca(

2286 1373 2392 1401 Contra

2215 1422 2375 1453 melempsy
2383 1430 2393 1436 ·

2206 1457 2318 1484 elios-in.
