2481 3678
116 662 146 682 2.
168 656 236 682 Tim
274 664 303 683 2.

116 703 146 732 9.

330 176 353 202 Γ

326 196 353 222 ι)
368 195 375 222 Ι
390 196 417 222 Ο
864 195 1043 226 .ΙΟΛΝΝ15
1080 195 1318 227 CHRYSOST.

788 195 827 226 S.

323 288 384 312 ves
420 275 585 312 caelorum
618 276 801 328 acciperet.
835 277 960 315 Enoch
997 291 1136 316 carnem
1168 287 1308 329 gestans

321 338 512 376 translatus
527 347 597 388 est,
616 348 648 377 et
661 353 730 377 non
747 340 842 377 ultra
860 340 970 379 visus.
986 340 1045 378 Sic
1062 350 1096 378 et
1115 341 1212 379 Elias
1226 355 1306 379 cum

321 412 425 436 carne
452 409 574 451 raptus
600 399 889 450 est5Ab1aham,
922 401 1042 449 Isaac,
1077 411 1110 439 et
1141 402 1278 441 Jacob
1271 417 1305 440 m
1331 404 1354 433 D

320 461 660 513 calwneiesplenduei
665 470 743 498 unt·
733 461 895 512 ,Joseph
909 475 1013 498 carne
1029 471 1170 513 opertus
1189 462 1306 515 impu-

318 521 434 560 dicam
465 524 650 561 mulierem
678 491 869 575 sulieravit.
892 523 1034 574 Ecquid
1052 524 1133 562 dico
1164 539 1304 564 carnem

319 600 397 636 quac
424 587 559 624 etiamsi
586 596 705 624 eatena
735 586 1014 637 constringatur,
1036 601 1105 625 non
1133 588 1303 627 laeditur?

319 647 395 685 Etsi
416 662 480 699 ego
515 648 655 686 vinctus
692 662 794 694 sum,
825 647 941 698 inquit
961 648 1113 697 Paulus,
1138 649 1197 687 At
1216 664 1303 687 ver-

319 711 406 746 bum
423 710 498 746 Dei
512 722 588 745 non
602 718 657 746 est
673 709 890 761 alligatum.
909 709 1048 760 Ecquid
1064 709 1145 746 dico
1160 709 1302 749 vincula

314 778 347 807 et
376 770 561 807 catenam?
576 769 678 807 Adde
702 784 876 807 carcerem
897 779 931 807 et
950 770 1122 820 claustra,
1144 779 1176 808 et
1191 785 1303 823 neque

311 830 362 867 sic
375 830 437 868 illa
455 830 598 870 virtutis
623 831 874 883 impedimenta
898 841 1011 869 erunt.
1028 833 1081 869 Ita
1103 846 1186 884 ergo
1199 832 1302 872 docet

311 891 455 929 Paulus.
476 893 568 930 Nam
585 892 771 930 vinculum
795 892 945 943 animae,
969 907 1038 930 non
1059 893 1215 942 ferrum,
1239 895 1300 933 sed

308 951 416 990 timor
431 961 464 990 et
481 952 657 1005 cupiditas
680 953 928 1005 pecuniarum,
945 953 1189 1004 innumerique
1205 969 1299 993 mor-

309 1013 356 1050 bi.
378 1014 462 1052 Haee
481 1014 641 1053 vinciunt
658 1028 785 1066 eorpus
796 1044 808 1063 ,
830 1015 894 1051 etsi
911 1015 1068 1052 solutum
1084 1015 1139 1052 sit.
1162 1018 1207 1053 At
1221 1017 1298 1054 haec

307 1091 327 1113 a
346 1091 492 1129 corpore
518 1077 724 1129 pariuntur,
745 1077 892 1127 inquies.
916 1078 1001 1114 Haec
1026 1078 1190 1115 obtentus
1216 1088 1297 1116 sunt

305 1147 338 1175 et
357 1152 455 1176 vanae
475 1139 727 1178 cavillationes.
748 1140 840 1176 Nam
870 1138 898 1176 si
917 1153 937 1176 a
959 1153 1105 1191 corpore
1123 1153 1294 1191 pareren-

304 1209 386 1249 tur,
408 1213 526 1237 omnes
546 1199 596 1237 sic
623 1208 735 1237 essent
757 1199 887 1236 affecti.
918 1200 966 1237 Ut
996 1199 1090 1237 enim
1115 1199 1296 1237 lassitudi-

304 1273 403 1308 nem,
420 1275 595 1308 somnum,
611 1261 726 1297 samen
737 1290 747 1309 ,
766 1259 862 1297 sitim
878 1274 946 1297 non
962 1274 1150 1312 possumus
1165 1260 1293 1311 vitare,

303 1321 385 1371 quia
405 1321 479 1359 haee
500 1321 674 1359 naturalia
699 1330 781 1359 sunt
803 1336 810 1356 :
829 1321 878 1359 sic
907 1331 940 1359 et
959 1322 1054 1370 haee,
1090 1322 1118 1360 si
1149 1322 1292 1372 quidem

302 1383 386 1421 talia
403 1392 536 1431 essent,
553 1383 729 1420 nemiuem
746 1382 899 1420 sinerent
911 1398 973 1421 sua
996 1383 1185 1435 tyrannide
1203 1383 1292 1422 libe-

301 1457 394 1483 rum.
431 1444 540 1490 Quod
573 1443 602 1481 si
631 1443 736 1481 multi
762 1444 839 1480 haee
868 1444 1061 1495 effugiunt,
1091 1445 1209 1496 palam
1239 1455 1292 1482 est

299 1504 375 1543 haee
396 1505 484 1544 vitia
518 1520 561 1543 ex
590 1505 712 1543 deside
731 1505 848 1542 anima
862 1505 1055 1571 ploficisci.
1072 1506 1156 1543 llaec
1178 1506 1291 1557 igitur

1319 1197 1342 1226 E

1360 198 1561 229 ARCHIEP.
1600 200 1932 233 CONSTANTINOP
1942 224 1949 232 .

1379 279 1430 323 ξεν
1459 284 1476 318 ὃ
1494 283 1562 319 τῶν
1590 281 1696 334 ἁγίων
1723 283 1836 336 χορός.
1870 284 1941 323 Τὸν
1959 289 2038 338 γοῦν
2057 284 2196 324 Παῦλον
2217 288 2278 324 οὐκ
2307 286 2398 326 εκώ-

1376 342 1457 379 λυσε
1481 358 1544 388 της
1563 343 1691 396 σαρκὸς
1707 348 1728 391 ἠ
1745 345 1842 397 φύσις
1867 345 2025 397 γενέσθαι
2042 350 2206 395 τοιοῦτον,
2228 351 2296 391 οἷος
2318 349 2397 400 ἐγέ-

1376 416 1468 439 νετο·
1490 402 1564 440 οὐδὲ
1585 403 1719 477 Πετρον
1732 407 1850 444 λαὸεῖν
1867 407 1930 450 τὰς
1946 409 2037 451 κλεῖς
2053 423 2121 445 των
2142 410 2308 460 οὐρανων.
2327 410 2397 447 Καὶ

1376 460 1535 514 οΕνὼχ
1564 462 1599 500 δὲ
1629 463 1742 518 σάρκα
1764 464 1927 517 φορέσας,
1958 466 2121 516 μετετέθη
2138 498 2146 514 ,
2168 467 2227 505 καὶ
2256 470 2319 519 οὐχ
2337 471 2397 506 εὑ-

1377 522 1523 573 ρίσκετο.
1540 523 1645 562 Οὕτω
1660 525 1718 563 καὶ
1737 529 1755 563 ὃ
1769 525 1893 570 Ἠλίας
1907 527 2049 578 ἡρπάγη
2071 527 2159 578 μετὰ
2173 531 2235 574 τῆς
2251 528 2395 579 σαρκὸς,

1373 583 1467 622 καὶὸ
1487 583 1646 636 Ἀδραὰμ
1658 585 1746 636 μετὰ
1763 591 1823 625 τοῦ
1835 586 1958 626 Ἰσαὰκ
1971 587 2029 624 καὶ
2048 591 2107 626 τοῦ
2125 588 2262 640 ἐγγόνου
2284 589 2397 642 σάρκα

1372 644 1505 696 ἔχοντες
1527 645 1704 698 ἔλαμψαν·
1722 648 1779 685 καὶ
1796 651 1812 685 ὁ
1831 647 1961 700 Ἰωσὴφ
1979 647 2067 699 μετὰ
2085 648 2212 696 ταύτης
2229 648 2396 688 ἐπάλαισε

1371 706 1456 758 πρὸς
1475 706 1513 743 τὸ
1541 706 1729 746 ἀκόλαστον
1751 710 1859 747 ἐκεῖνο
1877 708 2027 761 γύναιον.
2050 709 2120 747 Καὶ
2139 709 2172 746 τί
2200 709 2292 760 λέγω
2311 709 2394 761 σάρ-

1372 785 1435 816 κα;
1463 769 1535 807 Κᾶν
1552 770 1618 823 γὰρ
1633 771 1752 809 ἅλυσιν
1771 788 1813 822 τῃ
1834 771 1938 823 σαρκὶ
1952 774 2114 822 περιθῇς,
2134 770 2229 809 οὐδὲν
2247 771 2393 818 ἐὸλάέη.

1372 831 1416 868 Εἰ
1446 832 1513 885 γὰρ
1542 832 1600 870 καὶ
1626 832 1693 884 ἐγὼ
1724 833 1885 884 δέδεμαι,
1912 849 2014 885 φησιν
2038 835 2055 870 ὁ
2082 834 2243 880 Παῦλος,
2264 832 2354 870 Ἀλλ’
2376 835 2395 871 ὃ

1371 891 1470 944 λόγος
1503 898 1561 932 τοῦ
1583 896 1675 933 Θεοῦ
1702 895 1739 933 οὗ
1761 894 1906 932 δέδεται.
1936 893 2006 932 Καὶ
2025 893 2060 931 τί
2079 893 2171 945 λέγω
2191 892 2303 944 δεσμὰ
2333 893 2393 931 καὶ

1371 954 1509 1003 ἅλυσιν;
1530 955 1686 1007 Πρόσθες
1709 955 1768 993 και
1792 954 2055 1006 ρδι-κῐμωτηριον
2073 954 2131 993 καὶ
2155 956 2313 1006 κλεῖθρα,
2333 954 2392 992 καὶ

1370 1014 1445 1053 οὐδὲ
1463 1015 1550 1054 οὕτω
1569 1016 1715 1067 κώλυμα
1732 1015 1984 1068 γίνεταιταῦτα
1996 1019 2036 1068 τῇ
2054 1017 2174 1067 ἀρετῇ.
2191 1014 2296 1053 Οὕτω
2311 1019 2390 1067 γοῦν

1368 1076 1661 1127 ἐμυσταγώγησεν
1681 1080 1698 1114 ὃ
1717 1078 1870 1120 Παῦλος.
1892 1076 2028 1127 Δεσμὸς
2048 1076 2115 1128 γὰρ
2137 1078 2251 1128 ψυχῆς
2273 1079 2310 1114 οὐ
2331 1075 2390 1114 σί-

1368 1138 1491 1188 δηρος,
1512 1137 1601 1175 ἀλλὰ
1628 1136 1737 1175 δειλία
1760 1136 1819 1174 καὶ
1838 1137 2030 1188 χρημάτων
2059 1137 2244 1187 ἐπιθυμία,
2268 1137 2327 1175 καὶ
2346 1137 2390 1175 τὰ

1369 1198 1477 1252 μυρία
1491 1199 1599 1244 πάθη.
1615 1199 1739 1236 Ταῦτα
1754 1199 1884 1248 δεσμεῖ,
1895 1197 1958 1235 κᾶν
1973 1197 2156 1247 λελυμένον
2171 1193 2206 1249 ᾗ,
2217 1199 2256 1236 τὸ
2272 1201 2386 1249 σῶμα.

1367 1259 1457 1298 Ἀλλ’
1478 1259 1547 1298 ἀπὸ
1565 1264 1624 1297 τοῦ
1653 1258 1813 1310 σώματος
1837 1261 1948 1296 ταῦτα
1966 1257 2144 1306 τίκτεται,
2173 1258 2269 1310 φησί.
2291 1261 2388 1306 Σκῆ-

1364 1322 1421 1373 ψις
1440 1326 1550 1359 ταῦτα
1569 1320 1627 1359 καὶ
1647 1321 1817 1373 πρόφασις
1846 1319 1984 1371 ψευδής.
2004 1321 2049 1357 Εἰ
2069 1319 2137 1372 γὰρ
2155 1319 2224 1358 ἀπὸ
2240 1324 2299 1358 τοῦ
2319 1320 2386 1358 σώ-

1365 1399 1472 1434 ματος
1490 1382 1664 1430 ἐτίκτετο,
1684 1383 1811 1426 πάντες
1846 1382 1885 1420 ἂν
1911 1381 1998 1420 αὐτὰ
2027 1380 2211 1432 ὑπέμενον.
2246 1380 2387 1435 ΕὨσπερ

1358 1444 1426 1497 γὰρ
1440 1444 1544 1483 κόπον
1565 1444 1623 1482 καὶ
1637 1443 1740 1482 ύπνον
1763 1460 1822 1482 και
1841 1444 1880 1482 τὸ
1906 1447 2026 1494 πεινῇ-ν
2047 1459 2106 1481 και
2131 1443 2169 1480 δι
2192 1459 2232 1495 ῃν
2256 1445 2316 1481 οὐκ
2336 1444 2385 1482 ἔνι

1360 1506 1549 1557 διαῳυγεῖν,
1568 1503 1686 1551 ἐπειδὴ
1708 1504 1838 1556 φύσεώς
1859 1507 1970 1543 ἐστιν·
1995 1503 2083 1543 ούτι)
2111 1504 2170 1542 καὶ
2197 1509 2328 1551 ταῦτα,
2355 1506 2386 1542 εἰ

298 1565 550 1603 HbSClndaanS
563 1580 697 1616 ,Deque
714 1579 841 1617 COIPUS
859 1579 1079 1613 lncuselnus,
1095 1566 1179 1603 Sed
1171 1581 1288 1618 Ipsum
1302 1588 1375 1614 445
1359 1583 1501 1604 *memrot
1517 1570 1572 1614 ἦν,
1595 1582 1671 1605 QUOS
1673 1581 1715 1603 να
1744 1581 1783 1603 αν
1804 1581 1940 1617 αφηκαν
1965 1565 2029 1609 530)
2060 1582 2121 1611 της
2158 1581 2269 1603 000va
2298 1569 2384 1603 Εἶναι

298 1626 424 1671 animae
458 1627 710 1679 subjiciamus,
733 1636 772 1664 ut
803 1626 864 1664 illo
886 1627 934 1665 ad
961 1627 1159 1679 parendum
1184 1628 1288 1666 indu-
1314 1625 1339 1654 Α

299 1696 354 1724 cto
370 1718 379 1735 ,
400 1697 526 1725 aeterna
541 1703 795 1739 consequamur
811 1688 925 1737 bona,
946 1689 1056 1740 gratia
1082 1698 1115 1727 et
1129 1689 1287 1742 benigni-

299 1756 369 1785 tate
390 1748 534 1786 Domini
553 1749 664 1786 nostri
687 1750 770 1787 Jesu
785 1748 936 1800 Christi,
952 1749 1009 1787 eui
1028 1750 1145 1802 gloria
1159 1750 1195 1788 in
1216 1765 1286 1789 sac-

300 1808 377 1846 cula
399 1809 618 1848 sacculorum.
642 1810 764 1848 Amen.

340 2137 352 2149 ⁴·-
370 2125 514 2165 Quidam
533 2129 731 2173 δεσμωτήρια-

1358 1627 1564 1680 τυραννίδος.
1586 1629 1630 1666 Εἰ
1658 1627 1692 1666 οὲ
1724 1627 1846 1666 πολλοὶ
1881 1627 2141 1679 διαφεύγουσιν,
2171 1626 2344 1673 εὔοηλον(
2331 1626 2383 1664 ο’τι

1360 1689 1578 1741 ῥᾳθυμούσης
1612 1690 1685 1727 ἐστὶ
1726 1691 1841 1741 ψυχῆς
1879 1688 1923 1726 τὰ
1958 1694 2101 1727 τοιαῦτα
2138 1687 2381 1740 ἐλαττώματα.

1356 1750 1498 1797 Ταύτην
1518 1749 1629 1788 τοίνυν
1651 1749 1866 1802 ἐγκόψωμεν,
1894 1749 1954 1787 καὶ
1983 1749 2031 1800 μὴ
2054 1751 2302 1800 κατηγορῶμεν
2322 1754 2382 1787 τοῦ

1357 1810 1538 1862 σώματος,
1556 1811 1632 1849 ἀλλ’
1662 1810 1886 1861 ὑποτάξωμεν
1910 1810 1992 1848 αὐτὸ
2009 1813 2052 1861 τῇ
2077 1812 2189 1862 ψυχῇ·
2212 1809 2269 1848 ἵνα
2300 1810 2381 1857 εὐή-

1354 1889 1424 1911 νιον
1444 1873 1596 1925 ἔχοντες,
1627 1875 1694 1910 τῶν
1718 1872 1864 1910 αἰωνίων
1887 1872 2105 1925 ἐπιτύχωμεν
2134 1875 2293 1924 ἀγαθῶν,
2311 1872 2381 1924 χάν

1356 1951 1423 1985 ριτι
1441 1934 1500 1972 καὶ
1527 1933 1769 1987 φιλανθρωπία
1788 1939 1847 1972 τοῦ
1881 1934 2009 1986 Κυρίου
2029 1936 2128 1985 ἡμῶν
2153 1933 2268 1980 Ἰησοῦ
2289 1936 2378 1985 Χρι-

1355 2000 1453 2044 στοῦ,
1488 1989 1517 2048 ᾧ
1545 1998 1566 2042 ἡ
1597 1994 1674 2040 δόξα
1694 1998 1741 2039 εἷς
1759 1994 1838 2039 τοὺς
1858 1997 1984 2040 αἰῶνας
2003 1999 2070 2034 τῶν
2089 1995 2235 2034 αἰώνων.
2256 1995 2376 2047 Ἀμήν.

582 2387 793 2424 HOMILIA
815 2385 987 2427 LXXVI.

301 2510 390 2546 ΟΜ).
407 2508 508 2549 XIV.
520 2524 554 2548 v.
570 2510 632 2546 51.
648 2508 809 2560 Surgite,
827 2521 958 2546 eamus
970 2509 1073 2546 hinc.
1089 2508 1177 2546 CAP.
1191 2507 1279 2547 XV.

352 2585 388 2607 v.
418 2573 454 2608 1.
479 2572 564 2622 Ego
582 2584 666 2608 sum
679 2573 774 2607 ‘vitis
794 2583 891 2606 vera
914 2584 925 2604 .·
943 2583 1015 2608 vos
1029 2570 1226 2621 palmites,
1248 2578 1284 2607 et
1309 2578 1332 2607 B

354 2634 474 2669 Pater
500 2645 605 2669 meus
633 2631 809 2683 agricola
829 2638 899 2668 est.

353 2754 388 2788 1.
410 2752 594 2789 Timidam
614 2761 647 2789 ct
665 2751 882 2789 imbecillem
900 2751 1057 2789 animam
1083 2750 1283 2802 ignorantia

298 2812 407 2849 efficit
424 2828 433 2860 ;
452 2822 490 2849 ut
509 2827 674 2863 magnam
693 2821 726 2850 et
745 2812 935 2851 sublimem
953 2812 1100 2850 caelcstis
1112 2812 1283 2851 doctrinm

300 2873 475 2911 institutio
499 2890 506 2909 ι
533 2888 616 2911 nam
648 2874 677 2911 si
707 2888 777 2912 non
807 2874 1033 2923 instituatur,
1053 2875 1284 2913 formidolosa

297 2943 362 2981 est,
384 2948 452 2972 non
481 2943 628 2982 natura,
658 2934 718 2971 scd
748 2935 942 2973 voluntatis
974 2935 1168 2987 proposito.
1190 2937 1282 2974 Cum

296 2997 391 3035 enim
410 2997 612 3048 quempiam
635 3006 817 3034 strenuum
836 2998 941 3036 video
967 2998 1072 3036 modo
1095 2999 1280 3048 audacem,

296 3058 402 3096 modo
423 3057 709 3105 formidolosum,
732 3072 800 3094 nou
818 3059 892 3109 jam
912 3068 1047 3096 naturae
1059 3059 1189 3098 vitium
1208 3074 1281 3098 esse

294 3120 395 3158 dico:
418 3118 593 3157 naturalia
621 3118 715 3155 enim
728 3118 967 3157 immutabilia
991 3130 1084 3158 sunt.
1106 3123 1278 3171 Rursum,

292 3196 373 3219 cum
389 3180 494 3219 video
515 3193 608 3216 nunc
627 3179 853 3216 meticulosos
871 3180 1071 3232 quospiam,
1087 3182 1278 3233 statimque

289 3242 450 3291 audaces,
472 3240 633 3293 idipsum
650 3239 740 3278 facio
761 3255 769 3275 :
797 3240 946 3278 arbitrio
965 3250 1079 3278 totum
1097 3242 1273 3280 adscribo.

1729 2393 1905 2431 ΟΜΙΑΙΑ
1935 2393 1998 2437 ος’.

1354 2513 1570 2566 Ἐγείρεσθε,
1591 2515 1729 2567 ἄγωμεν
1753 2519 1915 2557 ἐντεῦθεν.
1937 2517 2031 2570 Ἐγώ
2051 2521 2158 2570 εἰμιὴ
2184 2518 2337 2570 ἄμπελος
2350 2523 2372 2567 ἡ

1408 2577 1572 2624 ἀληθινή·
1593 2582 1688 2628 ὑμεῖς
1716 2579 1760 2617 τὰ
1786 2580 1972 2630 κλήματα,
1991 2580 2049 2618 καὶ
2070 2584 2086 2618 ὁ
2106 2582 2232 2635 Πατήρ
2259 2599 2324 2633 μου
2355 2587 2373 2621 ὁ

1405 2639 1555 2690 γεωργός
1579 2642 1682 2678 ἐστιν.

1404 2752 1528 2799 Δείλην
1546 2753 1605 2790 καὶ
1637 2754 1801 2808 ἄνανδρον
1820 2754 1882 2802 τὴν
1900 2755 2014 2808 ψυχὴν
2043 2760 2064 2803 ἡ
2101 2757 2234 2806 ἀμαθία
2259 2765 2369 2797 ποιεῖ·

1352 2817 1526 2867 ὡσπεροῦν
1556 2815 1709 2865 μεγάλην
1735 2816 1794 2854 καὶ
1824 2816 1958 2868 ὑψηλὴν
1985 2821 2006 2863 ἦ
2032 2820 2099 2855 τῶν
2117 2817 2282 2869 οὐρανίων
2312 2821 2371 2857 δο-

1351 2874 1492 2926 γμάτων
1519 2875 1718 2919 παίδευσις·
1751 2878 1911 2927 οὐδεμιᾶς
1937 2878 2002 2929 γὰρ
2037 2878 2258 2918 ἀπολαύουσα
2290 2883 2371 2918 ἐπι-

1353 2935 1515 2987 μελείας,
1547 2937 1643 2982 δειλή
1677 2937 1727 2980 τίς
1771 2939 1891 2985 ἐστιν,
1927 2940 1964 2976 οὐ
2005 2939 2094 2977 κατὰ
2130 2939 2250 2991 φύσιν,
2283 2940 2372 2979 ἀλλὰ

1350 2997 1441 3036 κατὰ
1477 2998 1688 3050 προαίρεσιν.
1724 2996 1838 3036 εΌταν
1872 2998 1939 3051 γὰρ
1974 2999 2037 3037 ιδω
2080 2999 2100 3018 *
2122 3002 2180 3039 τὸν
2220 3003 2371 3054 ἀνδρεῖον

1349 3058 1432 3097 ποτὲ
1462 3075 1522 3109 μεν
1547 3057 1738 3109 τολμητὴν,
1761 3063 1818 3096 νῦν
1835 3058 1869 3096 δὲ
1896 3060 2018 3107 δειλὸν,
2039 3060 2152 3099 οὐκετι
2174 3061 2306 3113 φύσεως
2325 3066 2370 3099 εἰ-

1347 3120 1403 3158 ναί
1431 3137 1520 3173 φημι
1548 3120 1586 3158 τὸ
1607 3120 1730 3163 πάθος·
1756 3118 1800 3157 τὰ
1833 3119 1901 3172 γὰρ
1916 3124 1977 3167 τῆς
1994 3121 2123 3173 φύσεως
2151 3123 2359 3173 ἀμετάθετα.

1346 3182 1474 3229 Πάλιν,
1490 3181 1570 3220 ὅταν
1590 3181 1653 3218 ἴδω
1671 3180 1748 3223 τοὺς
1766 3184 1824 3218 νῦν
1845 3181 1973 3224 δειλοὺς
1988 3181 2108 3233 ἀθρόον
2128 3182 2303 3233 τολμητὰς
2317 3199 2369 3234 γι-

1344 3243 1522 3293 νομένους,
1544 3243 1584 3281 τὸ
1604 3241 1685 3280 αὐτὸ
1713 3242 1818 3280 πάλιν
1848 3242 2064 3295 ψηφίζομαι,
2092 3247 2134 3295 τῇ
2165 3243 2366 3297 προαιρέσει

328 3374 341 3388 “
361 3373 433 3413 [Ita
457 3372 658 3404 restituimus
684 3370 793 3401 locum
812 3381 828 3401 e
854 3369 936 3402 Cod.
964 3372 1038 3403 709.
1066 3371 1183 3403 Montf.
1214 3384 1288 3404 cum
1306 3372 1406 3406 Savil.
1426 3381 1458 3407 et.
1475 3371 1559 3406 Cod*
1579 3373 1642 3404 705
1659 3378 1709 3407 τὸν
1726 3375 1856 3417 ἀνδρεῖον
1871 3377 1927 3415 μὲν
1946 3377 2030 3415 ποτὲ,
2046 3378 2092 3407 νῦν
2109 3374 2167 3415 zen]
