2481 3678
682 229 724 258 m·
761 230 972 260 &OANNEM
1011 230 1163 260 uomit..
1203 230 1326 260 xxvl.
1366 215 1426 259 al.

98 316 293 360 ἀξιόπιστον
310 317 365 354 τὸν
394 317 492 368 λόγον
511 319 632 365 ποιῶν,
661 319 720 356 καὶ
748 321 832 371 πρὸς
853 320 914 367 τὴν
946 321 1121 358 ἀσθένειαν

97 375 111 395 ⁶
124 376 186 424 τὴν
204 377 332 415 ἐκείνου
350 377 641 427 συγκαταὸαίνων
665 381 708 430 τῇ
728 379 829 424 λέξει.

190 437 197 451 Ι
228 437 263 451 5!
283 440 292 451 Ἰ

150 439 196 475 Τι
225 452 261 475 οε
278 453 371 476 εστιν

96 498 312 551 ἑωράκαμεν,
333 503 594 550 μαρτυροῦμεν,
614 499 760 547 Ἐπειδὴ
787 500 845 538 καὶ
874 502 957 551 παρ’
983 503 1067 550 ἡμῖν
1098 503 1119 545 ἡ

400 437 419 475 ὅ
437 453 558 489 φησιν’
582 438 630 476 ’““()
645 439 803 491 οἴδαμεν,
826 442 1012 487 λαλοῦμεν,
1033 439 1122 477 καὶὸ

96 559 173 611 ὄψις
193 559 264 597 ε’στὶ
288 561 355 596 τῶν
376 559 491 597 ἄλλων
520 561 711 607 αἰσθήσεων
729 560 934 612 πιστοτέρα,
954 559 1018 597 κᾶν
1038 562 1120 610 βου-

95 620 257 671 ληθῶμέν
277 636 353 658 τινα
386 621 648 670 πιστώσασθαι,
677 622 765 661 οὕτω
794 620 954 673 λέγομεν,
973 620 1026 658 ὅτι
1051 627 1120 664 τοῖς

94 683 284 733 ὀφθαλμοῖς
299 684 399 732 ἡμῶν
412 682 629 735 ἑωράκαμεν,
642 685 704 721 οὐκ
716 682 750 726 ἐξ
769 684 876 727 ἀκοῆς
888 681 1028 732 οἴδαμεν
1039 697 1046 704 ·
1065 682 1121 720 διὰ

93 747 194 780 τοῦτο
212 742 270 779 καὶ
292 745 309 779 ὁ
325 743 475 795 Χριστὸς
496 742 800 796 ἀνθρωπινώτερον
820 743 906 796 πρὸς
924 743 1025 781 αὐτὸν
1041 744 1119 781 δια-

94 802 251 854 λέγεται,
270 803 326 841 τον
355 804 456 856 λόγον
481 807 662 843 κάντεῦθεν
691 802 933 854 πιστούμενος.
964 804 1034 842 Καὶ
1067 804 1122 842 ὅτι

94 861 194 899 τοῦτό
221 864 312 908 ἐστι,
333 863 392 900 καὶ
405 862 500 900 οὐδὲν
515 863 599 901 ἄλλο
611 866 836 915 παραστῆσαι
854 862 1027 913 βούλεται,
1045 863 1123 901 οὐδὲ

93 922 171 975 ὄψιν
192 923 358 970 αἰσθητὴν
380 923 538 976 ἐμφαίνει
552 955 561 971 ,
594 925 696 970 ’δῆλον
718 925 858 961 ἐκεῖθεν.
896 923 1017 961 Εἰπὼν
1033 925 1122 977 γὰρ,

93 983 144 1022 Τὸ
163 983 409 1035 γεγεννημένον
434 988 473 1024 ἐκ
493 988 555 1031 τῆς
574 984 722 1037 σαρκὸς,
744 984 828 1036 σάρξ
849 986 922 1022 ἔστι
935 1000 942 1007 ·
970 985 1051 1031 καὶ,
1073 986 1124 1023 Τὸ

91 1045 337 1096 γεγεννημένον
363 1048 401 1084 ἐκ
417 1051 475 1084 τοῦ
497 1045 718 1096 Πνεύματος,
745 1046 882 1096 πνεῦμά
899 1047 1005 1094 ἐστιν,
1036 1046 1122 1093 ἐπή-

92 1123 195 1158 γαγεν
207 1123 214 1130 ·
229 1107 279 1146 0Ο
296 1107 450 1159 οἴδαμεν,
473 1109 659 1159 λαλοῦμεν,
680 1108 739 1146 καὶ
759 1108 778 1146 ὃ
793 1107 1011 1161 ἑωράκαμεν,
1034 1125 1123 1160 μαρ-

92 1173 274 1221 τυροῦμεν.
301 1171 332 1207 Τ
336 1174 414 1207 ott—„0
451 1170 486 1207 δὲ
515 1169 649 1207 οὐδέπω
675 1168 923 1221 γεγεννημένον
955 1163 1010 1214 ἦν.
1040 1170 1124 1212 Πῶς

95 1223 152 1267 οὖν
171 1230 287 1280 λέγει,
303 1229 352 1268 ι“Ο
372 1231 596 1283 ἑωράκαμεν;
615 1232 693 1268 Οὐκ
709 1230 852 1276 εὔδηλον
870 1229 921 1267 ὅτι
935 1228 1027 1280 λέγει
1044 1230 1123 1282 περὶ

94 1293 156 1336 τῆς
187 1291 348 1344 ἀκριὸοῧς
374 1290 553 1342 γνώσεως,
574 1290 633 1328 καὶ
652 1293 714 1328 οὐκ
743 1291 857 1333 ἄλλως
873 1289 1038 1341 ἐχούσης,
1054 1290 1124 1328 Καὶ

94 1351 158 1397 τὴν
180 1352 372 1404 μαρτυρίαν
401 1355 502 1402 ἡμῶν
523 1351 632 1394 οὐδεὶς
659 1351 845 1402 λαμὸάνει,
873 1356 887 1371 ³
903 1350 954 1388 Τὸ
975 1350 1036 1401 μὲν
1055 1345 1124 1396 οὖν,

95 1411 144 1449 ’“Ὸ
179 1413 334 1462 οἴδαμεν,
362 1413 440 1459 ἤτοι
470 1411 549 1464 περὶ
577 1414 699 1449 ἑαυτοῦ
725 1411 865 1450 καὶτοῦ
900 1411 1040 1464 Πατρός
1062 1427 1125 1463 φη-

95 1489 161 1520 σιν,
183 1472 204 1518 ἢ
230 1473 310 1525 περὶ
330 1476 452 1511 ἑαυτοῦ
483 1473 606 1522 μόνου·
629 1472 667 1509 τὸ
697 1471 753 1520 δὲ,
780 1472 905 1515 Οὐδεὶς
932 1472 1125 1521 λαμὸάνει,

94 1536 132 1572 οὐ
153 1533 435 1587 δυσχεραίνοντάς
464 1536 535 1572 ἔστι
566 1533 606 1571 τὸ
634 1536 730 1585 ῥῆμα
750 1538 831 1581 νῦν,
863 1532 954 1570 ἀλλὰ
977 1531 1017 1569 τὸ
1036 1533 1126 1583 γινό-

96 1610 196 1644 μενον
233 1594 525 1646 ἀπαγγέλλοντος.
559 1596 612 1632 Οὐ
646 1593 712 1645 γὰρ
752 1587 828 1631 εἶπε
843 1608 851 1615 ·
882 1591 916 1630 τί
954 1592 989 1630 δὲ
1028 1596 1123 1644 ὑμῶν

96 1655 384 1709 ἀναισθητότερον
415 1655 539 1706 γένοιτ’
562 1655 614 1703 ἂν,
642 1655 674 1693 οἳ
697 1654 742 1692 τὰ
768 1657 851 1706 παρ’
883 1655 985 1704 ἡμῶν
1018 1653 1126 1698 οὕτως

95 1716 248 1769 ἀκριὸῶς
277 1716 538 1768 ἀπαγγελθέντα
572 1718 608 1754 οὐ
637 1715 843 1770 προσίεσθε;
876 1714 966 1753 ἀλλὰ
989 1715 1048 1753 καὶ
1068 1716 1125 1754 διὰ

94 1780 162 1814 τῶν
188 1777 298 1831 ἔργων
322 1778 385 1815 καὶ
419 1777 475 1816 διὰ
500 1781 570 1815 τῶν
598 1778 765 1831 ῥημάτων
786 1783 902 1815 πᾶσαν
935 1776 1124 1817 ἐπιείκειαν

94 1838 367 1888 ἐνδεικνύμενος,
383 1839 511 1878 τούτων
531 1839 591 1890 μὲν
610 1838 704 1878 οὐδὲν
723 1837 910 1890 ἐφθέγξατο
924 1868 932 1887 ,
949 1838 1073 1890 πράως
1089 1837 1124 1877 δὲ

93 1899 153 1938 καὶ
165 1900 305 1952 ἡμέρως
321 1901 360 1939 τὸ
373 1901 638 1952 συμβησόμενον
651 1899 959 1952 προανεφώνησεν,
973 1902 1125 1938 ἐντεῦθεν

94 1963 143 2003 εἰς
160 1967 275 2000 πᾶσαν
301 1960 360 1999 καὶ
378 1965 473 2012 ἡμᾶς
499 1961 629 2012 ἐνάγων
649 1960 854 2013 πραότητα,
878 1959 937 1997 καὶ
953 1960 1125 1998 παιδεύων

93 2024 209 2072 ἡμᾶς,
226 2021 307 2060 ὅταν
325 2023 410 2074 πρὸς
426 2022 522 2066 τινὰς
543 2021 783 2073 διαλεγώμεθα
796 2051 805 2067 ,
833 2020 893 2058 καὶ
921 2020 969 2071 μὴ
999 2020 1124 2060 πείθω-

96 2098 173 2132 μεν,
184 2082 233 2132 μὴ
248 2083 499 2135 δυσχεραίνειν,
519 2082 607 2133 μηδὲ
620 2084 873 2133 ἐκθηριοῧσθαι.
886 2083 938 2119 Οὐ
950 2081 1017 2134 γὰρ
1033 2082 1124 2121 ἔστιν

94 2141 248 2181 ι’ἀνύσαι
272 2143 329 2181 τὸν
357 2143 634 2196 χαλεπαίνοντα,
669 2141 760 2180 ἀλλὰ
789 2142 850 2180 καὶ
882 2142 1124 2195 ἀπειθέστερον

95 2203 308 2256 ἐργάσασθαι
345 2205 489 2255 μᾶλλον.
520 2204 590 2242 Διὰ
619 2208 719 2243 τοῦτο
751 2203 821 2256 χρὴ
848 2206 911 2250 τῆς
936 2202 998 2253 μὲν
1022 2205 1125 2256 ὀργῆς

94 2263 310 2315 ἀπέχεσθαι,
334 2265 500 2303 πάντοθεν
519 2264 554 2303 δὲ
576 2265 775 2309 ἀξιόπιστον
797 2270 907 2302 ποιεῖν
933 2264 990 2302 τὸν
1011 2264 1125 2316 λόγον,

93 2326 131 2362 οὗ
146 2327 196 2376 τῷ
213 2324 261 2375 μὴ
277 2325 473 2378 ὀργίζεσθαι
491 2326 606 2378 μόνον,
621 2326 710 2365 ἀλλὰ
724 2326 782 2364 καὶ
798 2329 848 2378 τῷ
871 2325 958 2376 μηδὲ
973 2326 1122 2379 κράζειν.

91 2384 185 2434 ‘'H-r,
206 2386 274 2440 γὰρ
289 2390 394 2440 ὀργῆς
412 2394 436 2437 ἡ
455 2389 604 2442 κραυγή.
638 2388 916 2440 Συμποδίσωμεν
934 2389 1046 2427 τοίνυν
1066 2390 1123 2428 τὸν

91 2445 211 2494 ἵππον,
230 2447 287 2486 ἵνα
305 2450 603 2503 καταστρέψωμεν
625 2449 682 2487 τὸν
698 2449 874 2496 ἀναὸάτην
887 2465 896 2472 ·
919 2449 1122 2502 περικόψωυ-

95 2524 157 2558 μεν
177 2508 221 2546 τὰ
238 2509 351 2561 πτερὰ
366 2515 424 2552 τοῦ
441 2514 566 2561 θυμοῦ,
582 2511 642 2548 καὶ
659 2513 719 2548 οὐκ
741 2510 791 2548 ἔτι
809 2510 894 2561 πρὸς
913 2509 996 2561 ὕψος
1013 2510 1122 2561 ἀρθή-

95 2584 193 2606 σεται
208 2570 247 2607 τὸ
262 2569 380 2608 κακόν.
393 2570 476 2615 Ὀξὺ
496 2570 563 2623 γὰρ
576 2575 597 2617 ἡ
610 2570 695 2623 ὀργὴ
711 2570 837 2618 πάθος,
851 2570 906 2614 ὀξὺ
917 2601 926 2618 ,
943 2571 1002 2608 καὶ
1014 2571 1122 2609 δεινὸν

95 2628 221 2680 κλέψαι
240 2629 301 2673 τὰς
316 2630 490 2683 ἡμετέρας
510 2630 637 2682 ψυχάς.
657 2629 726 2668 Διὰ
745 2635 846 2668 τοῦτο
864 2630 934 2682 χρὴ
955 2630 1122 2669 πάντοθεν

95 2689 329 2743 ἀποφράττειν
346 2691 440 2742 αὐτῷ
458 2690 520 2737 τὴν
539 2691 681 2729 εἴσοδον.
702 2690 773 2728 Καὶ
793 2689 860 2742 γὰρ
877 2691 1004 2729 ἄτοπον
1021 2691 1122 2743 θηρία

95 2749 157 2800 μὲν
175 2750 338 2788 δύνασθαι
354 2754 518 2801 ἡμεροῦν,
535 2750 598 2797 τὴν
615 2750 650 2788 δὲ
666 2751 839 2802 ἡμετέραν
857 2751 1010 2788 διάνοιαν
1027 2752 1123 2803 ἀγρι·

94 2810 252 2849 αίνουσαν
277 2818 452 2864 περιορξὶν.
474 2812 552 2863 Πῦρ
572 2813 645 2849 ἐστι
676 2810 820 2864 σφοδρὸν
842 2815 859 2849 ὃ
874 2812 978 2862 θυμὸς
1010 2811 1124 2850 πάντα

94 2870 295 2923 διατρώγων
306 2887 313 2894 ·
334 2872 392 2909 καὶ
408 2871 475 2925 γὰρ
493 2872 552 2910 καὶ
572 2874 676 2923 σῶμα
690 2871 915 2923 λυμαίνεται,
935 2872 994 2910 καὶ
1009 2871 1123 2925 ψυχὴν

93 2932 304 2984 διαφθείρει,
325 2933 384 2970 καὶ
415 2934 504 2980 ἀηδῆ
521 2933 771 2978 κατασκευάζει
787 2933 845 2971 καὶ
861 2934 1004 2987 αἰσχρὸν
1021 2934 1102 2972 ἰδεῖν
1115 2949 1122 2956 ·

92 2993 151 3030 καὶ
171 2994 200 3031 εἰ
217 2994 273 3032 τὸν
303 2993 522 3046 ὀργιζόμενον
541 2989 583 3042 ἦν
606 2995 747 3033 δυνατὸν
768 2997 881 3047 ἑαυτῷ
908 2996 1009 3042 δῆλον
1038 2988 1123 3033 εἶναι

92 3053 183 3092 κατὰ
197 3054 254 3092 τὸν
271 3055 390 3107 καιρὸν
404 3057 468 3100 τῆς
482 3057 586 3107 ὀργῆς
597 3085 608 3104 ,
630 3057 690 3093 οὐκ
707 3054 746 3093 ἂν
768 3055 887 3109 ἑτέρας
912 3056 1033 3103 ἐδεήθη
1053 3072 1122 3094 πα-

95 3115 287 3166 ραινέσεως.
307 3115 418 3154 Οὐδὲν
441 3116 508 3169 γὰρ
528 3116 778 3170 ἀτερπέστερον
807 3117 916 3169 ὅψεως
942 3117 1121 3169 ὀργιζομέ-

93 3192 164 3222 νης.
182 3176 282 3224 Μέθη
297 3176 348 3220 τίς
368 3179 458 3215 ἐστιν
474 3181 496 3224 ἡ
514 3177 598 3229 ὀργὴ
609 3208 618 3226 ,
636 3179 767 3228 μᾶλλον
783 3177 818 3217 δὲ
836 3178 944 3230 μέθης
959 3179 1120 3230 χαλεπω-

137 3271 151 3291 d
167 3272 282 3304 Morel.
298 3280 351 3312 τὴν
366 3279 490 3307 ἐκείνων.
510 3273 640 3306 Ibidem
656 3273 792 3317 quidam
804 3283 841 3319 τῇ
856 3279 940 3314 λέξει.
957 3278 1004 3310 διὰ
1017 3281 1103 3310 τοῦτο’

97 3338 180 3364 φησιν
193 3331 200 3339 ·
218 3329 234 3358 ὅ
247 3327 380 3366 οἴδαμεν.
407 3324 523 3366 [Paulo
540 3333 617 3357 ante
639 3331 737 3360 ταῦτα
754 3330 783 3359 δὲ
801 3330 889 3369 λέγει,
912 3332 962 3361 καὶ
977 3331 1020 3361 ἔτ.
1046 3327 1104 3360 Sa-

96 3374 152 3407 vil.
171 3382 202 3407 et
219 3375 305 3407 eod.
324 3377 399 3418 706,
419 3384 461 3415 et,
483 3377 539 3418 qui
553 3379 585 3409 δέ
600 3387 667 3408 om.
682 3404 690 3418 ,
709 3376 793 3408 cod.
812 3378 905 3419 705]

140 3437 153 3451 a
171 3427 316 3467 Quidam
334 3434 421 3462 τοῦτο
448 3432 487 3461 δέ’
508 3433 522 3462 ὁ
541 3432 594 3462 οἶδ.

1133 599 1164 624 ‘lo

1146 618 1179 667 ἆ(
1192 615 1314 664 faeiat,
1327 625 1362 653 et
1382 630 1462 653 eum
1483 617 1693 668 persuadere
1714 618 1892 666 volumus,
1912 618 1959 656 ita
1979 619 2187 669 loquamur,

1466 232 1574 261 xxx'.
1807 227 1821 241 “

2094 218 2178 280 175

1193 310 1277 347 Haec
1312 310 1517 362 subjunxit,
1544 321 1576 349 et
1610 311 1754 349 aliunde
1785 326 1926 350 rursum
1955 313 2049 350 dieto
2070 315 2176 351 fidem

1191 370 1343 418 faciens,
1364 380 1398 409 et
1418 371 1515 409 illius
1531 371 1766 410 imbecillitati
1786 386 1821 410 se
1834 382 2078 425 attemperans.

1246 432 1281 468 5.
1313 432 1411 478 Quid
1433 446 1515 470 vero
1539 433 1717 484 significat
1736 433 1843 483 illud,
1869 436 1930 471 11.
1961 435 2074 485 Quod
2106 439 2177 473 sci-

1194 506 1277 530 mus
1312 495 1530 546 loquimur,
1566 505 1601 532 et
1629 497 1732 547 quod
1762 497 1932 533 ‘vidimus
1966 503 2180 534 testamur?

1150 601 1180 614 η
1193 552 1287 599 Quia
1307 568 1389 591 cum
1403 554 1500 592 visus
1514 555 1595 606 plus
1614 570 1722 606 quam
1740 556 1801 594 alii
1822 571 1941 594 sensus
1958 557 2060 594 nobis
2074 558 2181 594 sidem

1192 678 1271 715 Non
1293 676 1418 715 auditu
1438 679 1673 731 percepimus,
1698 679 1759 717 sed
1778 681 1864 733 ipsis
1879 681 1991 719 oculis
2010 681 2180 720 vidimus.

1193 738 1277 776 Ideo
1306 739 1470 777 Christus
1501 739 1658 778 humano
1696 756 1793 780 more
1822 742 1937 794 ipsum
1963 743 2182 794 alloquitur,

1193 798 1348 850 hincque
1365 799 1470 837 dictis
1497 800 1608 838 fidem
1631 802 1725 839 facit.
1747 803 1922 854 Quodque
1951 819 2004 842 res
2038 805 2084 841 ita
2113 805 2180 852 sit,

1193 859 1288 910 quod
1306 861 1399 898 nihil
1414 861 1513 899 aliud
1526 862 1705 901 declarare
1720 865 1821 913 velit,
1839 880 1951 916 neque
1969 866 2087 905 visum
2105 880 2183 904 sen-

1193 921 1334 960 sibilem
1353 922 1541 975 intelligat,
1561 924 1645 962 hinc
1660 926 1778 977 palam
1796 937 1858 964 est.
1879 928 2072 978 Postquam
2089 929 2184 966 enim

1193 982 1345 1033 dixerat,
1365 986 1478 1035 Quod
1497 995 1632 1023 natum
1651 996 1706 1024 est
1722 1002 1768 1024 ex
1785 1003 1915 1036 carne,
1940 1003 2030 1027 caro
2047 999 2102 1028 esc
2112 1007 2127 1035 ,-
2149 999 2185 1027 et

1196 1046 1300 1097 quod
1314 1053 1450 1083 natum
1463 1055 1517 1084 est
1533 1061 1579 1084 ex
1601 1047 1750 1099 5piritu,
1761 1052 1916 1100 spiritus
1935 1059 2015 1098 3555
2033 1051 2184 1102 subjun-

1194 1106 1260 1156 xit,
1290 1108 1403 1158 Quod
1426 1111 1568 1147 scimus
1589 1111 1796 1163 loquimur,
1830 1120 1866 1149 et
1886 1113 1990 1164 quod
2014 1114 2185 1151 vidimus

1196 1177 1395 1208 testamur.
1415 1171 1492 1208 Hoc
1509 1181 1627 1209 autem
1645 1173 1803 1211 nondum
1818 1175 1949 1212 sactum
1967 1175 2092 1213 fuerat.
2111 1176 2185 1214 Cur

1196 1243 1280 1281 ergo
1306 1230 1416 1280 dicit,
1443 1232 1556 1282 Quod
1582 1234 1780 1272 addimus?
1802 1237 1927 1273 Annon
1956 1237 2183 1275 manifestum

1196 1300 1246 1328 est
1273 1291 1392 1344 ipsum
1411 1292 1509 1343 loqui
1536 1293 1580 1332 de
1599 1304 1763 1333 accurata
1785 1297 1996 1348 cognitione,
2017 1313 2093 1348 quae
2114 1312 2183 1336 non

1150 1366 1173 1394 Β
1196 1366 1312 1393 errare
1330 1354 1468 1405 possit?
1489 1356 1544 1393 Et
1572 1359 1834 1396 testimonium
1866 1368 2038 1397 nostrum
2073 1375 2183 1398 nemo

1195 1417 1350 1465 accipit.
1380 1414 1478 1452 Illud
1499 1429 1605 1466 ergo,
1630 1419 1742 1467 Quod
1759 1422 1912 1466 scimus,
1936 1420 1992 1458 vel
2019 1420 2064 1458 de
2090 1435 2127 1459 se
2150 1430 2185 1459 et

1195 1475 1240 1515 de
1258 1476 1362 1514 Patre
1381 1477 1494 1526 dicit,
1523 1479 1581 1516 vel
1602 1479 1646 1516 de
1674 1480 1787 1531 seipso
1809 1481 1936 1519 solum.
1957 1482 2054 1520 Illud
2072 1498 2156 1522 vero
2171 1514 2182 1529 ‚

1227 1538 1319 1575 ‘'emo
1351 1542 1506 1590 accipit,
1525 1553 1596 1577 non
1623 1554 1715 1591 aegre
1746 1542 1889 1580 serentis
1909 1556 2002 1580 nunc
2026 1553 2078 1581 est
2092 1574 2102 1592 ‚
2122 1544 2184 1583 sed

1194 1611 1268 1635 rem
1289 1607 1423 1650 gestam
1442 1599 1629 1638 narrantis.
1650 1601 1729 1638 Non
1750 1602 1844 1639 enim
1862 1601 1958 1640 dixit
1975 1619 1983 1640 :
2001 1603 2099 1651 Quid
2121 1619 2183 1643 vo-

1194 1659 1251 1697 bis
1269 1659 1511 1699 insensibilius
1533 1661 1590 1711 sit,
1609 1661 1671 1712 qui
1691 1677 1730 1700 ea
1749 1677 1827 1714 quae
1847 1679 1867 1701 a
1887 1664 1989 1702 nobis
2008 1665 2057 1703 ita
2076 1680 2181 1704 accu-

1194 1729 1269 1758 rate
1285 1722 1540 1760 annuntiantur
1553 1737 1622 1760 non
1642 1723 1852 1763 admittitis?
1867 1725 1928 1763 sed
1942 1727 2048 1764 rebus
2061 1736 2094 1765 et
2105 1742 2184 1767 ver-

1194 1782 1250 1820 bis
1269 1783 1405 1822 nullam
1434 1797 1503 1821 non
1535 1785 1843 1824 mansuetudinem
1874 1788 2184 1837 exl1ibens,nihil

1193 1844 1243 1882 ita
1261 1844 1421 1895 loquitur
1434 1861 1446 1895 5
1468 1845 1531 1883 sed
1548 1845 1627 1883 miti
1644 1860 1803 1885 sermone
1819 1847 1916 1899 quod
1931 1850 2094 1887 futurum
2110 1860 2184 1888 erat

1193 1905 1376 1957 praedicit,
1394 1920 1456 1946 nos
1476 1907 1560 1945 hinc
1574 1922 1716 1959 quoque
1734 1909 1782 1947 ad
1797 1924 1975 1948 summam
1997 1911 2184 1950 instituens

1193 1966 1527 2017 mansuetudinem,
1559 1977 1598 2005 ut
1626 1983 1706 2006 cum
1733 1969 1907 2020 quosdam
1935 1971 2181 2022 alloquimur,

1194 2041 1258 2065 nec
1276 2027 1364 2079 ipsis
1387 2028 1592 2075 suademus,
1611 2043 1654 2066 ne
1683 2029 1720 2066 id
1739 2030 1884 2082 indigne
1900 2032 2066 2070 feramus.
2089 2034 2184 2071 Nam

1150 2090 1173 2120 C
1194 2087 1255 2139 qui
1278 2087 1495 2139 indignatur,
1515 2089 1605 2126 nihil
1624 2090 1790 2141 perficere
1810 2091 1911 2142 solet,
1944 2093 2005 2130 sed
2031 2094 2144 2145 magis
2162 2108 2182 2132 a

1194 2149 1267 2187 fide
1285 2149 1447 2188 habenda
1472 2150 1609 2189 avertit.
1633 2150 1717 2190 Ideo
1736 2162 1872 2204 oportet
1888 2154 1933 2191 ab
1957 2154 2009 2192 ira
2030 2155 2182 2193 abstine-

1195 2224 1252 2248 re:
1273 2209 1366 2248 illud.
1386 2224 1470 2249 vero
1484 2210 1581 2262 quod
1595 2211 1750 2249 dicimus
1770 2212 1841 2250 fide
1856 2212 2008 2264 dignum
2025 2216 2183 2265 reddere,

1193 2270 1417 2321 abstinendo,
1439 2285 1508 2309 non
1526 2271 1572 2308 ab
1591 2271 1643 2309 ira
1665 2272 1786 2323 modo,
1805 2273 1867 2311 sed
1887 2274 1993 2311 etiam
2014 2289 2033 2311 a
2051 2276 2183 2314 elamo-

1194 2346 1240 2369 re.
1258 2332 1409 2370 Materia
1435 2332 1527 2370 enim
1550 2332 1610 2370 irae
1641 2333 1785 2371 clamor.
1810 2334 2051 2386 Impediamus
2072 2336 2183 2387 igitur

1192 2406 1347 2444 equum,
1370 2403 1409 2431 ut
1430 2393 1638 2445 dejiciamus
1658 2394 1810 2444 equitem
1827 2410 1838 2443 3
1869 2395 1928 2431 irae
1959 2409 2091 2446 pennas
2116 2411 2181 2434 eze-

1192 2452 1332 2501 damus,
1349 2467 1391 2490 ne
1412 2453 1548 2490 malum
1566 2462 1750 2490 accrescat.
1769 2457 1903 2491 Acutus
1922 2455 2016 2492 enim
2036 2457 2181 2496 morbus

1191 2522 1243 2551 est
1259 2514 1335 2561 ira,
1366 2514 1428 2563 qui
1446 2513 1557 2564 possit
1575 2513 1711 2550 animas
1736 2523 1871 2552 nostras
1902 2514 2074 2568 decipere.
2098 2519 2182 2557 Ideo

1193 2572 1246 2610 illi
1272 2572 1390 2610 aditus
1409 2572 1566 2623 undique
1594 2573 1883 2613 intercludendus
1901 2585 1966 2613 est.
1999 2578 2091 2616 Nam
2117 2580 2180 2617 ab-

1192 2632 1341 2671 surdum
1360 2642 1448 2671 esset
1471 2633 1561 2671 feras
1586 2635 1844 2673 mansuefacere
1874 2651 1977 2689 posse
1993 2668 2003 2682 ,
2027 2649 2182 2678 mentem

1192 2707 1275 2731 vero
1297 2702 1451 2730 nostram
1471 2693 1650 2731 efferatam
1669 2693 1858 2746 despicere.
1881 2698 1979 2748 Ignis
1994 2699 2183 2739 vehemens

1192 2753 1334 2803 estira,
1364 2753 1426 2803 qui
1445 2753 1564 2791 omnia
1582 2753 1760 2792 absumit:
1780 2770 1863 2794 nam
1891 2766 1924 2795 et
1950 2773 2078 2812 corpus
2105 2776 2182 2800 cor-

1149 2818 1172 2848 υ
1194 2814 1328 2866 rumpit
1347 2823 1380 2851 et
1404 2814 1561 2852 animam
1593 2815 1792 2865 labefactat,
1819 2826 1925 2869 atque
1946 2820 2183 2872 injucundum

1193 2874 1343 2924 visuque
1361 2883 1501 2926 turpem
1527 2875 1710 2913 hominem
1729 2876 1858 2915 reddit.
1890 2880 1991 2918 Certe
2017 2881 2046 2919 si
2071 2882 2182 2920 iratus

1193 2934 1348 2986 seipsum
1364 2934 1491 2973 intueri
1507 2944 1636 2988 posset,
1653 2949 1722 2973 non
1741 2936 1851 2974 altera
1870 2937 2044 2991 indigeret
2058 2942 2184 2980 admo—

1193 2995 1336 3034 nitione.
1357 2995 1458 3033 Nihil
1479 2996 1573 3033 enim
1595 2996 1777 3036 insuavius
1803 2998 1891 3037 irato
1911 3001 2027 3039 vultu.
2054 3002 2180 3040 Ebrie—

1194 3065 1246 3094 tas
1275 3055 1442 3106 quaedam
1470 3056 1522 3094 ira
1542 3066 1615 3106 est,
1643 3058 1714 3096 imo
1746 3058 1912 3098 ebrietate
1938 3061 2117 3112 deterior,
2148 3072 2181 3100 et

1193 3117 1352 3155 daemone
1380 3117 1628 3155 miserabilior.
1662 3121 1800 3158 Verum
1828 3120 1856 3157 si
1880 3134 2043 3159 curemus
2075 3137 2117 3160 ne
2143 3123 2178 3160 iu

1194 3178 1383 3217 clamorem
1396 3184 1636 3231 erumpamuS,
1652 3180 1821 3232 optimam
1835 3181 2068 3234 philosophiae
2082 3183 2179 3222 viam

1215 3278 1230 3301 b
1250 3275 1390 3309 Saxilius
1403 3283 1436 3308 et.
1456 3276 1614 3309 Morellus
1637 3279 1844 3320 suspicantur
1860 3282 1960 3313 ἀνύσαι
1983 3295 2022 3313 τε.
2044 3280 2088 3314 Et
2105 3292 2180 3313 vere.

1169 3330 1216 3361 sic
1233 3328 1347 3361 melius
1364 3326 1543 3371 quadraret
1561 3331 1670 3363 series.
1685 3329 1751 3363 Sed
1766 3329 1837 3364 sine
1854 3329 2017 3363 Codicum
2033 3333 2179 3364 auctori-

1171 3388 1238 3413 tate
1262 3379 1343 3413 ni'uil
1364 3388 1546 3412 mutamus.

1910 3479 1973 3514 15.
