2481 3678
704 212 745 239 ιλ·
784 207 996 239 mmmm
1033 205 1187 235 nomn„
1228 204 1321 233 xtv.
1356 189 1415 232 al.

1456 204 1554 233 Xlss.
2099 205 2151 251 ()l

88 298 104 315 *
118 297 267 349 συνείρει
296 295 359 342 τὴν
389 296 490 333 αὐτοῦ
524 291 717 344 μαρτυρίαν
753 294 796 343 τῇ
816 295 876 329 τοῦ
900 291 1105 341 βαπτιστοῦ.
1123 284 1155 350 ἿΧ
1174 284 1244 332 ris,
1264 283 1327 321 scd
1341 282 1511 335 discipuli
1527 283 1666 322 dictum
1682 292 1747 321 est.
1775 284 1851 321 Hoc
1871 293 1989 322 autem
2011 285 2088 322 vult
2115 285 2161 322 si-

85 358 137 396 Τὸ
176 357 242 409 γὰρ
279 359 318 395 ἐκ
345 359 403 393 τοῦ
435 353 672 407 πληρώματος
709 355 812 391 αὐτοῦ
844 356 945 402 ἡμεῖς
980 349 1107 390 πάντες

85 418 267 469 ἐλάθομεν,
298 419 335 454 οὐ
358 419 417 453 τοῦ
441 413 639 467 προδρόμου
672 414 745 452 ἐστὶ
781 415 900 466 ῥῆμα,
926 409 1015 449 ἀλλὰ
1048 411 1108 446 τοῦ

87 483 254 530 μαθητοῦ.
277 478 326 516 Ὃ
348 475 383 514 δὲ
402 475 508 526 λέγει,
528 474 680 513 τοιοῦτόν
711 477 785 513 ἐστι
799 489 806 496 ·
843 472 892 524 μὴ
923 469 1109 522 νομίσητε,

85 541 201 593 φησὶν,
217 539 270 578 ὅτι
288 541 390 588 ἡμεῖς
408 539 439 575 οἱ
468 534 711 588 συγγενόμενοι
728 533 835 572 πολὺν
853 535 945 584 αὐτῷ
973 529 1110 582 χρόνον,

84 601 144 639 καὶ
171 601 275 646 ἁλῶν,
290 597 350 636 καὶ
368 597 542 648 τραπέζης
559 594 830 641 κοινωνήσαντες
842 624 851 641 ,
870 593 992 645 χάριτι
1021 607 1111 642 μαρ-

83 665 263 714 τυροῦμεν.
282 659 352 697 Καὶ
372 657 439 711 γὰρ
458 658 518 695 καὶ
542 657 727 704 Ἰωάννης,
744 659 762 694 ὃ
783 653 871 706 μηδὲ
892 652 989 696 εἰδὼς
1009 652 1109 690 αὐτὸν

85 722 152 776 πρὸ
187 720 332 768 τούτου,
358 723 375 757 ὃ
409 718 496 770 μηδὲ
526 718 792 770 συγγενόμενος,
831 715 922 754 ἀλλὰ
949 717 1116 753 τοσοῦτον,

87 784 189 835 μόνον
209 782 267 822 ὅτε
294 781 478 828 ἐῧάπτιζε,
501 780 590 831 μετὰ
611 783 679 818 τῶν
702 779 817 818 ἄλλων
851 777 952 816 αὐτὸν
983 776 1110 814 θεασά-

85 861 186 896 μενος
197 875 206 892 ,
226 843 309 883 ἐὸόα
322 858 329 866 ·
347 841 493 894 Πρῶτός
513 858 578 892 μου
592 835 646 887 ἦν,
663 845 678 861 ²¹
689 843 817 878 ἐκεῖθεν
841 839 957 877 πάντα
973 836 1109 875 λαῧών·

84 906 144 944 καὶ
161 909 261 956 ἡμεῖς
279 903 315 942 δὲ
339 903 467 946 πάντες
483 906 514 941 οἱ
533 901 684 950 δώδεκα,
702 904 733 939 οἱ
754 900 965 954 τριακόσιοι,
985 902 1015 936 οἱ
1030 914 1112 936 πεν»

83 967 253 1015 τακόσιοι,
274 969 305 1004 οἱ
326 964 525 1018 τρισχίλιοι,
544 967 575 1002 οἱ
594 963 884 1016 πεντακισχίλιοι,
915 964 951 999 αἱ
986 958 1113 998 πολλαὶ

83 1032 153 1068 τῶν
167 1027 345 1067 Ἰουδαίων
370 1026 552 1079 μυριάδες,
573 1025 664 1064 ἅπαν
690 1025 730 1063 τὸ
748 1024 928 1076 πλήρωμα
955 1024 1023 1059 τῶν
1052 1037 1112 1059 πι-

84 1093 187 1138 στῶν,
201 1089 261 1128 καὶ
275 1092 343 1127 τῶν
362 1087 452 1133 τότε,
465 1087 525 1126 καὶ
540 1090 609 1125 τῶν
622 1090 694 1133 ν’ῦν,
713 1086 773 1124 καὶ
787 1088 856 1124 τῶν
873 1078 970 1127 αὖθις
986 1082 1113 1133 ἐσομέ-

88 1168 168 1198 νων,
184 1153 223 1189 ε’κ
235 1154 294 1189 τοῦ
311 1148 546 1203 πληρώματος
569 1150 671 1186 αὐτοῦ
687 1147 868 1197 ἐλάέομεν.
889 1144 936 1183 Τί
963 1143 998 1181 δὲ
1024 1143 1111 1181 ἐλά-

89 1212 215 1263 θομεν,
228 1211 340 1264 Χάριν
357 1210 434 1247 ἀντὶ
452 1209 595 1261 χάριτος
606 1239 615 1256 ,
630 1208 746 1260 φησίν.
766 1207 857 1244 'Axe-ti
870 1206 971 1249 ποίας
988 1204 1110 1251 ποίαν5

85 1273 176 1312 Ἀντὶ
194 1276 256 1320 τῆς
271 1274 424 1314 παλαιᾶς
450 1270 514 1317 τὴν
532 1267 820 1321 καινήν.”Ωσπερ
838 1267 906 1320 γὰρ
920 1261 962 1314 ἦν
984 1267 1112 1304 δικαιο-

87 1334 191 1383 σύνη,
213 1333 273 1372 καὶ
291 1331 512 1378 δικαιοσύνη·
534 1330 635 1369 Κατὰ
657 1329 875 1376 δικαιοσύνην
901 1328 990 1381 γὰρ,
1008 1326 1111 1380 φησὶ,

85 1395 148 1442 τὴν
166 1398 199 1434 ἐν
216 1394 313 1447 νόμῳ
326 1392 507 1445 γενόμενος
528 1392 711 1443 ἄμεμπτος
723 1409 730 1414 ·
746 1391 805 1430 καὶ
826 1390 960 1438 πίστις,
975 1390 1035 1427 καὶ
1053 1388 1112 1426 πί-

85 1472 158 1499 στις
173 1471 181 1478 ·
199 1456 265 1493 Ἐκ
282 1454 432 1497 πίστεως
449 1452 517 1505 γὰρ
536 1456 583 1496 εἷς
612 1451 730 1490 πίστιν
743 1467 750 1474 ·
779 1451 839 1490 καὶ
858 1450 1030 1498 υἱοθεσία,
1051 1449 1110 1487 καὶ

84 1515 235 1555 υἱοθεσία
248 1531 255 1538 ·
275 1509 342 1552 ἵΩν
361 1518 382 1561 ἡ
400 1513 572 1561 υἱοθεσία,
601 1513 704 1566 φησί·
730 1513 790 1552 καὶ
811 1512 909 1560 δόξα,
927 1512 987 1550 καὶ
1010 1510 1089 1554 δόξα
1101 1526 1108 1533 ·

83 1579 129 1616 Εἰ
143 1576 209 1630 γὰρ
227 1576 267 1615 τὸ
281 1575 560 1627 καταργούμενον
580 1574 638 1613 διὰ
653 1574 770 1622 δόξης,
787 1576 906 1626 πολλῷ
921 1575 1052 1624 μᾶλλον
1072 1572 1110 1610 τὸ

85 1638 185 1690 μένον
203 1640 236 1676 ἐν
257 1636 335 1689 δόξῃ
351 1651 359 1659 ·
380 1636 439 1674 καὶ
457 1635 560 1686 νόμος
572 1666 582 1684 ,
601 1634 662 1673 καὶ
685 1635 804 1687 νόμος·
821 1634 866 1674 ‘O
890 1634 994 1685 νόμος
1023 1633 1110 1686 γὰρ,

84 1698 263 1752 φησὶ,το’ῠ
278 1697 483 1749 Πνεύματος
506 1700 568 1743 τῆς
597 1699 687 1744 ζωῆς
717 1696 934 1750 ἠλευθέρωσε
956 1711 1016 1746 με·
1050 1694 1110 1732 καὶ

82 1760 249 1815 λατρεία,
288 1760 347 1798 καὶ
374 1758 536 1811 λατρεία·
567 1752 633 1797 ῗΩν
660 1762 682 1806 ἡ
701 1759 864 1812 λατρεία,
905 1756 1010 1810 φησί·
1050 1756 1110 1794 καὶ

82 1823 201 1871 πάλιν,
237 1821 443 1873 ι’Πνεύματι
477 1823 559 1874 Θεῷ
585 1820 826 1875 λατρεύοντες·
854 1820 915 1858 καὶ
948 1819 1110 1867 διαθήκη,

82 1884 140 1922 καὶ
157 1883 316 1930 διαθήκη·
327 1881 548 1933 Διαθήσομαι
563 1881 630 1934 γὰρ
643 1885 724 1933 ὑμῖν
739 1882 907 1929 διαθήκην
924 1880 1060 1928 καινὴν,
1072 1881 1109 1918 οὗ

83 1944 175 1984 κατὰ
194 1944 258 1991 τὴν
282 1943 449 1991 διαθήκην
464 1944 506 1990 ἣν
531 1943 692 1994 διεθέμην
715 1950 785 1987 τοῖς
800 1943 974 1996 πατράσιν
994 1945 1108 1992 ὑμῶν·

83 2005 141 2044 καὶ
159 2005 352 2058 ἁγιασμὸς,
371 2005 431 2043 καὶ
451 2004 623 2056 ἆγιασμός
636 2020 643 2028 ·
664 2005 723 2043 καὶ
745 2005 951 2056 βάπτισμα,
971 2004 1030 2042 καὶ
1048 2003 1111 2055 βά-

83 2082 239 2117 πτισμα·
267 2066 326 2104 καὶ
346 2065 464 2114 θυσία,
494 2066 554 2104 καὶ
574 2066 697 2115 θυσία,
713 2067 773 2105 καὶ
801 2066 880 2110 ναὸς
894 2097 904 2115 ,
921 2066 980 2104 καὶ
1006 2067 1108 2114 ναὸς,

82 2127 143 2165 καὶ
173 2126 366 2180 περιτομὴ,
382 2127 442 2165 καὶ
474 2127 670 2180 περιτομή·
693 2127 783 2166 οὕτω
816 2128 876 2166 καὶ
908 2128 1029 2180 χάρις,
1049 2127 1109 2166 καὶ

81 2187 195 2240 χάρις.
212 2188 302 2226 Ἀλλ’
325 2190 440 2226 ἐκεῖνα
455 2187 517 2239 μὲν
541 2190 588 2232 ὡς
606 2187 729 2237 τύποι,
745 2193 856 2227 ταῦτα
881 2188 916 2227 δὲ
941 2191 988 2232 ὡς
1016 2189 1107 2235 ἀλή-

82 2251 174 2296 θεια,
193 2249 395 2300 ὁμωνυμίαν
413 2249 510 2296 τινὰ,
533 2250 608 2287 ἀλλ’
626 2249 704 2301 οὐχὶ
730 2249 948 2301 συνωνυμίαν
970 2250 1107 2302 φυλάτ-

80 2325 198 2348 τοντα·
220 2310 295 2348 ἐπεὶ
323 2310 382 2348 καὶ
411 2312 444 2348 ἐν
474 2316 546 2353 τοῖς
576 2309 695 2354 τύποις
727 2311 786 2349 καὶ
815 2313 848 2349 ἐν
877 2317 953 2355 ταῖς
981 2311 1108 2358 εἰκόσι,

79 2371 139 2408 καὶ
160 2375 200 2410 ⁰6
222 2371 280 2410 ἐπὶ
311 2373 379 2409 τῶν
401 2371 602 2423 χρωμάτων
632 2375 700 2409 τῶν
725 2374 857 2410 λευκῶν
880 2371 938 2410 διὰ
964 2377 1024 2410 τοῦ
1047 2371 1108 2423 με’-

79 2434 179 2477 λανος
194 2433 382 2485 χρώματος
408 2432 725 2484 ἐγχαραττόμενος,
748 2434 928 2486 ἅνθρωπος
947 2434 1106 2486 λέγεται,

79 2494 136 2530 καὶ
167 2497 185 2531 ὃ
207 2494 388 2545 δεξάμενος
420 2494 483 2540 τὴν
509 2497 577 2532 τῶν
606 2495 806 2546 χρωμάτων
839 2496 1020 2542 ἀλήθειαν·
1047 2496 1107 2533 καὶ

78 2553 136 2591 ἐπὶ
165 2557 235 2592 τῶν
267 2555 493 2605 ἀνδριάντων,
524 2554 545 2591 δ’
568 2570 605 2592 τε
638 2560 808 2607 χρυσοῦς,
829 2557 850 2594 ὅ
875 2573 912 2594 τε
942 2556 1106 2604 πήλινος,

82 2615 223 2667 ἀνδριὰς
256 2615 554 2668 προσηγόρευται·
586 2617 675 2655 ἀλλὰ
692 2617 732 2654 τὸ
766 2616 828 2668 μὲν
854 2621 901 2661 ὡς
925 2617 1047 2666 τύπος,
1068 2618 1107 2656 τὸ

78 2675 113 2712 δὲ
129 2678 176 2720 ὡς
197 2676 354 2723 ἀλήθεια.

129 2737 191 2784 Μὴ
208 2737 320 2775 τοίνυν
339 2739 386 2781 ὡς
419 2737 488 2776 ἀπὸ
509 2741 572 2785 τῆς
605 2740 674 2776 τῶν
703 2739 882 2789 ὀνομάτων
905 2738 1104 2787 κοινωνίας,

75 2798 273 2845 ταυτότητα
308 2799 528 2851 πραγμάτων
561 2799 706 2852 νομίσῃς
714 2830 724 2848 ,
758 2801 848 2839 ἀλλὰ
879 2801 967 2852 μηδὲ
1005 2803 1105 2840 ἀλλο·-

74 2858 230 2911 τρίωσιν.
260 2861 306 2898 Εἰ
335 2859 398 2911 μὲν
427 2860 495 2912 γὰρ
528 2861 635 2903 τύπος
668 2856 729 2908 ἦν,
762 2863 824 2900 οὐκ
853 2856 895 2909 ἦν
938 2861 1104 2916 ἀλλότρια

72 2922 134 2965 τῆς
167 2919 355 2967 ἀληθείας·
377 2923 406 2959 εἷ
436 2921 471 2960 δὲ
504 2921 605 2960 σκιὰν
640 2922 842 2974 ἐφύλαττεν,
871 2924 1005 2962 ἐλάττω
1041 2928 1104 2971 τῆς

74 2981 236 3029 ἀληθείας
273 2977 327 3029 ἦν.
359 2983 407 3021 Τί
433 2976 490 3022 οὖν
531 2984 571 3022 τὸ
603 2984 708 3034 μέσον
745 2985 875 3024 τούτων
916 2985 1100 3033 ἁπάντων,

72 3043 241 3082 Βούλεσθε
260 3044 494 3096 ἐπεξέλθωμεν
520 3045 555 3084 ἓν
578 3045 600 3091 ἢ
628 3046 686 3085 δύο
708 3050 777 3085 τῶν
798 3047 990 3099 εἰρημένων
1012 3065 1097 3101 προ-

116 3191 131 3206 *
157 3195 288 3236 συνείρει.
307 3191 346 3222 In
362 3189 471 3222 Editis
488 3197 626 3238 συναίρει.
645 3192 710 3225 Sed
727 3195 911 3235 suspicatus
928 3202 976 3226 est
992 3194 1084 3227 Savi-

71 3242 132 3275 lius
150 3241 326 3286 legendum
343 3254 411 3275 esse
437 3250 576 3288 συνείρει,
595 3252 694 3288 atque
721 3247 765 3277 ita
795 3245 912 3289 {egitur
938 3246 972 3278 in
998 3247 1086 3278 anti-

71 3295 229 3337 quissimo
244 3294 369 3328 Codice
386 3297 625 3338 manuscripto.

116 3358 128 3371 ε·
151 3348 205 3379 Sic
221 3346 322 3382 Savil.
341 3355 374 3381 et.
387 3347 501 3383 MoreL
520 3359 598 3381 vero
617 3355 722 3384 ἐκεῖθεν
737 3355 784 3384 καὶ
799 3351 883 3389 οὗτος
899 3356 1016 3390 πάντως
1033 3356 1087 3386 λα-

77 3401 143 3431 ξων.

1175 344 1345 396 gnificare
1366 360 1374 380 z
1390 346 1442 382 Nc
1456 344 1606 397 putetis,
1627 359 1690 382 nos
1710 344 1769 395 qui
1787 345 1900 382 multo
1914 353 2070 396 tempore
2084 359 2162 381 curn

1176 405 1238 443 illo
1266 405 1397 443 versati
1424 420 1571 455 sumus,
1597 415 1629 443 et
1651 405 1811 457 ejusdem
1837 419 1964 443 mensae
1991 415 2166 442 consortes

1176 466 1332 515 fuimus,
1352 479 1397 504 ex
1416 467 1529 517 gratia
1545 466 1662 518 aliqua
1683 466 1924 504 testimonium
1950 466 2051 503 ferre.
2075 467 2166 502 *Nam

1175 529 1350 577 Joannes,
1372 528 1435 578 qui
1462 527 1564 565 illum
1592 536 1692 565 antea
1724 541 1792 565 non
1811 526 1970 574 viderat,
2003 540 2064 564 nec
2084 540 2166 563 cum

1174 588 1237 626 illo
1256 593 1416 627 versatus
1443 590 1576 637 fuerat,
1606 589 1667 627 sed
1687 603 1769 627 cum
1788 588 1981 640 baptizaret
2007 596 2163 634 tantum,

1176 651 1253 703 ipso
1267 665 1350 689 cum
1363 652 1499 690 caeteris
1517 661 1703 704 conspecto
1714 682 1726 701 7
1744 649 1826 688 inde
1840 650 1958 688 omnia
1972 648 2149 701 accipiens
2156 675 2178 696 ,-

1176 713 1407 762 exclamavit,
1435 715 1553 751 Prior
1575 728 1635 751 me
1659 722 1756 751 erat.
1778 714 1850 751 Nos
1869 721 1988 750 autem
2019 724 2140 749 omnes
2152 739 2164 760 ,

2232 705 2274 733 Dc·
2307 709 2351 744 pls·
2364 725 2369 729 .

2235 749 2370 776 nitucline

1175 772 1389 824 duodecim,
1407 775 1576 824 trecenti,
1596 773 1802 826 quingenti,
1827 782 1881 811 ter
1910 772 2032 823 mille,
2063 773 2168 823 quin·
2183 789 2371 825 cin-{summi

1177 835 1275 886 quies
1304 836 1425 886 mille,
1447 837 1570 874 multa}
1590 835 1798 875 Judaeorum
1820 834 2000 887 myriades
2018 864 2028 883 7
2054 834 2169 872 omnis
2183 833 2350 868 ³⁰031‘³m¹¹⁵·

1178 897 1362 948 plenitudo
1381 896 1545 935 fidelium
1557 927 1568 946 7
1587 897 1649 948 qui
1670 906 1754 934 tunc
1767 896 1865 934 fuere
1872 925 1884 946 7
1902 895 1962 945 qui
1979 909 2090 943 nunc,
2107 895 2169 946 qui

1178 959 1291 997 futuri
1309 968 1390 997 sunt
1402 989 1413 1009 7
1433 958 1477 997 de
1503 958 1724 1011 plenitudine
1744 958 1819 1010 ejus
1836 957 2050 1009 accepimus.
2070 956 2170 1003 Quid

1134 1035 1157 1064 Β
1178 1030 1295 1059 autem
1309 1021 1538 1073 accepimus?
1559 1020 1722 1059 Gratiam
1740 1034 1806 1072 pro
1823 1019 1949 1071 gratia.
1970 1018 2089 1065 Quam
2104 1031 2170 1070 pro

1178 1083 1273 1134 qua?
1288 1084 1358 1121 Pro
1376 1083 1486 1122 veteri
1507 1097 1651 1122 novam.
1671 1082 1772 1121 Sicut
1787 1082 1880 1119 enim
1900 1090 1973 1119 erat
1982 1080 2122 1133 justitia
2137 1088 2171 1117 et

1173 1145 1313 1196 justitia
1325 1175 1336 1195 7
1367 1145 1587 1184 Secundum
1603 1146 1820 1197 justitiam,
1843 1143 1982 1194 inquit7
2016 1156 2101 1193 quoe
2128 1143 2169 1178 in
2185 1153 2321 1193 Philipp.
2338 1154 2370 1183 3.

1178 1207 1260 1258 lege
1279 1207 1505 1259 est7factus
1532 1205 1874 1257 irreprehensibilis
1888 1220 1899 1253 5
1928 1204 2013 1241 item
2029 1202 2116 1240 fides
2135 1211 2169 1240 et
2182 1196 2201 1224 6

1177 1267 1266 1305 fides
1278 1276 1329 1305 est
1345 1283 1352 1303 :
1370 1267 1522 1319 Exfide
1531 1269 1573 1303 in
1585 1267 1698 1310 fidem
1705 1281 1717 1316 5
1727 1265 1871 1318 adoptio
1886 1278 2026 1315 quoque
2037 1273 2069 1301 et
2080 1263 2166 1301 ›ado-
2181 1269 2270 1297 Rom.
2288 1277 2369 1305 ¹·17-

1177 1327 1274 1379 ptio:
1295 1329 1465 1378 Quorum
1482 1328 1658 1379 adoptio,
1675 1326 1789 1378 inquit
1796 1342 1806 1376 5
1823 1326 1936 1377 gloria
1950 1339 2090 1376 quoque
2101 1324 2168 1362 du·
2182 1335 2262 1364 Jlu’d.
2289 1345 2320 1375 9.
2337 1333 2369 1374 4.

1180 1389 1263 1441 plex
1279 1406 1286 1426 :
1301 1390 1340 1428 Si
1357 1392 1458 1427 enim
1477 1389 1582 1441 quod
1599 1397 1812 1427 evacuatur
1827 1401 1896 1439 per
1908 1388 2075 1436 gloriam
2089 1396 2143 1425 est
2156 1417 2167 1436 7
2182 1399 2211 1419 2-
2226 1390 2298 1418 Cor·
2316 1391 2348 1419 3.

1180 1451 1300 1489 mullo
1317 1452 1439 1503 magis
1463 1450 1570 1502 quod
1591 1457 1720 1487 manet
1737 1450 1778 1486 in
1800 1449 1943 1500 gloria;
1963 1456 1996 1485 et
2020 1448 2082 1486 lex
2101 1447 2169 1485 du·
2186 1441 2196 1460 ¹

1176 1510 1278 1562 plex:
1294 1524 1377 1548 nam
1392 1509 1454 1559 ait,
1470 1511 1550 1547 Lex
1565 1513 1721 1561 spiritus
1740 1511 1824 1546 vitoe
1843 1508 2020 1546 liberavit
2039 1523 2098 1546 me
2109 1524 2120 1558 ;
2135 1517 2168 1546 et
2183 1511 2271 1540 Rom.
2293 1511 2320 1542 8.
2337 1521 2368 1540 2.

1183 1570 1300 1608 cultus
1314 1571 1453 1623 duplex
1469 1600 1479 1619 ,
1507 1573 1680 1624 Quorum
1700 1572 1882 1618 servitus,
1903 1582 1963 1606 seu
1979 1568 2118 1619 cultus;
2135 1578 2169 1606 et

1177 1645 1320 1669 rursum
1332 1661 1344 1682 7
1362 1633 1506 1684 Spiritu
1524 1632 1608 1669 Deo
1624 1631 1853 1680 serviente53
1875 1628 2012 1681 duplex
2028 1643 2169 1680 quoquc
2183 1631 2367 1670 Philip.3.3.

1176 1703 1426 1732 testamentum
1462 1710 1470 1730 :

1132 1766 1156 1796 C
1180 1771 1333 1806 novum,
1352 1770 1429 1794 non
1445 1756 1654 1794 secundum
1677 1762 1946 1792 testamentum
1962 1753 2068 1805 quod
2086 1754 2167 1790 dis-

1177 1820 1290 1869 posui
1312 1831 1399 1855 cum
1412 1818 1586 1870 patribus
1604 1817 1736 1854 vestris
1747 1829 1759 1865 5
1783 1813 1919 1865 duplex
1937 1827 2075 1865 quoque
2092 1827 2168 1851 san-

1179 1879 1348 1918 ctificatio
1361 1910 1374 1931 7
1395 1879 1532 1932 duplex
1546 1877 1746 1930 baptisma,
1771 1875 1908 1928 duplex
1927 1874 2142 1913 sacrificium
2155 1905 2165 1923 7

1178 1940 1315 1994 duplex
1331 1942 1506 1994 templum
1519 1971 1531 1992 7
1552 1939 1690 1992 duplex
1709 1937 1932 1976 circumcisio
1947 1953 1959 1987 5
1983 1937 2033 1974 sic
2055 1946 2088 1974 et
2104 1937 2166 1974 du-

1178 2003 1262 2055 plex
1283 2003 1408 2055 gratia.
1431 2002 1502 2042 Sed
1516 2003 1578 2040 illa
1595 2000 1742 2053 quidem
1756 2013 1817 2037 ceu
1840 1999 1956 2050 figura
1971 2007 2054 2036 sunt
2064 2013 2076 2047 5
2093 1997 2169 2035 haec

1177 2074 1216 2103 ut
1233 2067 1382 2104 veritas:
1399 2079 1476 2116 quae
1495 2065 1715 2116 homonyma
1735 2061 1896 2112 quidem,
1909 2060 1972 2099 sed
1992 2073 2062 2097 non
2083 2073 2166 2111 syn-

1176 2140 1307 2179 onyma
1330 2136 1423 2164 sunt.
1439 2127 1537 2164 Nam
1558 2125 1596 2162 in
1615 2123 1713 2177 typis
1731 2131 1764 2160 et
1784 2121 2004 2173 imaginibus
2027 2119 2091 2171 qui
2111 2133 2167 2156 co-

1175 2188 1249 2226 lore
1264 2187 1347 2225 albo
1367 2196 1401 2225 et
1419 2187 1521 2238 nigro
1545 2185 1706 2239 pingitur
1718 2215 1730 2235 7
1744 2184 1852 2222 homo
1869 2190 2016 2220 vocatur
2028 2211 2039 2231 7
2068 2189 2107 2217 ut
2136 2189 2169 2217 et

1175 2264 1282 2289 verus
1307 2249 1415 2287 homo
1443 2248 1565 2287 nativo
1590 2247 1706 2284 colore
1732 2246 1922 2283 instructus
1944 2259 1952 2279 :
1974 2243 2009 2280 in
2043 2241 2169 2280 statuis

1178 2324 1317 2362 quoque
1328 2324 1433 2348 aurea
1447 2308 1593 2361 perinde
1602 2317 1709 2359 atque
1725 2306 1848 2358 figlina
1855 2335 1865 2354 7
1883 2312 1997 2342 statua
2008 2302 2141 2340 dicitur
2152 2316 2164 2351 7·

1177 2372 1237 2411 sed
1256 2371 1318 2410 illa
1337 2381 1448 2424 typus
1468 2379 1549 2409 sunt
1556 2400 1569 2421 7
1592 2370 1666 2407 haec
1688 2368 1833 2407 veritas.

1228 2742 1266 2777 Ξ.
1298 2739 1350 2777 Ne
1376 2737 1488 2788 igitur
1511 2749 1557 2773 cx
1575 2733 1761 2772 nominum
1788 2730 1978 2780 consorti07
2006 2742 2061 2766 res
2090 2742 2165 2766 eas-

1173 2801 1256 2839 dem
1263 2829 1274 2850 7
1305 2797 1368 2837 sed
1387 2811 1501 2849 neque
1523 2796 1683 2834 diversas
1707 2807 1781 2832 esse
1804 2801 1919 2845 putes.
1942 2792 2036 2829 Nam
2055 2789 2082 2826 si
2108 2798 2165 2841 ty-

1173 2877 1241 2915 pus
1263 2869 1351 2910 erat,
1374 2873 1443 2897 non
1466 2866 1540 2896 erat
1561 2856 1698 2895 alienus
1719 2869 1738 2892 a
1758 2853 1908 2892 veritate
1916 2868 1927 2902 5
1951 2851 1981 2889 si
2000 2850 2166 2888 umbram

1172 2923 1350 2972 servabat,
1372 2922 1488 2959 minor
1514 2928 1588 2958 erat
1615 2917 1777 2956 veritate.
1801 2914 1900 2961 Quid
1929 2926 2011 2964 ergo
2037 2911 2165 2949 discri—

1172 2984 1278 3023 minis
1293 2992 1344 3022 est
1362 2982 1454 3021 inter
1471 2982 1549 3020 haec
1573 2979 1718 3019 omnia?
1742 2976 1863 3017 Vultis
1883 2989 1995 3012 unum
2013 2981 2073 3011 aut
2091 2971 2164 3008 duo

1172 3062 1216 3085 ex
1240 3046 1346 3085 dictis
1376 3041 1594 3083 tractemus?
1615 3039 1675 3079 Sic
1699 3047 1823 3076 caetera
1847 3036 1951 3074 vohis
1980 3034 2163 3072 manifesta

1195 3196 1212 3220 b
1235 3193 1298 3226 Alii
1314 3196 1460 3236 πνεύματι
1477 3196 1563 3224 Θεοῦ.

1194 3252 1206 3266 ²
1229 3244 1343 3278 Morel.
1363 3249 1378 3279 ὁ
1403 3248 1451 3279 ἐπὶ
1477 3250 1535 3277 τῶν
1550 3245 1723 3286 χρωμάτων
1740 3247 1798 3271 τῶν
1820 3241 1939 3270 λευκῶν.
1959 3233 2062 3267 Saxil.
2082 3239 2097 3268 ὁ
2120 3237 2166 3268 ῧςὰ

1152 3307 1210 3333 τῶν
1222 3303 1414 3345 γραμμάτων
1425 3304 1482 3330 τῶν
1499 3299 1607 3328 λευκῶν
1624 3297 1670 3326 ἐπὶ
1688 3295 1739 3325 τοῦ
1755 3297 1841 3333 μ..,ει
1855 3287 1902 3320 sic
1919 3288 1995 3322 Mss.
2012 3286 2162 3329 plurimi5

1153 3363 1236 3383 unus
1253 3358 1364 3383 tamen
1389 3347 1491 3380 habet
1507 3349 1697 3390 πραγμάτων
1713 3350 1771 3376 τῶν
1787 3344 1905 3374 λευκῶν.

1512 1695 1728 1745 Disponam
1771 1694 1874 1730 vobis
1902 1699 2166 1729 testamentum
2184 1695 2366 1726 Jer.31.31.
