2481 3678
682 227 721 254 tx
763 226 974 255 JOANNEM
1011 225 1166 254 llOMlL.
1207 224 1301 253 XXI.

63 313 160 358 ὑμὶν·
193 307 323 359 απαρτι
344 307 465 357 ὄψεσθε
480 307 535 343 τὸν
554 306 693 357 οὐρανὸν
712 307 908 358 ἀνεῳγότα,
932 306 990 344 καὶ
1008 304 1085 348 τοὺς

62 369 226 420 ἀγγέλους
259 372 317 406 τοῦ
333 369 424 405 Θεοῦ
445 365 694 410 ἀναὲαίνοντας
725 368 784 405 καὶ
812 367 1087 409 καταὸαίνοντας

61 430 118 468 ἐπὶ
133 430 189 467 τὸν
212 429 291 467 Υἱὸν
313 432 372 466 τοῦ
387 426 581 480 ἀνθρώπου.
603 427 711 480 (Ορᾷς
727 432 800 472 πῶς
818 429 917 466 αὐτὸν
939 427 1008 465 ἀπὸ
1026 430 1088 472 τῆς

61 493 123 541 γῆς
140 489 260 541 ἀνάγει
274 488 364 527 κατὰ
381 488 516 541 μικρὸν,
532 488 592 526 καὶ
608 495 699 527 ποιεῖ
715 488 841 539 μηκέτι
856 488 1088 540 φαντάζεσθαι

62 550 241 603 ἄνθρωπον
274 550 416 596 ἁπλως;
440 542 490 586 ΝΩ
521 548 588 602 γὰρ
612 549 751 624 ἄγγελοι
775 550 993 593 διακονοῦσι,
1029 562 1088 584 και

62 613 112 662 ἐφ
138 610 174 648 ὃν
196 609 335 662 ἄγγελοι
355 609 579 648 ἀναῧαίνουσι
598 611 658 648 καὶ
672 607 942 654 καταὸαίνουσι,
959 623 1032 651 πως
1050 606 1089 644 ἂν

62 674 158 715 οὗτος
178 671 359 723 ἅνθρωπος
381 686 461 718 ειη·
453 701 462 718 ,
483 670 550 708 Διὰ
563 675 663 709 τοῦτο
679 673 779 716 εἰπε,
794 667 946 712 Μείζονα
961 667 1090 706 τούτων

61 732 157 783 ὄψει·
189 732 249 769 καὶ
270 730 402 775 δεικνυς
435 732 536 779 αυτὸ,
567 730 722 782 ἐπήγαγε
748 727 810 775 τὴν
843 744 911 766 των
936 727 1091 780 ἀγγέλων

62 793 251 832 διακονίαν.
273 792 323 831 ’“Ὸ
342 793 378 832 δὲ
399 793 510 844 λέγει,
530 790 682 830 τοιοῦτόν
703 792 777 828 ἐστι
790 805 797 812 ·
818 788 908 841 μέγα
932 804 1005 836 σοι,
1023 804 1092 841 φη-

62 854 128 903 σὶν,
145 848 173 892 ὦ
192 854 403 902 Ναθαναὴλ,
424 853 535 897 ἔδοξεν
566 846 654 891 εἶναι
678 855 799 900 τοῦτο,
834 851 894 889 καὶ
915 849 972 889 διὰ
992 849 1093 889 τοῦτο’

62 932 104 967 με
129 915 275 967 βασιλέα
303 919 362 953 τοῦ
390 912 536 967 Ἰσραὴλ
561 912 812 965 ὡμολόγησας·

585 974 766 989 )))))

60 977 142 1016 ὅταν
171 976 245 1028 ἴδῃς
276 975 354 1019 τοὺς
383 975 549 1027 ἀγγέλους
578 991 622 1013 επ
665 990 726 1025 εμε
748 972 1000 1018 αναὸαίνοντας
1031 972 1091 1011 καὶ

855 910 889 950 τί
908 906 964 950 οἶν
986 914 1091 965 ἐρεῖς,

61 1036 356 1083 καταδαίνοντας,
400 1035 456 1074 διὰ
485 1034 614 1074 τούτων
637 1034 781 1082 πείθων,
811 1034 870 1072 καὶ
899 1036 967 1072 τῶν
991 1034 1092 1085 ἀγγέ-

61 1100 129 1136 λων
160 1098 259 1136 αὖτὸν
289 1099 504 1148 ὃμολογῆσαι
523 1096 720 1143 Δεσπότην.
747 1095 808 1140 Ὡς
836 1095 904 1149 γὰρ
934 1096 991 1133 ἐπὶ
1018 1095 1090 1133 υἱὸν

63 1159 233 1210 βασιλέως
260 1158 413 1208 γνήσιον,
442 1157 550 1202 οὕτως
579 1157 729 1209 ἀνῄεσαν
757 1158 816 1196 καὶ
850 1157 1025 1209 κατῄεσαν
1060 1159 1092 1194 οἳ

63 1220 213 1258 διάκονοι
230 1223 261 1258 οἱ
281 1219 480 1270 βασιλικοὶ,
502 1224 602 1258 τοῦτο
620 1218 681 1269 μὲν
698 1218 797 1271 παρὰ
816 1219 873 1257 τὸν
893 1218 1011 1269 καιρὸν
1031 1220 1091 1255 τοῦ

63 1287 227 1335 σταυροῦ,
248 1285 347 1319 τοῦτο
378 1280 413 1319 δὲ
440 1280 539 1333 παρὰ
560 1280 617 1318 τὸν
638 1281 759 1333 καιρὸν
787 1283 849 1326 τῆς
870 1279 1092 1322 ἀναστάσεως

65 1343 125 1380 καὶ
144 1345 207 1388 τῆς
224 1341 442 1394 ἀναλήψεως,
456 1342 515 1380 καὶ
535 1341 603 1393 πρὸ
621 1340 740 1380 τούτου
762 1341 809 1389 δὲ,
823 1341 880 1380 ὅτε
896 1342 1090 1394 προσῆλθον

63 1404 123 1441 καὶ
143 1403 321 1450 διηκόνουν
342 1405 435 1455 αὐτῷ
450 1433 460 1450 ,
479 1402 537 1441 ὅτε
559 1402 820 1454 εὐηγγελίζοντο
839 1405 941 1440 αὐτοῦ
958 1402 1015 1439 τὸν
1037 1401 1093 1438 τό-

64 1480 138 1507 κον,
157 1464 213 1502 ὅτε
233 1463 355 1511 ἐὸόων,
386 1463 478 1508 Δόξα
499 1466 532 1501 ἐν
557 1462 712 1514 ὑψίστοις
732 1465 835 1515 Θεῷ,
864 1462 924 1500 καὶ
949 1462 1006 1500 ἐπὶ
1029 1465 1092 1513 γῆς

65 1525 206 1577 εἰρήνη·
235 1524 292 1563 ὅτε
318 1524 404 1576 πρὸς
422 1523 484 1569 τὴν
502 1522 656 1574 Μαριὰμ
685 1517 802 1571 ἦλθον,
832 1522 890 1561 ὅτε
920 1522 1006 1574 πρὸς
1034 1523 1091 1560 τὸν

64 1585 208 1638 Ἰωσήφ.
224 1584 343 1637 (Όπερ
363 1584 398 1623 δὲ
421 1584 478 1622 ἐπὶ
503 1585 640 1622 πολλῶν
658 1583 817 1631 ἐποίησε,
838 1587 938 1622 τοῦτο
959 1583 1019 1621 καὶ
1033 1586 1091 1621 νῦν

63 1653 164 1685 ποιεῖ.
199 1645 269 1684 Δύο
289 1645 384 1698 λέγει
412 1644 639 1698 προρρήσεις,
666 1645 726 1683 καὶ
751 1648 813 1692 τῆς
847 1644 908 1696 μὲν
939 1645 1006 1692 ἤδη
1036 1645 1092 1683 τὸν

63 1707 130 1746 ἕλε
104 1724 203 1786 :stov
223 1707 366 1755 δίοωσι,
383 1723 446 1754 την
465 1706 500 1745 δὲ
520 1705 752 1756 μέλλουσαν
735 1724 804 1745 απο
830 1710 892 1753 τ’ἧς
918 1705 1095 1759 παρούσης

1341 208 1400 252 al.
1442 225 1498 252 xx
2061 210 2142 271 ¹3⁴)

1157 312 1192 340 et
1209 302 1367 353 angelos
1384 303 1459 339 Dei
1473 302 1720 339 ascendentes
1740 310 1775 338 et
1792 302 2060 339 descendentes
2086 318 2144 341 su-

1155 376 1224 414 per
1235 364 1275 400 F
1274 363 1385 400 ilium
1404 363 1585 400 hominis.
1599 360 1736 400 Viden'
1753 360 1931 411 quomodo
1945 360 2048 397 illum
2061 376 2146 413 pau-

1157 423 1260 461 latim
1278 423 1322 461 de
1338 433 1430 462 terra
1447 423 1571 474 erigat,
1581 432 1615 461 et
1629 436 1668 460 eo
1682 421 1846 472 deducat,
1862 436 1904 460 ne
1919 423 2038 474 ipsum
2059 432 2147 460 tarn-

1158 498 1266 534 quam
1285 484 1484 537 simplicem
1506 484 1687 522 hominem
1719 483 1888 535 effingat?
1911 484 1946 521 Is
1973 483 2067 520 enim
2093 486 2149 520 cui

1112 553 1136 583 l)
1159 544 1274 596 angeli
1305 545 1475 595 serviunt,
1498 559 1604 597 super
1632 559 1736 596 quem
1759 544 1874 596 angeli
1902 543 2095 582 ascendunt
2117 553 2150 582 et

1164 605 1392 656 descendunt,
1412 621 1482 658 quo
1512 616 1616 660 pacto
1637 607 1745 645 homo
1772 607 1902 644 fuerit?
1930 607 2014 645 Ideo
2043 606 2149 654 dixit,

1165 670 1323 721 ffIajora
1357 670 1418 707 Izis
1446 671 1598 708 videbis
1614 687 1630 716 ;
1656 669 1752 721 quod
1781 668 1980 721 explicans,
2008 670 2149 721 angelo-

1165 744 1247 767 rum
1267 729 1504 769 ministerium
1519 730 1656 781 attulit3
1675 745 1715 769 ac
1737 731 1766 769 si
1801 730 1953 769 diceret:
1977 732 2151 782 Magnum

1164 792 1232 830 tibi
1251 793 1320 831 hoc
1332 792 1485 843 videtur,
1500 808 1520 832 o
1533 794 1742 844 Natlianael,
1759 793 1908 844 ideoque
1928 807 1984 832 me
2003 802 2041 831 ut
2060 793 2151 831 Isra—

1165 854 1229 892 elis
1242 856 1377 907 Regem
1394 856 1572 894 confessus
1589 869 1625 894 cs
1643 872 1650 892 :
1671 855 1761 907 quid
1780 869 1863 908 ergo
1880 855 1976 893 dices
1995 869 2077 892 cum
2095 855 2149 892 vi-

1164 915 1258 954 deris
1279 917 1421 968 angelos
1440 932 1545 970 super
1564 931 1620 955 me
1643 917 1867 955 ascendentes
1887 926 1919 955 et
1938 915 2148 954 descenden-

1164 977 1240 1015 tes?
1261 978 1318 1016 his
1336 979 1391 1016 illi
1414 978 1578 1027 suadens,
1607 988 1646 1016 ut
1666 993 1702 1017 se
1723 979 1929 1030 angelorum
1949 978 2055 1016 etiam
2075 979 2148 1015 Do-

1163 1040 1302 1078 minum
1319 1041 1535 1080 confiteatur.
1550 1042 1644 1079 Nam
1657 1041 1755 1092 quasi
1770 1040 1815 1078 ad
1830 1041 2025 1092 genuinum
2042 1040 2150 1091 Regis

1162 1101 1294 1152 filium,
1313 1102 1362 1140 sic
1383 1102 1642 1141 descendebant
1671 1112 1703 1140 et
1733 1102 1967 1140 ascendebant
1995 1101 2146 1138 ministri

1162 1163 1267 1214 regii,
1289 1163 1356 1201 hoc
1372 1163 1478 1201 modo
1492 1173 1648 1217 tempore
1667 1164 1793 1214 crucis,
1812 1164 1875 1201 illo
1895 1172 2013 1201 autem
2033 1163 2066 1200 in
2094 1176 2149 1200 re-

1163 1225 1377 1263 surrectione
1390 1235 1423 1263 et
1433 1226 1647 1276 ascensione,
1664 1226 1734 1264 imo
1751 1235 1867 1272 antea,
1883 1226 2024 1276 quando
2035 1239 2148 1263 acccs=

1164 1296 1301 1336 serunt,
1316 1296 1349 1325 et
1371 1288 1619 1326 ministrabant
1641 1288 1684 1337 ei,
1709 1287 1852 1338 quando
1879 1288 1992 1340 ipsius
2016 1288 2148 1325 natales

1113 1348 1138 1378 E

1163 1411 1216 1447 sis
1240 1410 1338 1455 Deo,
1361 1418 1398 1447 et
1421 1413 1463 1446 in
1482 1418 1585 1447 terra
1610 1425 1690 1462 pax
1714 1427 1722 1447 :
1756 1409 1897 1460 quando
1927 1410 1972 1448 ad
1996 1410 2150 1448 Mariam

1164 1479 1352 1519 venerunt,
1374 1469 1516 1520 quando
1532 1470 1578 1507 ad
1599 1471 1805 1522 Josephum.
1828 1470 1935 1516 Quod
1954 1484 2044 1522 saepe
2058 1471 2149 1508 fece-

1163 1540 1229 1579 rat,
1244 1545 1339 1569 nunc
1354 1532 1449 1569 facit.
1470 1533 1553 1569 Duo
1568 1531 1730 1583 praedicit
1740 1561 1750 1580 ,
1767 1540 1800 1569 et
1815 1531 1961 1569 alterius
1976 1531 2149 1569 iudicium

1163 1593 1236 1641 dat,
1250 1594 1402 1632 alterum
1423 1608 1469 1632 ex
1484 1594 1551 1631 hoc
1576 1594 1762 1631 confirmat
1778 1594 1950 1631 futurum.
1964 1593 2022 1630 Ex
2039 1607 2151 1645 supra

1164 1653 1270 1692 dictis
1279 1655 1348 1692 alia
1359 1655 1434 1707 jam
1445 1654 1626 1693 demonst1
1627 1664 1683 1692 ata
1693 1655 1771 1692 fuel
1773 1663 1847 1705 ant,
1858 1655 1961 1705 quale
1974 1654 2065 1692 illud
2076 1669 2113 1692 e1
2114 1663 2150 1692 at

1166 1719 1256 1755 Ante
1270 1717 1677 1771 Philippivocationem,
1700 1719 1788 1756 Vidi
1811 1727 1846 1756 te
1867 1720 1935 1756 sub
1946 1718 2061 1770 fiCle
2080 1718 2150 1755 alia

66 1769 129 1819 βῑρ
108 1775 211 1806 oatot.
228 1768 323 1806 Καῑ
313 1767 381 1820 (0⁶9
399 1784 466 1805 των
486 1766 679 1819 leynam-<m
694 1767 739 1806 τὰ
758 1767 800 1819 μὲ
802 1784 818 1805 V
839 1784 902 1815 *qv
920 1766 1150 1828 ἀπθθῑῑξῑνηι
1166 1794 1208 1819 ev
1211 1789 1335 1819 entuia
1348 1790 1470 1831 ciant,
1491 1790 1524 1819 et
1551 1795 1595 1818 ex
1608 1790 1708 1833 palte
1726 1794 1768 1819 ev
1771 1789 1925 1829 eneiant,
1942 1780 2150 1831 angeloium

63 1830 199 1878 ὒαέεν,
225 1823 334 1868 οἱόν’
321 1845 405 1877 εστι,
426 1830 503 1882 Πρὸ
524 1845 583 1868 του
608 1829 789 1868 Φίλιππον
820 1829 980 1882 φωνησαί
1012 1834 1093 1877 Βσε,

63 1892 131 1929 ὑπὸ
155 1908 218 1938 την
238 1894 343 1938 συκῆ-ν
367 1885 455 1929 εἰοόν
492 1907 550 1929 σε·
577 1891 620 1929 τὰ
649 1890 684 1930 δὲ
707 1891 917 1938 ἐκδησεσθαι
948 1891 1092 1942 ἔμελλε,

64 1953 124 1992 καὶ
151 1956 189 1992 ἐκ
217 1953 340 2005 μέρους
367 1952 487 2000 ἐξέὸη,
507 1955 528 1998 ἡ
546 1955 612 1990 τῶν
634 1951 789 2005 ἀγγέλων
819 1952 1014 1996 κατάὸασις
1033 1952 1092 1990 καὶ

65 2014 245 2061 ἀνάὸασις,
269 2018 291 2060 ἡ
316 2013 373 2052 ἐπὶ
391 2018 450 2052 τοῦ
465 2018 634 2066 σταυροῦ,
653 2018 673 2061 ἡ
693 2013 751 2052 ἐπὶ
766 2017 828 2061 τῆς
849 2013 1070 2057 ἀναστάσεως
1083 2044 1092 2062 ,

64 2075 124 2112 καὶ
149 2077 211 2121 τῆς
239 2074 460 2126 ἀναλήψεως·
482 2073 499 2112 ὃ
525 2074 584 2111 καὶ
615 2074 697 2112 αὐτὸ
725 2073 782 2112 διὰ
809 2075 876 2111 τῶν
901 2073 1091 2127 εἰρημένων

65 2135 263 2180 ἀξιόπιστον
293 2140 384 2172 ποιεῖ
413 2135 472 2172 καὶ
494 2134 562 2188 πρὸ
581 2138 643 2181 τῆς
669 2135 856 2178 ἐκὸάσεως.
877 2134 921 2174 Ὁ
941 2134 1009 2188 γὰρ
1035 2135 1093 2174 ἐπὶ

63 2203 134 2239 τοῖς
159 2198 389 2250 παρελθοῦσιν
419 2197 522 2234 αὐτοῦ
540 2195 602 2241 τὴν
623 2195 767 2246 δύναμιν
784 2195 882 2248 γνοὺς
896 2228 906 2245 ,
934 2197 994 2235 καὶ
1012 2197 1092 2250 περὶ

62 2261 132 2296 τῶν
155 2258 352 2309 μελλόντων
372 2256 519 2305 ἀκούων,
548 2256 777 2310 εὖκολιίπερον
797 2257 1027 2311 καταδέχοιτο
1052 2257 1091 2296 ἂν

63 2318 123 2356 καὶ
161 2317 291 2365 ταύτην
331 2317 394 2364 τὴν
433 2317 639 2371 πρόῤῥησιν.
674 2318 722 2356 Τί
760 2312 817 2357 οῧν
840 2322 858 2357 ὁ
877 2318 1092 2367 Ναθαναήλ,

63 2379 173 2418 Οὐδὲν
203 2379 289 2432 πρὸς
319 2383 419 2417 τοῦτο
448 2379 686 2433 ἀποκρίνεται.
721 2381 784 2419 Διὸ
812 2380 871 2418 καὶ
899 2384 917 2419 ὃ
942 2381 1092 2433 Χριστὸς

65 2440 171 2493 μέχρι
191 2440 311 2478 τούτου
333 2440 390 2478 τὸν
411 2440 511 2492 λόγον
539 2439 662 2488 ἔστησε
680 2441 737 2479 τὸν
765 2441 851 2495 πρὸς
871 2442 984 2489 αὐτὸν,
1005 2457 1091 2493 συγ-

62 2503 188 2553 χωρῶν
207 2502 285 2539 κατ’
306 2501 394 2539 ἰδίαν
415 2500 687 2553 ἀναλογίσασθαι
706 2502 750 2541 τὰ
769 2503 936 2555 λεχθέντα
948 2533 957 2551 ,
980 2503 1039 2541 καὶ
1055 2504 1092 2541 οὐ

66 2561 272 2612 βουλόμενος
302 2561 419 2599 πάντα
447 2561 579 2614 ἀθρόως
607 2563 751 2614 ἕκχέειν,
774 2563 863 2601 ἀλλὰ
882 2562 1091 2602 καταὸαλὼν

64 2623 111 2665 εἷς
141 2621 283 2675 εὔφορον
312 2624 376 2673 γ’ἧν
406 2621 450 2658 τὰ
481 2621 686 2674 σπέρματα,
721 2623 862 2674 ἀφίησιν
897 2623 1002 2671 αὐτὴν
1036 2623 1093 2662 ἐπὶ

64 2684 192 2734 σχολῆς
212 2684 410 2733 βλαστῆσαι
428 2681 560 2720 λοιπόν.
576 2680 693 2735 υΟπερ
712 2683 772 2721 καὶ
790 2686 943 2736 ἀλλαχοῦ
962 2683 1093 2727 δεικνὺς

66 2743 202 2795 ἔλεγεν·
232 2742 364 2793 Ὁμοία
390 2742 481 2781 ἐστὶν
502 2746 524 2789 ἡ
557 2743 716 2794 βασιλεία
744 2747 812 2782 τῶν
845 2747 997 2797 οὐρανῶν
1033 2747 1090 2783 ἀν-

64 2802 192 2856 θρώπῳ
209 2803 384 2855 σπείροντι
403 2804 508 2841 καλὸν
531 2803 683 2857 σπέρμα.
709 2805 778 2843 Καὶ
794 2807 827 2844 ἐν
843 2809 893 2857 τῷ
914 2804 1089 2844 καθεύδειν

65 2865 178 2912 αὐτὸν,
207 2864 394 2917 ἐπέρχεται
414 2868 431 2903 ὃ
451 2865 594 2917 ἐχθρὸς,
619 2865 679 2903 καὶ
712 2865 846 2920 σπείρει
873 2867 1006 2911 ζιζάνια
1027 2866 1092 2905 ἀνὰ

66 2925 171 2976 μέσον
189 2930 248 2965 τοῦ
269 2926 376 2965 σίτου.
398 2927 459 2965 Ἔν
475 2930 517 2978 τῇ
537 2927 654 2980 ἡμέρᾳ
670 2931 712 2977 τῇ
732 2928 832 2982 τρίτῃ
852 2929 965 2980 γάμος
982 2929 1092 2981 ἐγένε-

65 3004 103 3026 το
126 2990 164 3026 ἐκ
184 2990 285 3026 Κανᾶ
303 2991 365 3034 τῆς
380 2988 583 3033 Γαλιλαίας.
604 2989 675 3027 Καὶ
701 2991 858 3038 ἐκλήθη
846 3009 863 3030 ο
882 2993 1017 3039 Ἰησοῦς
1046 2994 1093 3035 εἷς

65 3064 143 3092 τους
158 3048 301 3100 γάμους.
323 3051 387 3086 Ἤν
409 3049 445 3087 δὲ
460 3065 519 3087 και
540 3050 695 3123 ἡμήτηρ
714 3067 773 3090 του
788 3052 940 3128 ΞΙΙησου’
925 3059 1013 3100 εκεῖ,
1033 3068 1091 3090 και

67 3125 97 3147 οι
117 3109 256 3161 ἀοελφοι
273 3111 386 3148 αὐτου.
403 3103 513 3148 Εἶπον
532 3110 592 3148 καὶ
608 3111 742 3162 φθασας
755 3142 765 3161 ,
785 3113 837 3150 ὅτι
864 3117 897 3152 ἐν
918 3117 960 3165 τῇ
986 3115 1092 3151 Γαλι-

68 3174 153 3213 λαία
175 3177 305 3226 μαλλον
326 3175 498 3230 γνώριμος
513 3180 572 3223 ἠν·
594 3178 646 3216 διὸ
666 3179 728 3217 καὶ
749 3182 910 3219 καλουσιν
932 3181 1031 3219 αὐτὸν
1047 3183 1093 3224 εἷς

68 3242 126 3281 τὸν
143 3243 268 3295 γάμον,
284 3244 343 3282 καὶ
362 3244 602 3297 παραγίνεται.
619 3246 710 3286 Οὐδὲ
724 3247 791 3299 γὰρ
807 3248 892 3301 πρὸς
911 3248 975 3296 τὴν
994 3248 1092 3293 ἀξίαν

71 3309 164 3363 ἑώρα
182 3310 244 3358 τὴν
261 3313 403 3360 ἑαυτοῦ,
423 3313 512 3351 ἀλλὰ
533 3315 618 3365 πρὸς
631 3314 692 3362 τὴν
710 3315 905 3369 εὐεργεσίαν
924 3317 987 3364 τὴν
1008 3321 1095 3369 ἦμε-

118 3440 130 3453 ³
148 3430 208 3463 Alii

1115 1846 1141 1871 A
1166 1856 1292 1895 nempe
1307 1842 1496 1882 descensus
1517 1852 1550 1881 et
1568 1856 1756 1891 ascensus,
1773 1842 1811 1880 in
1831 1855 1946 1891 cruce,
1971 1842 2008 1879 in
2033 1855 2150 1880 iesur-

1164 1905 1330 1954 rectione,
1351 1905 1388 1943 in
1415 1905 1617 1943 ascensione
1635 1904 1711 1942 :cui
1724 1903 1774 1941 rei
1786 1918 1831 1942 ex
1846 1903 2027 1956 praedictis
2042 1904 2151 1942 fidem

1163 1967 1260 2017 facit,
1273 1967 1379 2005 etiam
1394 1977 1474 2005 ante
1492 1977 1670 2006 eventum.
1684 1967 1778 2004 Nam
1789 1965 1850 2017 qui
1873 1966 1949 2017 jam
1968 1966 2005 2003 in
2027 1975 2151 2017 praete-

1163 2029 1243 2067 ritis
1256 2030 1332 2082 ejus
1351 2030 1522 2068 virtutem
1537 2029 1696 2081 agnovit,
1715 2029 1833 2065 futura
1851 2027 1880 2065 si
1904 2027 2043 2078 audiat,
2064 2028 2151 2066 faci-

1163 2089 1235 2128 lius
1252 2090 1413 2143 accipiet.
1434 2090 1534 2137 Quid
1553 2103 1635 2142 ergo
1653 2088 1881 2127 Nathanael?
1903 2089 2003 2126 Nihil
2019 2089 2149 2142 ad3hoc

1164 2152 1358 2205 respondit.
1378 2152 1464 2191 Ideo
1484 2152 1649 2190 Christus
1673 2151 1734 2189 hic
1754 2151 1863 2189 finem
1884 2150 2029 2189 dicendi
2050 2151 2152 2201 facit,

1163 2215 1283 2253 sinens
1315 2215 1421 2252 illum
1453 2214 1549 2253 dicta
1575 2227 1695 2252 secum
1724 2222 1902 2266 reputare,
1935 2226 1999 2250 nee
2028 2213 2151 2251 volens

1163 2278 1283 2316 omnia
1298 2277 1416 2315 statim
1429 2275 1622 2325 effundere,
1637 2275 1700 2313 sed
1707 2276 1801 2327 jacto
1814 2275 1849 2312 in
1864 2275 1994 2313 bonam
2015 2284 2147 2312 terram

1163 2338 1310 2389 semine,
1333 2338 1416 2376 sinit
1438 2352 1517 2376 eam
1535 2338 1672 2376 fructus
1701 2351 1765 2388 per
1786 2337 1900 2374 otium
1917 2336 2084 2387 ploferre.
2105 2335 2149 2372 Id

1162 2401 1261 2453 quod
1290 2400 1378 2439 alibi
1403 2400 1455 2438 sic
1478 2399 1717 2438 declarabat.

1163 2464 1346 2501 eoelorum
1362 2464 1524 2507 homini,
1543 2463 1610 2512 qui
1625 2461 1829 2497 seminavit
1846 2460 1987 2495 bonum
2006 2471 2145 2495 semen.

1165 2525 1263 2562 Cum
1282 2531 1412 2561 autem
1436 2523 1632 2565 dormiret,
1655 2522 1765 2556 venit
1789 2521 1968 2557 inimicus
1992 2521 2087 2571 ejus,
2111 2528 2148 2557 et

1166 2648 1280 2684 tertia
1302 2645 1579 2696 nuptioesactae
1594 2650 1683 2680 sunt
1703 2643 1744 2678 in
1759 2642 1872 2679 Cana
1893 2641 2082 2679 Galiloeoe.
2104 2644 2146 2679 Ξ.

1165 2708 1219 2744 Et
1238 2714 1401 2744 vocatus
1422 2713 1478 2743 est
1496 2705 1609 2742 Jesus
1632 2703 1686 2741 ad
1704 2705 1871 2755 nuptias.
1895 2704 1997 2740 Erat
2016 2712 2146 2741 autem

1166 2776 1290 2806 mater
1301 2768 1396 2805 Jesu
1411 2768 1479 2812 ibi,
1494 2765 1693 2818 etfratres
1709 2765 1804 2816 ejus.
1818 2764 1899 2802 Jam
1915 2763 1995 2801 dixi
2010 2778 2091 2801 eum
2110 2764 2146 2801 in

1167 2828 1317 2869 Galilaea
1343 2827 1517 2865 notiorem
1538 2825 1665 2874 fuisse3
1696 2837 1805 2875 quare
1827 2833 1956 2864 vocant
1988 2838 2070 2861 eum
2104 2823 2150 2861 ad

1165 2890 1323 2942 nuptias,
1343 2889 1487 2941 ipseque
1510 2885 1621 2924 adest.
1645 2886 1726 2923 Non
1748 2885 1843 2923 enim
1866 2884 1914 2923 ad
1940 2884 2150 2936 dignitatem

1167 2966 1268 2990 suam
1288 2948 1518 3003 respiciebat,
1549 2946 1612 2986 sed
1641 2955 1715 2985 erat
1741 2947 1788 2984 ad
1814 2945 2028 2984 beneficium
2046 2945 2152 2983 nobis

1167 3011 1390 3051 inferendum
1402 3019 1559 3063 paratuS.
1585 3009 1679 3047 Nam
1703 3007 1767 3059 qui
1785 3021 1855 3045 non
1875 3006 2086 3057 dedignatus
2102 3015 2153 3043 est

1167 3074 1318 3112 formam
1331 3071 1423 3111 servi
1442 3071 1614 3123 accipere,
1631 3068 1744 3107 multo
1761 3067 1879 3106 minus
1894 3066 2150 3118 dedignabitur

1167 3133 1216 3172 ad
1233 3133 1376 3186 nuptias
1395 3145 1580 3171 servorum
1594 3130 1715 3170 venire
1726 3144 1738 3179 3
1762 3128 1825 3180 qui
1851 3142 1933 3166 cum
1952 3125 2154 3180 publicanis

1169 3205 1203 3234 et
1222 3194 1466 3248 peccatoribus
1484 3192 1706 3241 versabatur,
1716 3190 1829 3229 multo
1845 3189 1964 3227 minus
1979 3186 2155 3225 recusabit

1170 3272 1251 3295 cum
1269 3256 1431 3296 invitatis
1445 3255 1494 3294 ad
1507 3254 1652 3307 nuptias
1671 3251 1885 3291 recumbere.
1912 3249 1985 3295 Qui
2003 3261 2152 3287 vocave-

1172 3327 1262 3367 rant,
1278 3330 1349 3356 non
1359 3324 1612 3368 congruentem
1625 3315 1670 3354 de
1680 3313 1741 3352 illo
1753 3312 1956 3365 opinionem
1965 3308 2156 3357 habebant,

227 3446 255 3465 τε
272 3440 309 3476 τῇ
326 3441 406 3476 συκῇ.
427 3433 517 3474 [Mox
533 3434 633 3467 Savil.
652 3444 684 3467 et
705 3435 815 3469 Codd.
843 3438 947 3474 nostri
975 3443 1113 3482 σταυροῦ,
1133 3443 1247 3476 καὶτῆς
1263 3439 1325 3479 νῖν]

1164 1348 1417 1399 praedicabant,
1433 1349 1574 1400 quando
1589 1349 1803 1399 clamabant,
1825 1350 1962 1388 Gloria
1972 1352 2013 1387 in
2023 1350 2148 1387 exeel-
2164 1349 2233 1377 Luc.
2275 1370 2279 1376 -

1745 2398 1877 2436 Simile
1905 2405 1961 2434 est
1990 2410 2148 2448 regnum
2162 2398 2278 2477 3111th
2298 2398 2346 2428 13.

1164 2585 1481 2635 superseminavit
1491 2583 1649 2619 zizania
1668 2582 1710 2616 in
1729 2580 1854 2617 medio
1875 2582 2005 2618 tritici.
2021 2582 2036 2617 1
2051 2610 2058 2617 .
2072 2581 2148 2617 Die
2168 2573 2239 2612 Ο31)·
2267 2583 2304 2603 ¹¹·
