2481 3678
91 1346 96 1361 ι
110 1357 114 1360 .
146 1334 214 1363 Cor.
242 1346 269 1375 7.

82 1419 172 1447 Jtmn.
193 1420 236 1449 16.

295 200 387 256 420

293 294 383 341 dita,
397 303 430 332 et
448 294 498 332 sic
519 293 572 332 illi
587 294 721 347 juncta,
736 303 775 331 ut
788 309 853 347 par
871 303 921 333 est
940 309 1066 348 corpus
1087 295 1192 348 capiti
1211 310 1274 334 co·—

294 355 423 406 pulari,
437 355 466 393 si
480 355 635 407 prudens
655 354 698 392 sit
711 363 744 392 et
762 354 927 405 diligenS,
940 356 1019 407 plus
1034 371 1141 407 quam
1158 370 1277 395 omnes

295 418 354 456 alii
375 432 560 469 conjugem
581 417 713 456 fovebit
732 426 765 455 et
783 417 931 455 curabit.

343 843 378 880 4.
401 841 640 889 Quamobrem
654 841 792 890 hortor,
811 849 849 878 ut
870 854 1010 893 operam
1026 840 1081 879 illi
1099 840 1148 878 rei
1169 839 1252 878 dent
1267 871 1276 888 ,

292 914 323 941 et
357 918 434 955 quae
468 903 589 940 decent
619 903 800 940 suadeant.
828 903 878 941 Ut
907 902 1001 939 enim
1032 901 1078 938 ad
1108 901 1275 940 virtutem

291 980 404 1015 uxor,
428 966 478 1004 sic
501 974 533 1003 et
561 964 607 1002 ad
633 964 827 1015 nequitiam
856 962 1091 1001 inducendam
1127 963 1276 1000 multam

289 1027 363 1064 vim
382 1027 498 1065 habet.
520 1025 651 1064 Mulier
679 1025 890 1063 Absalonem
902 1054 912 1073 ,
933 1024 1061 1061 mulier
1079 1026 1277 1061 Amnonem

290 1088 466 1139 perdidit,
491 1087 620 1124 mulier
640 1087 773 1125 Jobum
792 1085 936 1137 perdere
956 1093 1079 1121 conata
1098 1093 1170 1120 est:
1187 1098 1277 1120 uxor

289 1149 459 1185 Nabalem
487 1162 506 1185 a
538 1147 631 1184 eaede
659 1146 812 1198 eripuit,
842 1145 969 1182 mulier
998 1153 1107 1181 totam
1138 1152 1277 1194 gentem

288 1209 452 1248 servavit.
483 1210 575 1246 Nam
601 1207 739 1245 Debora
758 1215 790 1244 et
809 1205 958 1254 Judith,
993 1215 1026 1242 et
1058 1205 1136 1242 aliae
1158 1204 1277 1242 multae

288 1269 538 1322 imperatorum
550 1270 659 1321 probe
673 1269 800 1306 functae
814 1277 895 1305 sunt
909 1267 1037 1305 officio.
1050 1266 1132 1304 Ideo
1145 1267 1277 1304 Paulus

288 1330 362 1369 ait:
387 1333 491 1382 Quid
520 1334 623 1368 enim
653 1333 750 1376 scis,
789 1330 946 1377 mulier,
970 1343 1023 1367 an
1048 1332 1178 1367 virum
1197 1329 1276 1366 sal-

291 1408 378 1432 vum
387 1395 542 1447 facies?
558 1393 704 1443 Illisque
720 1391 938 1444 temporibus
957 1390 1102 1429 Persida
1114 1420 1126 1440 ,
1144 1399 1177 1427 et
1196 1391 1275 1427 Ma-

286 1455 376 1493 riam
407 1464 439 1493 et
473 1454 696 1501 Priscillam,
722 1452 924 1505 apostolicis
956 1451 1207 1489 certaminibus
1240 1465 1275 1489 se

285 1516 461 1554 dedidisse
476 1515 617 1553 scimus.
633 1516 731 1561 Quas
750 1523 782 1551 et
804 1528 869 1552 vos
889 1512 1021 1550 imitari
1037 1511 1190 1560 debetis,
1212 1526 1274 1550 nec
1296 1524 1320 1553 Ι)

286 1577 403 1615 verbis
425 1577 538 1615 solum
551 1606 561 1625 ,
584 1575 646 1613 sed
664 1574 770 1613 etiam
789 1574 957 1627 operibus
977 1573 1144 1625 conjuges
1163 1572 1275 1610 infor-

286 1652 393 1675 mare.
415 1638 462 1675 Et
481 1635 659 1687 quomodo
679 1635 847 1673 maritum
867 1634 1032 1687 operibus
1049 1633 1274 1671 erudiemus?

287 1700 377 1737 Cum
397 1708 430 1737 te
447 1698 584 1738 videbit
600 1711 662 1736 nec
678 1697 897 1749 improbam,
915 1710 978 1734 nec
994 1695 1189 1744 curiosam,
1211 1709 1274 1732 nec

285 1769 428 1798 ornatus
458 1768 652 1808 amantem,
675 1772 744 1796 non
772 1757 970 1810 superfluos
1005 1766 1143 1795 sumtus
1162 1770 1274 1808 expe-

285 1830 432 1871 tentem,
455 1820 516 1858 sed
540 1819 773 1872 praesentibus
791 1828 1008 1867 contentam,
1036 1827 1119 1855 tune
1139 1827 1172 1855 te
1193 1833 1273 1857 con-

284 1884 457 1922 sulentem
495 1884 591 1921 feret.
622 1883 662 1921 Si
694 1892 812 1920 autem
840 1882 960 1921 verbis
994 1882 1273 1934 philosopher-is,

284 1947 391 1985 rebus
416 1961 500 1986 vero
535 1946 710 1984 contraria
738 1945 882 1994 feceris,
913 1954 997 1982 tunc.
1024 1945 1275 1996 loquacitatem

284 2018 381 2046 tuam
401 2008 595 2047 damnabit.
623 2007 686 2046 Sin
708 2007 828 2046 verbis
843 2006 950 2044 simul
967 2016 1000 2044 et
1020 2007 1186 2059 operibus
1205 2007 1274 2046 do-

283 2070 431 2108 ctrinam
468 2069 596 2107 inseras
607 2099 618 2119 ,
653 2078 737 2106 tune
774 2077 807 2105 te
841 2067 993 2120 excipiet
1022 2077 1126 2119 atque
1161 2070 1275 2121 magis

282 2131 540 2183 obtemperabit
561 2147 568 2168 :
591 2139 630 2168 ut
652 2144 733 2167 cum
753 2144 881 2167 aurum
905 2143 974 2167 non
995 2143 1144 2180 quaeres,
1162 2143 1275 2181 neque
1295 2141 1318 2170 E

283 2193 505 2243 margaritas,
518 2206 631 2242 neque
642 2190 935 2229 vestimentorum
950 2190 1270 2242 magnificentiam3

283 2254 342 2291 sed
356 2254 483 2292 horum
498 2254 574 2291 loco
583 2283 593 2303 ,
612 2251 821 2290 modestiam
834 2281 843 2301 ,
861 2252 1132 2303 temperantiam
1144 2282 1154 2302 ,
1168 2253 1273 2291 bene-

283 2315 475 2353 volentiam
493 2331 500 2351 :
519 2324 626 2365 utque
640 2328 685 2352 ex
697 2313 807 2365 teipsa
826 2313 902 2350 haec
914 2314 1060 2363 asseres,
1083 2313 1133 2353 sic
1146 2314 1191 2351 ab
1210 2314 1272 2353 illo

282 2376 403 2414 eadem
417 2375 547 2427 exiges.
564 2377 655 2413 Nam
676 2374 703 2412 si
722 2373 808 2425 quid
823 2373 868 2413 ad
888 2373 1102 2425 placendum
1124 2374 1202 2414 viro
1227 2376 1272 2413 sit

280 2437 478 2488 agendum,
494 2436 648 2474 animam
665 2444 812 2488 oportet,
827 2448 894 2472 non
910 2449 1037 2488 corpus
1052 2449 1187 2485 ornare,
1199 2436 1270 2475 imo

280 2513 512 2551 eorrumpere.
529 2500 651 2549 Neque
660 2497 753 2535 enim
764 2497 811 2535 ita
825 2506 860 2535 te
871 2496 924 2534 illi
939 2496 1128 2534 amabilem
1142 2512 1270 2535 aurum

280 2559 422 2607 reddet,
436 2569 473 2597 ut
486 2559 715 2611 temperantia
735 2567 767 2596 et
787 2557 1052 2606 benevolentia,
1070 2566 1175 2609 atque
1193 2558 1269 2596 ani-

280 2635 358 2658 mus
377 2621 544 2659 advitam
564 2635 627 2673 pro
647 2620 772 2657 marito
795 2619 992 2671 ponendam
1012 2628 1167 2671 paratus.
1186 2619 1269 2658 Haec

281 2684 374 2721 viros·
397 2684 548 2735 capiunt.
565 2684 655 2721 Nam
677 2683 793 2721 cultus
808 2682 868 2719 ille
889 2682 1089 2734 superfluus
1102 2681 1323 2736 displicet3G7

279 2745 351 2793 illi,
373 2759 445 2781 rem
465 2745 677 2782 familiarem
698 2752 853 2792 coartat,
883 2752 914 2780 et
935 2752 1092 2780 sumtum
1112 2752 1145 2780 et
1165 2757 1266 2781 curas
1287 2749 1313 2778 A

278 2806 380 2857 parit.
399 2808 443 2842 At
455 2820 531 2855 qua¹
550 2805 648 2856 prius
664 2805 757 2842 dicta
778 2813 859 2841 suut
875 2833 883 2849 ‚
900 2803 1020 2841 virum
1041 2803 1143 2841 uxori
1159 2817 1265 2856 copu-

277 2868 361 2904 lant.
383 2866 630 2904 Benevolentia
653 2866 805 2917 quippe,
827 2864 1004 2913 amicitia,
1027 2863 1263 2912 desiderium,

276 2943 338 2966 uec
367 2942 468 2966 curas
492 2927 644 2974 faciunt,
680 2940 741 2963 uec
772 2926 969 2977 impensam
997 2925 1165 2976 exiguut3
1193 2925 1263 2963 imo

275 2989 491 3028 eontrarium
519 2987 673 3025 omnino.
698 2988 854 3025 Ornatus
887 2987 1032 3037 quidem
1060 2986 1120 3023 ille
1139 3001 1156 3024 a
1181 3000 1262 3024 con-

273 3050 459 3088 suetudine
477 3048 661 3086 fastidium
682 3048 860 3097 ingenerat
882 3063 889 3082 :
910 3047 1035 3085 animae
1056 3062 1139 3086 vero
1158 3061 1262 3085 orna-

274 3121 329 3149 tus
363 3110 521 3163 quotidie
552 3110 672 3156 floret,
704 3116 737 3145 et
770 3107 939 3158 majorem
967 3107 1125 3145 accendit
1162 3108 1262 3145 flam-

272 3187 377 3210 mam.
400 3174 521 3223 Itaque
549 3170 578 3209 si
602 3169 681 3210 viro
702 3168 838 3220 placere
859 3167 970 3216 velis,
1001 3182 1084 3205 orna
1107 3168 1262 3206 animam

311 3315 326 3338 ‘¹
353 3315 517 3356 [Delie-sair„
541 3311 630 3355 quod
659 3309 833 3352 legendum
862 3309 1073 3351 conjecerant
1103 3309 1226 3341 Bois-ius
1251 3317 1282 3339 et

268 3364 418 3404 Savdius,
438 3364 563 3407 praebet
576 3361 660 3395 (lod.
681 3362 757 3395 705,
782 3365 971 3403 συνδεδεμένη
1007 3359 1092 3392 Cod.
1114 3361 1190 3392 709.
1215 3361 1279 3392 Le·

750 213 787 242 S.
826 211 1010 243 JOANMS
1044 212 1284 244 CHRYSOST.
1326 213 1526 244 ARCfflEP.
1564 214 1912 247 CONSTANTm'oP.

1347 296 1588 335 ἒουλεύουσαν.
1622 297 1692 336 Καὶ
1718 298 1866 342 πολλοὺς
1893 298 1931 337 ἂν
1961 299 2076 351 ἔχοιμι
2096 299 2207 350 λέγειν
2244 300 2374 351 ἄνδρας

1347 357 1518 410 σκληροὺς
1538 357 1596 396 καὶ
1617 359 1768 402 ἀπειθεῖς
1788 361 2101 411 καταμαλαγέντας
2118 359 2234 404 οὕτως.
2270 360 2370 406 Αὕτη

1346 419 1413 469 γὰρ
1428 417 1485 455 καὶ
1502 418 1675 470 τραπέζης
1700 422 1794 471 αὐτῷ
1821 420 1878 458 καὶ
1900 423 2018 468 εὖνῆς,
2039 421 2098 459 καὶ
2126 421 2346 465 παιδοποιίας
2361 451 2370 466 ,

1351 479 1408 516 καὶ
1430 481 1542 530 ῥητῶν
1571 480 1629 517 καὶ
1663 481 1889 533 ἀπορρήτων,
1911 482 1970 520 καὶ
1994 483 2133 520 εἰσόδων
2152 483 2211 521 καὶ
2230 482 2368 527 ἐξόδων,

1351 540 1409 577 καὶ
1446 541 1564 592 πολλῷ
1597 541 1765 579 πλειόνων
1802 547 2012 581 κοινωνοῦσα
2057 543 2182 596 ἑτέρων
2195 575 2206 590 ,
2239 543 2297 581 καὶ
2334 545 2369 580 ἐν

1352 602 1479 639 ἅπασιν
1514 604 1607 654 αὐτῷ
1654 602 1843 653 (ἴδεδεμένη
1859 633 1868 650 ,
1901 604 1960 642 καὶ
1982 604 2087 648 οὕτως
2117 607 2210 657 αὐτῷ
2235 621 2370 655 συνημ-

1352 664 1460 713 μένη,
1483 666 1528 707 ὡς
1559 665 1648 707 εἰκὸς
1682 667 1785 715 σῶμα
1817 667 1951 716 κεφαλῇ
1986 669 2178 718 συνῆφθαι,
2205 667 2244 704 ἂν
2278 666 2368 718 τύχῃ

1352 726 1474 772 συνετή
1493 741 1544 768 τις
1563 719 1648 764 οῧσα
1667 725 1725 762 καὶ
1752 725 1927 776 ἐμμελὴς,
1949 726 2104 770 ἅπαντας
2135 727 2370 779 ὑπερὸήσεται

1352 786 1408 823 καὶ
1424 786 1558 832 νικήσει
1580 789 1627 829 εἰς
1646 786 1709 833 τὴν
1728 791 1786 825 τοῦ
1812 790 2049 830 συνοικοῦντος
2067 787 2279 838 ἐπιμέλειαν.

1405 847 1471 886 Διὰ
1499 852 1600 886 τοῦτο
1630 849 1802 898 παραινῶ,
1823 847 1920 900 ἔργον
1940 852 2042 886 τοῦτο
2061 847 2226 895 τίθεσθαι,
2246 849 2311 886 καὶ».
2325 848 2368 887 τὰ

1351 908 1471 946 δέοντα
1493 908 1750 959 συμβουλεύειν.
1773 908 1914 961 ΕὨσπερ
1934 909 2000 962 γὰρ
2019 909 2104 962 πρὸς
2123 909 2260 963 ἀρετὴν,
2279 909 2369 948 οὕτω

1351 969 1409 1006 καὶ
1431 970 1516 1022 πρὸς
1544 969 1668 1007 κακίαν
1692 969 1823 1017 πολλὴν
1855 970 1927 1022 ἔχει
1954 970 2016 1017 τὴν
2043 970 2152 1022 ἰσχύν.
2192 970 2290 1017 Αὕτη
2311 972 2368 1009 τὸν

1352 1029 1578 1079 Ἀὸεσσαλὼμ
1600 1029 1778 1068 ἀπώλεσεν
1794 1061 1803 1078 ,
1827 1030 1913 1078 αὕτη
1946 1031 2002 1069 τὸν
2023 1031 2179 1082 Ἀμνὼν,
2200 1032 2287 1079 αὕτη
2311 1032 2368 1071 τὸν

1351 1090 1434 1128 ’1ὼὸ
1463 1090 1625 1140 ἔμελλεν·
1659 1090 1747 1136 αὕτη
1778 1092 1839 1129 τὸν.
1858 1092 1985 1130 Νάὸαλ
2004 1092 2175 1144 ἐξήρπασε
2197 1097 2258 1140 τῆς
2280 1083 2367 1146 σφα·

1350 1153 1424 1199 γῆς,
1445 1150 1530 1196 αὕτη
1551 1150 1737 1203 ὁλόκληρον
1759 1150 1850 1194 ἔθνος
1872 1151 2027 1190 διέσωσε.
2059 1153 2129 1190 Καὶ
2148 1153 2214 1206 γὰρ
2230 1154 2370 1191 &6603-

1353 1226 1394 1262 ρα
1416 1211 1475 1250 καὶ
1494 1211 1618 1249 Ἴουδὶθ
1643 1213 1776 1262 ἀνδρῶν
1797 1215 2000 1265 στρατηγῶν
2020 1213 2275 1264 κατορθώματα
2292 1218 2370 1253 ἐπε-

1352 1273 1527 1317 δείξαντο·
1555 1272 1613 1310 καὶ
1642 1273 1745 1310 ἄλλαι
1767 1273 1800 1310 δὲ
1826 1272 1947 1326 μυρίαι
1974 1279 2144 1324 γυναῖκες.
2183 1274 2251 1313 Διὰ
2269 1281 2371 1314 τοῦτο

1350 1333 1408 1372 καὶ
1431 1334 1568 1377 Παῧλός
1588 1349 1690 1386 φησι·
1713 1333 1760 1371 Τί
1778 1333 1845 1386 γὰρ
1862 1328 1973 1382 οἶδας,
1993 1335 2116 1386 γύναι,
2139 1336 2168 1373 εἰ
2186 1336 2243 1374 τὸν
2261 1337 2370 1390 ἄνδρα

1350 1395 1490 1443 σώσεις;
1511 1395 1581 1433 Καὶ
1601 1395 1657 1433 ἐπὶ
1679 1398 1747 1433 τῶν
1765 1394 1898 1448 χρόνων
1920 1395 1955 1433 δὲ
1978 1396 2116 1434 ἐκείνων
2142 1396 2204 1444 τὴν
2232 1397 2367 1451 Περσί-

1349 1457 1390 1494 δα
1411 1456 1470 1493 καὶ
1498 1455 1560 1502 τὴν
1582 1456 1732 1508 Μαριὰμ
1765 1454 1907 1503 καὶτὴν
1932 1457 2148 1509 Πρίσκιλλαν
2187 1460 2371 1497 ἀποστολι-

1348 1521 1417 1557 κῶν
1435 1518 1615 1571 ἁψαμένας
1632 1517 1848 1569 σκαμμάτων
1864 1518 2010 1569 εἴδομεν.
2030 1520 2161 1573 Ἅσπερ
2181 1523 2368 1571 ἀναγκαῖον

1348 1580 1406 1617 καὶ
1428 1582 1517 1630 ὑμᾶς
1549 1581 1692 1627 ζηλοῦν,
1722 1580 1781 1617 καὶ
1815 1579 1862 1630 μὴ
1884 1580 2016 1632 ῥήμασι
2037 1580 2138 1632 μόνον
2153 1612 2163 1629 ,
2197 1581 2286 1619 ἀλλὰ
2309 1581 2368 1619 καὶ

1346 1641 1529 1693 πράγμασι
1560 1641 1734 1695 ῥυθμίζειν
1754 1640 1813 1679 τὸν
1834 1648 2065 1681 συνοικοῦντα.
2102 1644 2185 1686 Πῶς
2209 1643 2243 1681 δὲ
2264 1643 2367 1681 αὐτὸν

1346 1702 1577 1753 παιδεύσομεν
1602 1701 1657 1740 διὰ
1677 1706 1745 1740 τῶν
1779 1703 2017 1756 πραγμάτων,
2037 1702 2150 1742 ΕΌταν
2172 1718 2209 1741 σε
2230 1703 2287 1754 μὴ-
2304 1719 2366 1742 πο·

1346 1763 1452 1815 νηρὰν
1482 1758 1586 1803 οὖσαν
1617 1763 1694 1817 ἴδῃ,
1727 1763 1813 1815 μηδὲ
1851 1765 2024 1810 πολυτελῆ
2056 1763 2115 1802 καὶ
2144 1763 2368 1816 φιλόκοσμον,

1348 1825 1435 1876 μηδὲ
1455 1825 1642 1878 προσόδους
1660 1825 1854 1878 χρημάτων
1871 1826 2084 1863 ἀπαιτοῦσαν
2099 1824 2274 1877 περιττὰς,
2291 1826 2368 1864 ἀλλ’

1347 1886 1561 1938 ἀρκουμένην
1594 1892 1664 1930 τοῖς
1692 1881 1766 1925 οῧσι
1783 1902 1790 1909 ·
1806 1886 1884 1925 τότε
1910 1885 1988 1938 γὰρ,
2016 1885 2094 1925 τότε
2131 1887 2190 1925 καὶ
2216 1886 2371 1937 συμὸὀυ-

1346 1947 1512 1994 λευούσης
1529 1946 1698 1992 ἀνέξεται.
1720 1947 1804 1986 Ἐὰν
1823 1947 1857 1985 δὲ
1879 1949 2068 2000 φιλοσοφῇςΥ
2085 1947 2147 1998 μὲν
2165 1954 2236 1991 τοῖς
2256 1947 2369 2000 ῥήμα-

1347 2025 1419 2058 σιν,
1452 2011 1486 2047 ἓν
1519 2008 1554 2047 δὲ
1574 2016 1644 2053 τοῖς
1662 2009 1847 2062 πράγμασι
1866 2009 2032 2047 τάναντία
2051 2013 2170 2062 ποιῇς,
2191 2008 2369 2061 καταγνώ-

1347 2070 1445 2109 σεταί
1464 2086 1523 2110 σου
1545 2070 1715 2123 φλυαρίαν
1734 2070 1879 2117 πολλήν.
1910 2069 2025 2109 “va
2047 2070 2082 2108 δὲ
2106 2071 2194 2123 μετὰ
2213 2074 2280 2109 τῶν
2303 2073 2368 2123 ῥη-

1348 2132 1466 2182 μάτιον
1489 2132 1548 2170 καὶ
1574 2132 1637 2179 τὴν
1663 2132 1733 2171 ἀπὸ
1754 2135 1822 2170 τῶν
1843 2132 1952 2185 ἔργων
1972 2131 2130 2184 παρέχῃς
2161 2133 2255 2184 αὐτῷ
2273 2132 2369 2169 διδα-

1345 2193 1490 2231 σκαλίαν
1510 2224 1518 2239 ,
1551 2193 1628 2231 τότε
1669 2192 1728 2231 καὶ
1761 2193 1963 2238 ἀποδέξεταί
1994 2209 2031 2231 σε
2059 2193 2118 2230 καὶ
2146 2192 2370 2239 πεισθήσεται

1345 2256 1477 2304 μᾶλλον
1492 2269 1499 2277 ”
1519 2248 1588 2292 οἷον
1607 2253 1689 2290 ὅταν
1709 2253 1852 2306 χρυσίον
1873 2253 1920 2304 μὴ
1938 2256 2064 2305 ζητῇς,
2092 2254 2181 2303 μηδὲ
2200 2255 2369 2308 μαργαρί-

1342 2332 1413 2361 τας,
1441 2314 1528 2366 μηδὲ
1554 2318 1754 2365 ἱματισμῶν
1774 2314 2016 2352 πολυτέλειαν·
2041 2315 2119 2352 ἀλλ’
2141 2315 2216 2352 ἀντὶ
2237 2316 2367 2354 τούτων

1341 2377 1576 2426 κοσμιότητα,
1600 2375 1849 2428 σωφροσύνην,
1870 2375 2017 2423 εὔνοιαν,
2038 2375 2097 2414 καὶ
2118 2376 2215 2427 παρὰ
2236 2381 2370 2424 σαυτῆς

1340 2443 1449 2476 ταῦτα
1480 2436 1667 2488 εἷσαγάγῃς
1683 2465 1692 2482 ,
1722 2435 1781 2474 καὶ
1807 2438 1889 2488 παρ’
1920 2436 2048 2474 ἐκείνου
2074 2442 2183 2474 ταῦτα
2203 2440 2365 2489 ἀπαιτῇς.

1340 2500 1384 2538 Εἰ
1416 2498 1483 2551 γὰρ
1509 2498 1578 2551 χρή
1611 2514 1645 2535 τι
1676 2500 1722 2541 εἷς
1745 2497 1928 2550 ἀρέσκειαν
1947 2503 2057 2536 ποιεῖν
2078 2499 2220 2551 ἀνδρὸς,
2250 2499 2365 2551 ψυχὴν

1341 2561 1403 2607 δεῖ,
1424 2561 1460 2598 οὐ
1482 2562 1585 2610 σῶμα
1604 2564 1746 2609 κοσμεῖν
1765 2558 1823 2596 καὶ
1845 2558 2067 2611 διαφθείρειν.
2086 2560 2176 2598 Οὐδὲ
2194 2560 2261 2614 γὰρ
2275 2562 2364 2599 οὕτω

1339 2620 1481 2673 χρυσίον
1501 2619 1738 2671 περικείμενον
1758 2619 1899 2665 ποιήσει
1917 2620 2105 2671 ἐπέραστον
2127 2621 2185 2658 καὶ
2202 2621 2363 2667 ποθεινὴν

1340 2682 1482 2735 ἐκείνῳ,
1513 2683 1558 2724 ὡς
1578 2679 1781 2733 σωφροσύνη
1801 2680 1861 2718 καὶ
1881 2680 1994 2719 εὔνοια
2011 2681 2091 2732 περὶ
2109 2681 2223 2729 αὐτὸν,
2246 2682 2305 2720 καὶ
2324 2682 2364 2720 τὸ

1337 2745 1609 2795 ὑπεραποθανεῖν
1630 2745 1689 2778 τοῦ
1715 2744 1959 2784 συνοικοῦντος.
1987 2743 2111 2779 Ταῦτα
2140 2744 2269 2792 μᾶλλον
2288 2759 2362 2794 χει-

1340 2808 1455 2856 ροῦται
1483 2802 1559 2846 τοὺς
1589 2802 1725 2854 ἄνδρας.
1764 2801 1917 2844 Ἰίκεῖνος
1942 2801 2003 2852 μὲν
2032 2803 2099 2855 γὰρ
2118 2806 2135 2840 ὁ
2154 2803 2282 2854 κόσμος
2302 2804 2362 2841 καὶ

1337 2864 1565 2917 προσίσταται
1589 2865 1681 2914 αὐτῷ
1697 2893 1706 2910 ,
1729 2864 1774 2906 εἷς
1796 2863 1912 2901 στενὸν
1932 2862 1976 2901 τὰ
1991 2864 2160 2915 χρήματα
2182 2866 2275 2916 αὐτῷ
2292 2880 2359 2902 κα-

1337 2925 1465 2972 θιστὰς,
1486 2924 1544 2962 καὶ
1565 2923 1721 2969 δαπάνην
1743 2922 1802 2960 καὶ
1819 2923 1982 2976 φροντίδα
1998 2923 2129 2969 πολλὴν
2150 2925 2357 2978 ῃπαρέχων·

1336 2986 1379 3024 τὰ
1409 2985 1443 3023 δὲ
1472 2985 1637 3037 εἰρημένα
1678 2983 1899 3036 προσηλώσει
1921 2987 1963 3036 τῇ
1983 2985 2119 3036 γυναικὶ
2157 2985 2215 3023 τὸν
2239 2985 2357 3038 ἄνδρα.

1336 3046 1464 3084 κζῦνοια
1494 3045 1562 3098 γὰρ
1581 3045 1639 3083 καὶ
1661 3044 1758 3096 φιλία
1778 3044 1836 3082 καὶ
1863 3045 1965 3088 πόθος
1985 3045 2062 3084 οὔτε
2086 3046 2266 3099 φροντίδας
2284 3062 2357 3083 πα-

1336 3108 1443 3159 ρέχει,
1460 3107 1535 3144 οὔτε
1553 3105 1708 3151 δαπάνην
1726 3106 1919 3156 ἐργάζεται,
1941 3106 2030 3144 ἀλλὰ
2046 3106 2239 3145 τούναντίον
2253 3106 2357 3144 ἅπαν.

1336 3170 1502 3209 Κάκεῖνος
1530 3165 1590 3217 μὲν
1627 3168 1644 3203 ὃ
1678 3165 1806 3215 κόσμος
1834 3167 1899 3204 ὑπὸ
1919 3170 1979 3213 τῆς
2003 3167 2181 3214 συνηθείας
2202 3181 2358 3219 ἰιροσκομ

1348 3307 1486 3350 gebatur
1499 3308 1666 3348 δεδομένη]

1392 3371 1404 3384 ss
1430 3359 1491 3391 Alli
1508 3365 1646 3402 παρέχει.
