2481 3678
668 240 709 269 ΙΝ
747 239 954 270 ,ΙΟΛΝΝΕΜ
995 238 1150 268 floMlL.

117 323 208 366 θείας
224 322 281 360 καὶ
296 325 396 369 ζωῆς.
414 322 483 360 Καὶ
503 320 536 358 τί
555 321 594 359 τὸ
612 321 726 368 τέλος,
748 323 807 364 Εἰς
821 321 860 359 τὸ
875 324 943 371 πῧρ
960 319 1138 371 βάλλεται.

2107 218 2124 227 υ

1190 235 1344 265 Lxxvi.
1385 220 1445 264 al.
1491 235 1626 264 cxxv.
2103 221 2188 271 5213

1212 325 1284 354 tur.
1307 315 1378 353 Sed
1398 328 1466 353 non
1497 314 1577 352 talis
1594 322 1645 351 est
1669 313 1732 363 qui
1752 322 1869 350 manet
1888 313 1923 349 in
1941 314 2025 351 vite.
2057 314 2193 352 Deinde

118 383 207 422 Ἀλλ’
227 384 264 421 οὗ
281 388 430 425 τοιοῦτος
448 385 465 420 ὃ
485 381 597 433 μένων
612 384 694 433 παρ’
711 384 816 434 αὐτῷ.
834 375 922 420 Εἶτα
937 380 1087 418 δείκνυσι
1105 378 1140 416 τί
1163 383 1185 412 Β
1210 376 1363 414 ostendit
1377 374 1465 426 quid
1484 375 1529 413 sit
1544 388 1695 423 manere,
1710 382 1744 411 et
1762 373 1832 410 ait:
1856 373 1894 410 7.
1909 373 1948 411 Si
1967 376 2090 411 verba
2108 389 2194 412 mea

117 445 246 483 ἔστιτὸ
267 450 405 495 μεῖναι,
427 443 487 480 καί
506 458 630 495 φησιν·
658 443 742 481 Ἐὰν
770 442 814 480 τὰ
843 440 982 494 ῥήματά
1008 455 1074 490 μου
1104 441 1138 476 ἐν

117 509 196 556 ὑμῖν
216 505 330 557 μείνῃ.
347 504 455 557 Ὁρᾷς
466 533 474 549 ,
489 504 542 543 ὅτι
562 505 620 543 καὶ
635 505 702 557 πρὸ
715 504 834 543 τούτου
849 503 989 546 εἰκότως
1008 502 1139 552 ἔλεγον,

117 565 170 604 ὅτι
190 566 253 613 τὴν
273 566 329 604 διὰ
355 569 423 604 τῶν
453 567 561 619 ἔργων
589 565 749 610 ἐπίδειξιν
770 568 883 611 ζητεῖ;
909 562 1029 601 Εἰπὼν
1047 562 1140 614 γὰρ,

119 626 172 665 ὅτι
198 628 247 666 uO
267 628 325 666 ἐὰν
360 628 529 674 αἰτήσητε
557 627 712 674 ποιήσω,
731 625 907 676 ἐπήγαγεν
922 639 929 647 ·
948 623 1036 661 Ἐὰν
1053 626 1140 674 ἀγα-

116 689 206 727 πᾶτέ
224 706 284 740 με,
301 690 362 732 τὰς
376 689 515 733 ἐντολὰς
531 689 591 732 τὰς
606 689 692 739 ἐμὰς
704 686 886 740 τηρήσετε·
903 685 962 724 καὶ
981 687 1141 733 ἐνταῦθα,

118 750 204 789 Ἐὰν
223 751 349 802 μένητε
366 755 400 790 ἐν
411 751 502 802 ἐμοὶ,
518 751 578 788 καὶ
589 749 632 787 τὰ
648 747 788 800 ῥήματά
800 762 864 798 μου
881 749 915 785 ἐν
929 749 1010 798 ὑμῖν
1026 747 1141 797 μείνῃ,

117 812 135 851 ὃ
164 812 222 850 ἐὰν
252 813 442 859 θελήσητε,
475 811 715 857 *αἰτήσεσοε,
744 808 802 846 καὶ
829 807 1013 860 γενήσεται
1047 810 1140 858 ὑμῖν.

117 876 241 912 Ταῦτα
268 873 304 911 δὲ
332 875 450 924 ἐλεγέ,
477 870 608 914 δεικνὺς
632 869 685 909 ὅτι
711 872 742 908 οἳ
776 870 837 920 μὲν
865 869 1144 912 ἐπιδουλεύοντες

119 937 230 986 αὐτῷ,
251 933 556 980 κατακαήσονται,
579 932 675 970 αὐτοὶ
700 931 735 970 δὲ
755 930 888 984 καρπὸν
907 930 1050 969 οἴσουσι.
1072 931 1143 969 Τὸν

117 996 221 1048 gadem»
241 996 352 1033 τοίνυν
382 995 439 1033 τὸν
466 993 499 1039 ἐξ
525 996 636 1032 αὐτῶν
654 995 700 1036 εἰς
720 992 867 1035 ἐκείνους
888 992 1067 1043 μεταθεὶς,
1085 992 1144 1030 καὶ

1212 441 1253 474 in
1284 439 1396 475 vobis
1428 438 1656 473 manserint.
1686 433 1816 473 Viden'
1848 448 1904 471 me
1924 434 2005 485 jure
2034 435 2195 485 superius

1211 499 1366 547 dixisse,
1397 498 1515 550 ipsum
1550 510 1698 549 operum
1733 494 2067 533 demonstrationem
2103 509 2196 545 quse-

1213 560 1312 598 rere?
1327 560 1418 597 Cum
1433 559 1585 597 dixisset
1610 558 1716 606 enim,
1738 556 1999 606 Quodcumque
2015 556 2197 608 petieritis,

1212 621 1355 670 faciam,
1376 620 1530 671 addidit,
1556 620 1596 658 Si
1612 620 1772 671 diligitis
1796 632 1870 664 me,
1898 618 2088 654 mandata
2114 631 2199 654 mea
2215 624 2303 651 „lam
2333 621 2379 660 ¹4·

1213 693 1380 729 servate5
1396 694 1429 722 et
1449 684 1521 732 hic,
1544 685 1584 722 Si
1613 685 1830 721 manseritis
1857 684 1898 718 in
1917 695 1990 727 me,
2020 689 2057 718 et
2077 683 2200 718 verba

1215 761 1301 785 mea
1322 750 1363 784 in
1383 749 1495 785 vobis
1511 748 1738 791 manserint,
1776 744 2040 797 quodcumque
2066 744 2200 782 volae-

1214 811 1313 856 ritis‚
1333 811 1464 861 petite,
1485 807 1608 860 etfiet
1641 808 1766 845 vohis.
1792 806 1876 842 Haec
1904 813 2023 842 autem
2049 803 2200 852 dicebat,

1215 869 1400 908 ostendens
1428 870 1510 907 illos
1543 868 1603 919 qui
1624 867 1884 905 insidiabantur
1909 866 1957 916 ei,
1977 866 2203 903 combustum

1215 931 1278 981 iri;
1294 931 1387 984 ipsos
1405 939 1525 968 autem
1539 930 1697 967 fructum
1709 929 1845 967 laturos
1864 941 1949 965 esse.
1973 928 2071 964 Metu
2086 926 2203 977 itaque

1216 1008 1261 1031 ex
1278 993 1336 1030 his
1355 992 1391 1030 in
1410 992 1491 1030 illos
1519 991 1699 1040 translato,
1721 999 1910 1043 postquam
1928 987 2081 1026 ostendit
2108 987 2203 1039 ipsos

117 1057 227 1102 δείξας
251 1057 304 1096 ὅτι
329 1057 424 1096 αὐτοὶ
446 1055 729 1107 ,ἀκαταγώνιστοι
756 1054 910 1102 ἔσονται,
934 1054 1037 1107 φησίν
1055 1070 1063 1078 ·
1082 1054 1144 1093 Ἓν
1166 1060 1190 1090 C
1216 1055 1513 1108 inexpugnabiles
1541 1055 1625 1103 fore,
1646 1054 1695 1092 ait
1716 1070 1724 1090 ε
1751 1053 1788 1091 8.
1806 1055 1857 1090 In
1872 1054 1944 1090 hoc
1964 1051 2204 1104 clarificatas

116 1119 228 1171 τούτῳ
250 1119 414 1165 ἐδοξάσθη
429 1121 447 1156 ὃ
466 1118 593 1169 Πατήρ
615 1133 678 1168 μου
693 1147 702 1164 ,
724 1116 782 1154 ἵνα
802 1119 900 1167 ὑμεῖς
925 1132 983 1167 μοι
1000 1116 1145 1168 γένησθε

120 1180 297 1231 μαθηταὶ,
327 1180 387 1218 καὶ
417 1180 550 1231 καρπὸν
573 1178 679 1217 πολὺν
706 1178 846 1231 φέρητε.
873 1177 1053 1216 Ἐντεῦθεν
1086 1178 1143 1216 τὸν

118 1241 219 1291 λόγον
252 1241 448 1285 ἀξιόπιστον
471 1245 576 1279 ποιεῖ.
597 1241 641 1277 Εἰ
660 1239 728 1291 γὰρ
748 1241 795 1282 εἰς
815 1238 913 1283 δόξαν
928 1243 987 1277 τοῦ
1005 1239 1147 1290 Πατρὸς

120 1302 241 1348 ἀνήκει
270 1303 309 1340 τὸ
341 1307 586 1354 καρποφορεῖν,
607 1303 667 1339 οὐκ
688 1300 857 1352 ἀμελήσει
888 1303 949 1346 τῆς
967 1299 1066 1347 δόξης
1085 1303 1147 1346 τῆς

119 1365 254 1401 ἑαυτοῦ.
290 1363 361 1401 Καὶ
393 1363 581 1414 γενήσεσθε
613 1361 692 1412 ἐμοὶ
729 1361 894 1411 μαθηταί.
930 1360 1039 1413 (Ορᾷς
1072 1363 1147 1403 πῶς

1080 1421 1148 1435 lx!

118 1427 137 1461 ὃ
163 1423 220 1461 τὸν
252 1423 386 1475 καρπὸν
423 1423 548 1475 φέρων,
580 1421 707 1465 ἐκεῖνός
738 1424 811 1460 ἐστι
845 1421 1020 1471 μαθητής
1041 1423 1087 1459 Τι
1111 1436 1148 1459 οε

118 1487 224 1532 ἐστιν,
246 1485 308 1522 Ἐν
328 1484 440 1536 τούτῳ
461 1482 625 1529 ἐδοξάσθη
649 1486 667 1520 ὁ
688 1482 835 1534 Πατήρ;
853 1481 1045 1528 Τουτέστι,
1066 1481 1147 1533 χαί-

120 1562 170 1598 ρει
190 1545 272 1583 ὅταν
291 1548 325 1584 ἐν
347 1546 424 1596 ἐμοὶ
444 1543 569 1595 μένητε
585 1575 594 1591 ,
611 1543 693 1581 ὅταν
713 1543 848 1596 καρπὸν
863 1541 1003 1595 φέρητε.
1022 1542 1147 1587 Καθὼς

116 1607 281 1659 ἠγάπησέ
314 1623 357 1657 με
377 1606 564 1658 ὁΠατὴρ,
598 1605 697 1656 κάγὼ
731 1604 901 1656 ἠγάπησα
935 1608 1038 1656 ὑμᾶς.
1068 1605 1148 1644 Ἐν-

117 1673 228 1708 ταῦθα
250 1669 372 1707 λοιπὸν
388 1667 695 1720 ἀνθρωπινώτερον
713 1666 913 1719 διαλέγεται
930 1683 938 1690 ·
953 1667 993 1705 τὸ
1006 1667 1091 1721 γὰρ,
1102 1670 1149 1710 ὡς
1169 1677 1194 1705 D

117 1731 229 1783 aitpbq
254 1729 454 1783 ἀνθρώπους
474 1728 672 1781 εἰρημένον,
690 1728 754 1775 τὴν
779 1727 909 1766 οἰκείαν
935 1728 1009 1780 ἔχει
1035 1728 1147 1782 ἰσχύν.

119 1792 163 1830 ‘O
181 1792 248 1843 γὰρ
280 1792 338 1828 καὶ
369 1792 553 1829 ἀποθανεῖν
582 1790 766 1840 ἑλόμενος,
796 1790 855 1828 καὶ
884 1789 1024 1834 δούλους
1048 1791 1149 1835 ὄντας

118 1853 177 1892 καὶ
207 1851 349 1904 ἐχθροὺς
368 1852 427 1890 καί
458 1851 646 1902 πολεμίους
666 1851 837 1898 τοσαύτης
862 1851 1080 1896 καταξιώσας
1098 1869 1151 1891 τι-

119 1916 206 1964 μῆς,
234 1913 293 1951 καὶ
314 1915 360 1956 εἰς
380 1912 545 1964 οὐρανοὺς
565 1911 581 1931 b
596 1911 792 1964 ἀναγαγὼν,
815 1911 923 1950 πόσον
950 1913 1150 1957 ἐπεδείξατο

120 1976 247 2028 μέτρον
268 1974 427 2025 ἀγάπης,
451 1976 491 2012 Εἰ
511 1974 625 2012 τοίνυν
641 1975 767 2025 ἀγαπῶ
787 1976 897 2024 ὑμᾶς,
921 1977 1098 2027 θαρρεῖτε·
1120 1978 1150 2013 εἰ

926 2035 1033 2086 μηδὲν
1063 2038 1149 2075 ὑπο-

118 2043 178 2076 τοῧ
202 2036 342 2088 Πατρός
365 2038 439 2074 ἐστι
468 2035 548 2079 δόξα
580 2036 618 2074 τὸ
648 2041 895 2087 καρποφορεῖν,

118 2098 265 2136 πτεύετε
285 2097 449 2150 πονηρόν.
475 2090 566 2135 Εἶτα
593 2096 650 2134 ἵνα
685 2096 733 2147 μὴ
761 2096 903 2140 ὑπτίους
934 2097 1147 2149 ἐργάσηται,

118 2158 183 2210 ὅρα
205 2161 280 2202 πῶς
299 2159 498 2211 ἐπισζιίγγει
516 2159 634 2197 πάλιν.
656 2158 811 2196 Μείνατε
830 2160 864 2195 ἓν
885 2161 928 2210 τῇ
956 2158 1075 2210 ἀγάπῃ
1104 2162 1148 2211 τῇ

117 2221 204 2270 ἐμῇι
226 2219 347 2258 τούτου
375 2220 442 2272 γὰρ
464 2222 562 2269 ὑμεῖς
591 2219 716 2271 κύριοι.
746 2221 829 2264 Πῶς
852 2218 888 2258 δὲ
904 2223 1006 2258 τοῦτο
1029 2221 1148 2269 ἔσται,

117 2280 202 2318 Ἐὰν
226 2280 287 2324 τὰς
311 2280 451 2323 ἐντολάς
469 2297 535 2331 μου
553 2283 685 2332 τηρῆτε
699 2310 708 2327 ,
729 2281 836 2332 φησὶ,
865 2280 980 2324 καθὼς
999 2281 1068 2333 ἐγὼ
1088 2287 1147 2321 τοῦ

117 2341 257 2393 Πατρὸς
279 2340 340 2384 τὰς
367 2341 508 2385 ἐντολὰς
537 2341 727 2394 τετήρηκα.
753 2342 868 2380 Πάλιν
889 2343 1112 2394 ἀνθρωπίνως
1131 2346 1148 2381 ὃ

117 2402 216 2453 λόγος
235 2402 404 2454 πρόεισιν.
420 2405 472 2441 Οὐ
491 2403 558 2456 γὰρ
577 2403 686 2449 δήπου
708 2407 725 2442 ὁ
740 2403 931 2453 νομοθέτης
959 2403 1026 2442 ὑπὸ
1050 2406 1148 2442 ἐντο-

1215 1120 1402 1157 estPaler
1417 1131 1535 1164 meus,
1559 1126 1601 1154 ut
1615 1117 1848 1169 efficiamini
1862 1117 1938 1152 mei
1958 1113 2151 1164 discipuli,
2169 1121 2204 1150 et

1205 1181 1388 1233 fructum
1404 1177 1614 1231 plurimum
1631 1179 1828 1230 asseratis.
1847 1175 1941 1213 Hinc
1963 1173 2036 1211 fide
2054 1173 2205 1224 dignum

1217 1256 1413 1279 sermonem
1433 1241 1576 1293 profert.
1600 1241 1693 1277 Nam
1713 1238 1741 1276 si
1761 1237 1806 1275 ad
1820 1237 1969 1289 gloriam
1983 1235 2099 1274 Patris
2118 1250 2204 1273 ver-

1218 1303 1269 1354 git
1289 1301 1386 1353 quod
1402 1302 1539 1339 fruetus
1565 1301 1748 1349 afferatur,
1773 1313 1843 1336 non
1866 1297 2021 1349 negliget
2057 1296 2207 1347 gloriam

1218 1377 1333 1401 suam.
1352 1364 1406 1400 Et
1425 1362 1653 1415 efficiemini
1669 1363 1743 1398 mei
1757 1359 1948 1411 discipuli.
1969 1356 2100 1397 Viden’
2121 1371 2208 1407 quo-

1218 1423 1324 1461 modo
1345 1423 1407 1460 ille
1429 1422 1491 1472 qui
1511 1423 1577 1459 fert
1610 1422 1766 1459 fructum
1788 1419 1987 1471 discipulus
2015 1417 2088 1455 sit?
2109 1417 2208 1464 Quid

1218 1484 1396 1535 significat
1423 1483 1528 1532 illud,
1550 1485 1600 1519 In
1622 1484 1694 1520 hoe
1711 1481 1951 1533 clarificatas
1974 1487 2030 1516 est
2057 1479 2208 1517 Pater?

1220 1545 1262 1582 Id
1281 1554 1344 1594 est,
1367 1543 1522 1591 Gaudet,
1544 1557 1627 1581 cum
1645 1556 1709 1581 vos
1728 1542 1764 1579 in
1785 1555 1840 1578 me
1852 1541 2014 1589 manetis,
2035 1555 2116 1578 cum
2136 1541 2208 1577 fru-

1219 1616 1315 1644 ctum
1332 1606 1444 1644 fertis.
1477 1606 1514 1643 9.
1535 1605 1641 1643 Sicut
1663 1604 1802 1641 dilexit
1833 1616 1892 1639 me
1909 1604 2043 1648 Pater,
2073 1610 2109 1639 et
2141 1616 2208 1653 ego

1218 1668 1339 1705 dilexi
1379 1681 1464 1705 vos.
1504 1666 1572 1703 Hic
1600 1665 1747 1703 demum
1780 1663 1973 1701 humanius
2012 1662 2170 1713 loquitur
2200 1678 2207 1697 ε

1218 1744 1300 1767 nam
1330 1728 1436 1777 illud,
1451 1737 1490 1766 ut
1510 1727 1556 1766 ad
1574 1727 1734 1764 homines
1756 1725 1905 1774 dictum,
1924 1724 2107 1777 propriam
2134 1723 2211 1761 vim

1217 1790 1338 1828 habet.
1365 1791 1458 1828 Nam
1478 1789 1541 1840 qui
1560 1788 1652 1826 mori
1671 1787 1786 1826 voluit
1800 1818 1812 1837 ,
1836 1786 1898 1838 qui
1921 1800 2053 1836 servos,
2091 1785 2210 1822 inimi-

1219 1865 1277 1889 cos
1304 1860 1338 1889 et
1369 1851 1485 1888 hostes
1522 1859 1619 1887 tanto
1644 1848 1812 1900 dignatus
1833 1856 1885 1885 est
1904 1847 2049 1895 honore,
2072 1846 2132 1896 qui
2165 1845 2211 1883 ad

1219 1912 1345 1950 caelum
1362 1911 1484 1962 duxit,
1506 1919 1681 1961 quantum
1697 1908 1827 1946 amoris
1847 1907 1994 1945 modum
2013 1906 2178 1944 exhibuit
2195 1906 2212 1943 9

1220 1974 1259 2012 Si
1280 1987 1362 2024 ergo
1390 1987 1453 2010 vos
1483 1971 1609 2022 diligo,
1628 1969 1810 2008 confidite.
1829 1969 1869 2006 Si
1890 1967 2007 2006 Patris
2023 1976 2074 2004 est
2099 1966 2211 2017 gloria

1219 2033 1314 2084 quod
1332 2034 1489 2070 fructum
1509 2032 1646 2081 seratis,
1678 2030 1768 2068 nihil
1802 2029 1936 2066 malum
1964 2027 2207 2079 suspicemini.

1219 2095 1358 2133 Deinde
1375 2108 1417 2132 ne
1435 2094 1580 2146 supinos
1594 2091 1769 2140 redderet,
1789 2091 1872 2129 vide
1891 2089 2070 2141 quomodo
2090 2103 2212 2126 rursus

1218 2157 1412 2196 devinciat.
1445 2158 1604 2194 „Manete
1638 2157 1677 2191 in
1705 2154 1911 2190 dilectione
1942 2165 2040 2188 mea.
2072 2150 2147 2187 Hoc
2174 2150 2211 2187 in

1220 2228 1335 2258 vestra
1348 2228 1399 2256 est
1423 2226 1607 2271 potestate.
1638 2214 1826 2263 Quomodo
1860 2222 1977 2250 autem
2011 2211 2078 2249 hoc
2111 2211 2209 2248 erit?

1221 2282 1285 2319 40.
1301 2282 1342 2320 Si
1357 2287 1553 2332 praecepta
1573 2292 1659 2315 mea
1683 2277 1942 2320 servaveritis,
1963 2276 2060 2311 sicut
2080 2280 2117 2309 et
2143 2286 2210 2324 ego

1215 2350 1408 2394 praecepta
1435 2341 1568 2377 Patris
1590 2340 1664 2375 mei
1697 2337 1866 2378 servavi,
1886 2335 2023 2371 Rursus
2054 2333 2210 2370 humano

1218 2400 1316 2439 more
1328 2414 1443 2439 sermo
1464 2397 1639 2451 procedit.
1666 2397 1789 2446 Neque
1803 2394 1897 2431 enim
1916 2392 2097 2443 legislator
2119 2406 2208 2444 prae-

117 2464 180 2506 λὰς
206 2463 331 2513 ἔμελλε
358 2463 547 2501 κείσεσθαι.
574 2463 683 2514 Ὁρᾷς
712 2463 789 2511 ὅτι,
820 2463 907 2515 ὅπερ
943 2464 996 2501 ἀεὶ
1032 2465 1145 2516 λέγω,
1169 2477 1192 2505 Ε
1219 2463 1329 2515 ceptis
1347 2461 1514 2499 subditus
1529 2473 1602 2497 esse
1621 2457 1784 2495 debebat.
1806 2454 1936 2494 ‘siden’
1958 2453 1995 2490 id
2006 2452 2102 2504 quod
2119 2467 2208 2490 sem-

118 2527 220 2561 τοῦτο
238 2523 297 2560 καὶ
318 2525 465 2561 ἐνταῦθα
479 2523 655 2561 δείκνυται
675 2523 732 2561 διὰ
748 2523 811 2570 τὴν
827 2526 896 2562 τῶν
917 2526 1148 2576 ἀκροωμένων

121 2583 320 2631 ἀσθένειαν,
342 2584 438 2636 Πρὸς
464 2585 532 2637 γὰρ
556 2584 619 2631 τὴν
646 2585 808 2622 ὑπόνοιαν
831 2588 944 2623 αὐτῶν
971 2585 1015 2624 τὰ
1034 2588 1148 2625 πολλὰ

118 2644 233 2695 λέγει,
253 2645 311 2682 καὶ
341 2645 398 2683 διὰ
420 2645 558 2683 πάντων
589 2645 760 2683 δείκνυσιν
780 2648 814 2683 ἐν
834 2646 1008 2698 ἀσφαλείᾳ
1029 2647 1149 2696 ὄντας,

119 2706 179 2743 καὶ
195 2705 274 2748 τοὺς
289 2705 432 2758 ἐχθροὺς
459 2708 572 2744 αὐτῶν
590 2706 870 2757 ἀπολλυμένους,
895 2707 954 2744 καὶ
983 2707 1035 2746 ὅτι
1065 2715 1148 2754 πᾶν,

119 2767 203 2819 ὅπερ
232 2767 383 2819 ἔχουσιν,
416 2768 485 2806 ἀπὸ
506 2773 566 2806 τοῦ
586 2768 671 2806 Υἱοῦ
697 2767 848 2820 ἔχουσιν,
883 2768 941 2806 καὶ
970 2767 1046 2817 ὅτι,
1076 2769 1149 2820 βίον

120 2827 160 2865 ἂν
194 2829 433 2873 ἐπιδείξωνται
469 2829 634 2881 καθαρὸν,
671 2829 782 2873 οὐδεὶς
816 2831 928 2867 αὐτῶν
967 2830 1151 2882 περιέσται

118 2889 216 2927 ποτέ.
237 2890 370 2928 Σκόπει
405 2890 439 2928 δὲ
460 2891 561 2928 αὐτὸν
590 2890 880 2943 αὑθεντικώτερον
903 2893 1017 2935 αὐτοῖς
1037 2893 1150 2930 διαλε-

119 2949 280 3001 γόμενον.
309 2952 362 2988 Οὔ
394 2951 462 3003 γὰρ
496 2946 592 3000 εἰπε,
628 2953 768 3003 μείνατε
800 2954 834 2990 ἐν
861 2956 904 3004 τῇ
939 2953 1058 3005 ἀγάπῃ
1090 2957 1150 2990 τοῧ

119 3011 286 3062 Πατρὸς,
319 3013 411 3059 ἀλλ’,
441 3013 502 3051 Ἐν
522 3017 566 3065 τῇ
593 3016 674 3066 ἐμῇ.
711 3008 801 3053 Εἶτα
831 3014 889 3053 ἵνα
915 3015 962 3065 μὴ
990 3016 1150 3066 λέγωσιν,

118 3070 176 3110 ὅτε
194 3079 301 3110 πᾶσιν
323 3075 416 3123 ἡμᾶς
441 3073 726 3125 ἐξεπολέμωσας,
750 3075 828 3112 τότε
855 3079 950 3126 ἡμᾶς
972 3076 1076 3127 ἀφίης
1092 3075 1151 3113 καὶ

120 3133 333 3185 ἀναχωρεῖς·
362 3134 533 3172 δείκνυσιν
562 3134 614 3173 ὅτι
648 3138 710 3174 οὐκ
738 3137 896 3188 ἀφίησιν,
935 3138 1010 3174 ἀλλ’
1045 3136 1151 3180 οὕτως

120 3196 236 3238 αὐτοῖς
255 3195 486 3243 κεκόλληται,
510 3196 569 3234 ἐὰν
591 3196 750 3245 θέλωσιν,
774 3201 820 3241 ὡς
841 3198 880 3236 τὸ
902 3199 1023 3248 κλῆμα
1049 3200 1083 3236 ἐν
1107 3202 1150 3245 τῆ

123 3255 282 3308 ἀμπέλῳ.
302 3256 372 3294 Καὶ
396 3257 501 3295 πάλιν
531 3257 586 3295 ἵνα
607 3258 656 3308 μὴ
678 3259 924 3310 θαρρήσαντες,
950 3258 1065 3298 ὕπτιοι
1096 3243 1156 3312 γέ.-

168 3387 181 3399 “
201 3387 373 3429 [αἰτήσεσθε
391 3388 492 3431 Bibl.‚
509 3390 609 3423 Savil.
626 3398 659 3423 et
676 3390 760 3424 Cod.
783 3393 857 3425 705.
882 3392 1071 3434 Legebatur
1085 3400 1169 3433 ultr}-

126 3445 224 3473 σασθε.
244 3440 329 3475 Cod.
344 3443 407 3474 709
426 3444 630 3486 αἰτήσασθαι]

1163 2987 1200 3051 [Ἃ
1226 3008 1361 3058 Patris;
1387 3007 1465 3056 sed,
1486 3009 1536 3044 In
1555 3007 1762 3044 dilectione
1782 3017 1880 3041 mea.
1906 3001 2045 3039 Deinde
2061 3015 2104 3039 ne
2121 3001 2215 3038 dice-

1218 2537 1282 2575 per
1299 2522 1393 2570 dico,
1418 2521 1478 2558 hic
1506 2520 1615 2557 etiam
1643 2517 1805 2554 exbiberi
1830 2524 1974 2567 propter
2002 2513 2207 2551 auditorum

1219 2582 1527 2621 imbecillitatem?
1556 2581 1648 2617 Nam
1674 2577 1872 2616 secundum
1900 2576 2046 2614 illorum
2072 2575 2208 2627 opinio-

1219 2658 1299 2682 nem
1318 2643 1430 2681 multa
1458 2641 1561 2691 dicit,
1584 2655 1624 2678 ac
1643 2654 1706 2692 per
1724 2638 1842 2676 omnia
1870 2635 2036 2686 ostendit,
2070 2636 2151 2674 illos
2172 2637 2208 2674 in

1220 2713 1296 2742 tuto
1322 2718 1418 2752 esse,
1436 2712 1469 2740 et
1487 2701 1648 2739 inimicos
1663 2700 1808 2737 illorum
1835 2712 1979 2750 pessum
2008 2697 2084 2746 ire,
2105 2707 2210 2748 atque

1220 2765 1339 2803 omnia
1363 2778 1439 2815 quae
1470 2763 1625 2812 habent,
1644 2776 1665 2799 a
1691 2761 1785 2799 Filio
1806 2760 1950 2807 habere,
1980 2768 2013 2796 ct
2040 2759 2069 2796 si
2097 2759 2209 2797 vitam

1219 2840 1348 2878 puram
1371 2833 1492 2876 agant,
1527 2838 1547 2861 a
1583 2822 1693 2860 nullis
1712 2834 1885 2872 umquam
1918 2829 2122 2871 superatum
2148 2819 2206 2856 iri.

1222 2885 1478 2924 Animadverte
1508 2893 1626 2922 autem
1663 2897 1744 2920 cum
1773 2889 1906 2933 quanta
1927 2880 2092 2930 loquatur
2125 2880 2212 2932 ipsis

1180 2985 1209 3009 ,9
1224 2947 1444 2985 auctoritate.
1468 2946 1548 2984 Non
1566 2944 1662 2983 dixit
1679 2944 1786 2993 enim,
1807 2944 1948 2980 Manete
1969 2942 2005 2979 in
2025 2940 2213 2978 dilectione

1227 3079 1315 3120 rent,
1333 3071 1526 3120 Postquam
1543 3082 1606 3106 nos
1625 3067 1791 3105 omnibus
1810 3064 1973 3102 inimicos
1986 3063 2114 3113 fecisti,
2134 3072 2217 3100 tunc

1229 3146 1292 3170 nos
1315 3131 1487 3182 relinquis
1507 3140 1539 3168 et
1558 3128 1692 3167 recedis
1707 3143 1716 3178 5
1733 3126 1885 3165 ostendit
1914 3140 1948 3163 se
1973 3125 2053 3162 illos
2072 3138 2141 3161 non
2157 3138 2218 3160 re—

1229 3193 1403 3243 linquere,
1431 3191 1494 3229 sed
1522 3190 1571 3228 ita
1589 3189 1674 3242 ipsis
1702 3186 1876 3240 copulari,
1890 3184 2081 3236 siquidem
2093 3183 2219 3232 velint,

1233 3264 1272 3292 ut
1285 3254 1471 3307 palmitem
1489 3252 1570 3291 viti.
1594 3252 1820 3300 Rursumque
1842 3262 1885 3285 ne
1903 3246 2053 3284 nimium
2074 3244 2223 3283 fidentes

1271 3402 1284 3415 ἢ
1299 3388 1415 3422 Morel.
1434 3393 1507 3434 πρὸς
1521 3391 1688 3426 ἀνθρώπου.

1267 3445 1282 3468 ¹³
1299 3440 1400 3477 Savil.
1420 3446 1585 3481 ἀναγαγών.
1606 3434 1665 3467 Alii
1684 3439 1811 3475 ἀνάγων.

2221 663 2331 702 [¹445.

2278 2465 2320 2492 Cb
2327 2467 2412 2493 ristus

2251 2508 2411 2535 secuudum

2244 2550 2413 2576 auditorum

2223 2590 2395 2619 imbecilliia
2408 2605 2415 2610 ι

2226 2641 2283 2661 tem
2323 2631 2414 2658 multa

2224 2674 2366 2711 loquitur.
