2481 3678
701 210 741 239 ix
779 208 984 239 mmmm
1020 207 1173 237 nomn.
1214 207 1306 236 xiv.
1347 192 1409 236 al.

91 325 152 360 μεν
181 311 227 353 εἷς
242 313 350 347 ταῦτα
368 307 411 346 τὰ
431 306 662 360 θυσιαστήρια
689 309 765 345 καθ’
796 307 945 354 ἑκάστην
963 304 1110 356 ἡμέραν.

90 369 188 416 Αὕτη
210 369 278 421 γὰρ
296 368 354 406 καὶ
373 370 475 420 εὖχῆς
491 366 549 404 καὶ
571 367 728 414 νηστείας
748 367 808 406 καὶ
827 369 964 406 πολλῶν
985 365 1110 417 ἑτέρων

89 431 162 468 ἐστὶ
197 429 322 480 μείζων
337 432 359 475 ἡ
381 427 499 465 θυσία·
526 427 629 478 μόνον
657 428 697 466 ἂν
727 431 765 467 ἐκ
804 428 936 466 δικαίου
972 427 1112 479 κέρδους

90 491 148 528 καὶ
174 490 288 528 πόνων
320 488 498 536 τοιούτων,
522 488 580 526 καὶ
613 489 728 535 πάσης
753 484 776 541 ᾗ
804 488 940 540 καθαρὰ
967 488 1111 524 πλεονε-

90 551 162 596 ξίας
179 552 237 590 καὶ
257 551 417 602 ἁρπαγῆς
449 549 508 587 καὶ
529 549 618 600 βίας.
641 549 815 592 Τοιαύτας
839 548 906 601 γὰρ
933 545 1113 598 προσίεται

89 611 289 666 προσφορὰς
307 614 349 648 ³¹6
368 610 474 659 Θεὸς,
493 610 556 653 τὰς
575 609 611 648 δὲ
632 611 751 662 ἑτέρας
770 609 829 647 καὶ
859 607 1113 660 ἀποστρέφεται

90 674 148 712 καὶ
174 678 279 724 μισεῖ.
306 671 399 711 Οὐδὲ
414 672 480 724 γὰρ
507 670 666 722 βούλεται
686 670 719 714 ἐξ
739 669 930 722 ἀλλοτρίων
945 672 1115 719 τιμᾶσθαι

89 737 290 788 συμφορῶν.
314 733 520 784 Ἀκάθαρτος
540 731 606 783 γὰρ
624 730 682 769 καὶ
697 730 842 782 βέὲηλος
855 734 877 777 ἡ
895 729 1036 775 τοιαύτη
1058 733 1115 766 θυ-

89 795 164 844 σία,
196 795 255 833 καὶ
285 793 503 847 παροξύνειεν
530 792 569 829 ἂν
592 793 736 842 μᾶλλον,
764 789 1028 836 ἢὺέξιλειῖωαιε
1056 789 1113 828 τὸν

88 856 190 895 Θεόν.
211 856 275 893 Διὸ
303 855 400 906 πάσῃ
431 854 481 891 δεῖ
500 855 694 905 κεχρῆσθαι
721 852 876 903 σπουδῇ,
899 851 990 889 ὥστε
1012 850 1060 902 μὴ
1080 853 1113 888 ἐν

88 916 182 961 τάξει
206 915 389 968 θεραπείας
408 915 464 952 τὸν
479 913 676 965 τιμώμενον
706 912 905 964 ἐξυὸρίζειν.
925 914 970 950 Εἰ
989 912 1057 965 γὰρ
1070 911 1115 950 τὰ

88 979 262 1053 δευτερεῖα
278 974 517 1030 προσενεγκὼν
533 977 551 1012 ὃ
568 974 671 1022 Κάϊν,
694 974 753 1012 καὶ
769 978 880 1012 ταῦτα
902 972 978 1012 οὐδὲ
992 975 1117 1020 ἠδικη-

88 1037 157 1082 κὼς
180 1037 309 1092 ἕτερον,
337 1038 443 1075 ἔδωκε
475 1036 573 1083 δίκην
601 1035 664 1082 τὴν
693 1035 864 1087 ἐσγάτην·
893 1034 973 1074 οταν
992 1051 1051 1073 και
1082 1035 1116 1079 ἐξ

89 1101 250 1153 ἁρπαγῆς
266 1099 325 1137 καὶ
345 1097 541 1142 πλεονεξίας
556 1112 688 1149 προσφε
681 1095 807 1149 ρωμέν
821 1113 875 1144 τι,
895 1099 969 1140 πῶς
989 1099 1026 1134 οὐ
1041 1113 1116 1134 πει-

90 1162 221 1212 σόμεθα
239 1159 489 1213 γαλεπωτερα,
511 1159 579 1196 Διὰ
597 1158 663 1209 γαρ
685 1173 785 1195 τουτο
815 1157 873 1195 καὶ
893 1157 932 1196 τὸ
952 1150 1038 1201 εἶδος
1055 1161 1118 1203 τῆς

91 1224 211 1261 ἐντολ
190 1238 230 1268 ης
258 1221 386 1268 ταύτης
409 1218 582 1263 υπέδειξεν
600 1222 685 1269 ἡμῖν
708 1221 725 1256 ὁ
746 1218 887 1265 Θεος,
883 1218 937 1255 ι’να
955 1219 1117 1268 ἐλεωμεν,

91 1285 156 1335 οὐχ
176 1282 232 1320 ἵνα
259 1282 460 1331 κολάζωμεν
481 1280 558 1323 τοὺς
578 1278 792 1330 ὁμοδούλους.
814 1278 858 1317 Ὁ
880 1278 915 1316 δὲ
934 1278 977 1316 τὰ
993 1278 1119 1332 ἑτέρων

91 1343 293 1394 λαμὸάνων,
318 1343 378 1381 καὶ
405 1341 512 1394 ἑτέρῳ
534 1340 666 1389 διδοὺς,
690 1343 750 1379 οὐκ
777 1341 937 1388 ἠλέησεν,
955 1342 1031 1378 ἀλλ’
1053 1343 1121 1378 ἐτι-

1028 1401 1121 1438 (Ώσ-

92 1480 158 1516 περ
184 1458 240 1502 οὖν
263 1464 377 1502 ἔλαιον
399 1466 461 1502 οὐκ
488 1462 528 1500 ἂν
546 1462 641 1500 τέκοι
661 1461 772 1509 λίθος,
792 1462 900 1506 οὕτως
926 1461 1003 1500 οὐδὲ
1029 1461 1121 1508 ἀπή-

93 1403 302 1455 μωρήσατο,
324 1403 383 1441 καὶ
399 1403 563 1449 ἠδίκησεν
585 1400 722 1439 ἀδικίαν
741 1401 803 1448 τὴν
824 1402 989 1453 ἐσχάτην.

92 1541 166 1563 νεια
187 1524 460 1577 φιλανθρωπίαν.
481 1523 597 1562 σΟταν
621 1522 689 1575 γὰρ
717 1522 882 1570 τοιαύτην
916 1523 980 1575 ἔχῃ
1013 1523 1121 1578 ῥίζαν,
1142 1529 1167 1558 D

93 1588 153 1625 οὐκ
172 1586 223 1624 ἔτι
255 1584 470 1636 ἐλεημοσύνη
498 1585 538 1623 τὸ
564 1583 715 1622 τοιοῦτόν
737 1586 821 1622 ἐστι.
845 1584 907 1622 Διὸ
925 1586 1122 1637 παρακαλῶ

94 1647 142 1698 μὴ
161 1647 246 1699 πρὸς
264 1662 363 1685 τουτο
384 1650 466 1722 ὁρᾶν
483 1645 599 1696 μόνον,
619 1660 712 1688 οπως
733 1644 944 1697 παρέχωμεν
962 1651 1032 1689 τοῖς
1049 1646 1121 1683 330-

95 1709 230 1760 μένοις,
249 1708 338 1746 ἀλλὰ
359 1708 419 1746 καὶ
438 1723 530 1750 οπως
557 1705 605 1758 μὴ
631 1707 670 1743 ἐκ
689 1722 752 1751 της
767 1722 835 1743 των
856 1706 982 1759 ἑτέρων
1006 1708 1121 1759 ἁρπα-

93 1772 168 1822 γῆς.
197 1765 259 1814 Εἷς
273 1769 341 1823 γὰρ
361 1768 562 1821 ευγόμενος,
588 1783 647 1805 και
665 1770 712 1811 εἷς
740 1766 1007 1844 καταρώμενος,
1031 1768 1121 1813 τίνος

93 1836 208 1884 φωνῆς
241 1831 425 1870 ἀκούσεται
461 1834 478 1868 ὃ
513 1829 713 1877 Δεσπότης,
746 1828 805 1867 Αν
840 1829 949 1875 οὕτως
981 1830 1121 1874 ἑαυτοὺς

95 1893 184 1946 μετὰ
199 1892 415 1946 ἀκριὸείας
394 1904 546 1943 αγωμεν,
566 1891 784 1942 δυνησόμεθα
798 1895 840 1942 τῇ
861 1908 920 1930 του
942 1894 1033 1932 Θεου
1050 1893 1120 1945 χά-

95 1957 305 2008 ριτιπολλης
327 1952 589 2006 φιλανθρωπίας
616 1968 675 1990 και
698 1953 810 1996 ἐλέους
835 1954 893 1992 καὶ
914 1954 1121 2007 συγ(νώμης

93 2022 209 2069 τυχεῖν
230 2019 280 2068 ἐφ’
303 2019 351 2059 οἱς
383 2016 585 2067 ἡμάρτομεν
613 2015 730 2053 πάντα
755 2015 813 2054 τὸν
842 2017 974 2068 μακρὸν
1002 2023 1118 2057 τοῦτον

94 2078 229 2131 χρόνον,
243 2077 302 2115 καὶ
331 2092 387 2114 τον
407 2092 466 2115 του
495 2092 602 2127 πυρος
622 2092 778 2127 ποταμον
800 2078 980 2129 ἐκφυγεῖν·
1007 2074 1044 2118 οῧ
1065 2098 1120 2133 γε-

95 2155 187 2177 νοιτο
212 2139 344 2182 πάντας
360 2142 454 2188 ἧμας
470 2137 772 2189 απαλλαγένταςς
784 2140 832 2181 εἰς
850 2139 913 2186 την
935 2156 1003 2178 των
1019 2157 1119 2195 ουρα-

95 2203 162 2239 νῶν
191 2202 342 2238 ἀνελθεῖν
364 2198 555 2251 βασιλείαν,
575 2199 695 2251 γάριτι
722 2199 781 2237 καὶ
797 2201 1041 2254 φιλανθρωπία
1060 2219 1119 2241 του
1143 2197 1167 2227 E

96 2261 224 2314 Κυρίου
250 2264 351 2311 ἡμῶν
369 2261 485 2307 Ἰησου
505 2261 680 2312 Χριστου,
698 2261 740 2298 δι’
768 2264 805 2298 οὑ
833 2261 892 2300 καὶ
919 2265 993 2312 μεθ’
1013 2266 1050 2300 οὑ
1071 2281 1121 2316 τῳ

274 2322 325 2337 Nl?

96 2322 214 2375 Πατρι
227 2326 248 2369 ἡ
271 2338 369 2370 οοςα,
386 2322 460 2372 ἅμα
478 2324 528 2359 τῶ
548 2321 635 2373 ἁγίῳ
650 2321 856 2374 Πνεύματι,
875 2325 921 2366 εἷς
939 2339 1017 2366 τους
1033 2326 1121 2361 αἰδ-

97 2401 159 2428 νας
176 2399 244 2422 των
263 2382 409 2424 αἰώνων.
428 2383 550 2434 Ἀμήν.

142 2588 155 2602 f·
179 2578 294 2610 Mor-el.
313 2586 402 2621 μόνον
419 2582 433 2612 ὁ
451 2584 522 2617 θεάς.
541 2580 669 2622 [Supra
689 2580 790 2613 Saxil.
809 2589 841 2613 et
858 2581 968 2617 Codd.
991 2584 1047 2615 cit.
1064 2588 1106 2619 32-

100 2638 183 2665 καίου
199 2638 314 2674 γένηται
331 2631 478 2676 κέρδουςᾸ

145 2687 161 2709 h
185 2683 286 2716 Savil.
306 2687 482 2723 ἐξιλεώσαιε.
500 2682 614 2714 Morel.
635 2687 831 2723 ἐξιλεώσαιτο.

1450 207 1547 237 XIII.

2105 194 2166 255 89

1180 303 1329 353 dilecti,
1351 303 1590 341 sacrificemus
1622 302 1779 354 quotidie
1810 303 1846 340 in
1874 303 1970 341 hisce
1989 306 2069 341 aris.
2092 306 2167 343 lloc

1181 363 1313 415 quippe
1329 363 1558 413 sacrificium,
1578 372 1610 401 ct
1629 364 1793 415 precibus
1813 373 1844 401 ct
1862 364 1995 415 jejunio
2026 374 2059 402 et
2078 366 2168 402 mul-

1181 424 1226 461 tis
1249 423 1328 461 aliis
1348 425 1572 476 praestantius
1592 433 1666 474 est;
1687 424 1775 462 dum
1804 438 1847 463 ex
1877 425 1974 476 justo
1996 424 2106 473 lucro,
2124 440 2167 463 ex

1176 484 1285 536 justis
1302 485 1484 523 laboribus
1504 485 1729 538 procedat,et
1746 486 1862 524 omnis
1881 486 1925 524 sit
1944 500 2067 538 expers
2086 501 2170 524 ava-

1181 544 1286 595 ritiae,
1318 545 1464 597 rapinae,
1499 546 1686 584 violentiae.
1720 546 1826 584 Tales
1856 546 1948 584 enim
1976 547 2170 584 oblationes

1182 605 1339 644 admittit
1360 608 1482 657 Deus3
1513 617 1655 645 caeteras
1678 617 1796 645 autem
1823 617 2006 645 aversatur
2025 617 2058 645 ct
2079 608 2167 646 odit.

1182 668 1305 719 Neque
1331 668 1425 706 enim
1445 668 1525 706 vult
1547 683 1591 707 ex
1611 669 1764 707 aliorum
1785 668 2047 707 calamitatibus
2063 670 2173 707 hono-

1183 729 1267 767 rari.
1286 730 1474 782 Impurum
1502 744 1652 781 namque
1680 730 1939 782 profanumque
1966 740 2017 768 est
2044 731 2171 783 liujus—

1184 790 1281 827 modi
1312 790 1547 839 sacrificium,
1584 793 1770 843 Deumque
1799 791 1917 843 potius
1949 791 2169 841 irritaverit,

1183 865 1291 901 quam
1305 852 1515 904 placaverit.
1537 852 1762 905 Quapropter
1784 853 1880 890 omni
1903 852 2020 891 studio
2040 854 2169 892 eniten-

1136 919 1159 947 C
1183 911 1271 950 dum
1286 921 1350 961 est,
1368 927 1410 951 ne
1436 913 1553 952 cultus
1580 914 1736 963 nomine,
1756 928 1862 965 quem
1881 914 2054 952 honorare
2072 916 2175 954 volu-

1185 987 1276 1023 mus,
1299 973 1429 1026 probro
1441 975 1653 1013 afficiamus.
1677 975 1715 1013 Si
1732 975 1826 1013 enim
1843 976 1945 1024 Ca'i'n,
1962 976 2023 1028 qui
2039 991 2077 1014 ea
2097 990 2175 1027 quae

1184 1034 1361 1073 inferioris
1374 1035 1589 1075 conditionis
1608 1046 1707 1075 erant
1726 1037 1869 1086 obtulit,
1889 1052 1952 1075 nec
1973 1037 2176 1090 quempiam

1184 1095 1338 1146 laeserat,
1370 1106 1546 1136 extremas
1579 1098 1678 1136 dedit
1710 1113 1858 1151 poenas,
1897 1113 1979 1136 eum
2011 1100 2100 1150 quid
2131 1113 2176 1137 ex

1185 1158 1307 1210 rapina
1339 1167 1372 1196 et
1399 1159 1548 1198 avaritia
1572 1160 1833 1209 obtulerimus,
1862 1174 1978 1198 annon
2010 1161 2176 1212 graviora

1187 1218 1362 1269 patiemur
1379 1224 1394 1256 Ρ
1413 1219 1497 1257 Ideo
1520 1234 1671 1271 namque
1689 1222 1786 1258 Deus
1805 1221 1913 1272 hujus
1934 1221 2097 1273 praecepti
2118 1236 2177 1259 ra-

1187 1278 1438 1326 tionem,nobis
1464 1279 1668 1327 declaravit,
1695 1289 1733 1317 ut
1764 1280 2008 1328 misereamus,
2041 1296 2109 1320 non
2138 1291 2177 1320 ut

1189 1353 1373 1379 conservos
1404 1351 1631 1392 torqueamus
1642 1357 1653 1391 3
1679 1342 1740 1393 qui
1760 1352 1877 1380 autem
1899 1343 2013 1382 aliena
2032 1344 2123 1396 rapit
2144 1353 2178 1381 et

1188 1401 1292 1439 alteri
1314 1401 1400 1451 dat,
1438 1403 1468 1440 is
1496 1417 1564 1440 non
1596 1403 1877 1442 misericordiam
1904 1406 2085 1453 exercuit,
2117 1405 2179 1443 sed

1190 1461 1293 1513 laesit,
1324 1472 1357 1500 et
1378 1472 1572 1501 extremam
1595 1473 1760 1515 operatus
1790 1465 2011 1515 iniquitatem
2041 1475 2104 1503 est.
2128 1468 2179 1504 Ut

1192 1536 1273 1573 ergo
1288 1523 1380 1575 lapis
1398 1537 1594 1573 numquam
1616 1524 1733 1561 oleum
1752 1524 1882 1575 pariat,
1901 1525 1950 1562 sic
1970 1540 2032 1563 nec
2054 1526 2180 1563 crude-

1190 1582 1271 1621 litas
1298 1583 1570 1622 humanitatem.
1607 1585 1698 1622 Cum
1727 1585 1821 1622 enim
1859 1586 1941 1623 talis
1975 1586 2020 1623 sit
2051 1586 2179 1635 radix,

1191 1658 1386 1696 numquam
1401 1645 1439 1683 id
1451 1646 1674 1699 eleemosyna
1690 1646 1810 1684 fuerit.
1822 1647 2064 1694 Quamobrem
2080 1649 2180 1687 obse-

1191 1720 1249 1743 cro
1269 1721 1311 1744 ne
1330 1720 1370 1745 eo
1390 1707 1506 1745 solum
1535 1717 1733 1760 spectemus
1756 1717 1795 1746 ut
1816 1708 2074 1762 eleemosynam
2104 1725 2180 1748 ero-

1191 1782 1328 1820 gemus,
1340 1767 1402 1806 sed
1418 1769 1525 1807 etiam
1543 1779 1583 1807 ut
1601 1784 1644 1808 ne
1660 1784 1705 1808 ex
1724 1770 1847 1822 rapina
1862 1770 2070 1822 largiamur.
2088 1773 2181 1810 Nam

2224 498 2304 526 Dona
2335 510 2370 527 ex

2185 542 2280 576 rapina
2311 542 2349 567 im
2361 557 2369 561 -

2187 582 2354 619 probantur.

1190 1839 1263 1868 esto
1285 1831 1392 1869 Unus
1413 1835 1481 1883 qui
1500 1840 1688 1882 precetur,
1711 1832 1812 1870 alter
1831 1832 1896 1884 qui
1920 1834 2148 1883 imprecetur
2162 1849 2180 1882 ,·
2195 1848 2289 1876 Eccli.
2313 1846 2362 1888 34.

1192 1894 1314 1929 utrt'us
1344 1905 1479 1929 vocem
1505 1893 1636 1929 audiet
1659 1894 1877 1931 Dominus?
1902 1893 1941 1931 Si
1970 1908 2032 1931 nos
2056 1894 2107 1932 sic
2124 1895 2180 1933 di-
2195 1898 2246 1927 ²9·

1190 1953 1341 2005 ligenter
1372 1953 1601 1992 instituamus
1617 1984 1627 2003 ,
1647 1969 1709 2007 per
1729 1955 1792 1993 Dei
1817 1955 1968 2007 gratiam
1983 1957 2181 2008 poterimus

1191 2016 1343 2054 multam
1364 2016 1619 2068 benignitatem
1635 2047 1645 2066 ,
1666 2017 1947 2056 misericordiam
1978 2028 2011 2056 et
2040 2020 2181 2058 veniam

1191 2077 1363 2127 omnium,
1382 2092 1460 2129 quae
1478 2077 1546 2115 hoc
1574 2077 1746 2116 diuturno
1774 2088 1931 2131 tempore
1949 2080 2179 2130 admisimus,

1192 2148 1417 2191 peccatorum
1443 2139 1621 2190 consequi,
1640 2153 1681 2176 ac
1709 2140 1861 2178 fluvium
1880 2140 2023 2192 igneum
2045 2142 2180 2194 effuge-

1192 2214 1246 2250 re,
1266 2215 1286 2238 a
1313 2215 1382 2251 quo
1411 2200 1521 2253 erepti
1543 2230 1553 2249 ,
1584 2201 1722 2238 utinam
1741 2216 1804 2239 nos
1823 2216 1943 2240 omnes
1962 2204 2008 2240 ad
2034 2218 2181 2255 regnum

1191 2262 1356 2300 caelorum
1376 2261 1627 2311 ascendamus,
1648 2263 1760 2314 gratia
1780 2272 1813 2301 et
1843 2264 2083 2302 misericordia
2104 2268 2179 2303 Do-

1191 2325 1278 2363 mini
1311 2325 1421 2363 nostri
1442 2327 1526 2364 Jesu
1558 2325 1707 2375 Christi,
1728 2340 1792 2377 per
1814 2340 1920 2376 quem
1952 2336 1985 2364 et
2008 2341 2090 2364 cum
2111 2342 2181 2377 quo

1192 2387 1290 2424 Patri
1315 2387 1448 2439 gloria,
1466 2386 1572 2425 simul
1592 2395 1625 2424 et
1653 2395 1772 2425 sancto
1802 2387 1966 2439 Spiritui,
1997 2388 2032 2424 in
2053 2388 2179 2425 saecula

1195 2449 1419 2487 saeculorum.
1445 2451 1569 2485 Amen.

1216 2595 1229 2609 ε
1252 2583 1307 2616 Sic
1321 2583 1423 2616 Savil.
1441 2591 1473 2615 et
1488 2584 1564 2615 Mss.
1582 2590 1616 2614 et
1639 2582 1684 2615 ita
1708 2582 1788 2626 legit
1810 2584 1997 2626 Interpres;
2012 2584 2126 2617 Morel.
2145 2592 2183 2624 εἷς

1174 2641 1224 2670 τὸν
1242 2645 1299 2669 τῶν
1316 2640 1446 2681 οὐρανῶν
1460 2640 1650 2674 ἀνακλιθῆναι
1667 2645 1817 2681 volupia-³2.

125 2820 2163 2850 Q

480 2957 658 2994 OMIAIA
689 2955 742 2994 ιδ’.

102 3077 172 3116 Καὶ
192 3080 230 3116 ἐκ
249 3081 308 3116 τοῦ
330 3077 566 3131 πληρώματος
596 3082 699 3118 αὐτοῦ
721 3083 822 3130 ἡμεῖς
851 3080 977 3125 πάντες
1003 3082 1125 3120 ἐλάὲο-

340 3157 415 3191 μεν,
436 3140 496 3178 καὶ
515 3141 619 3194 χάριν
640 3142 716 3180 ἀντὶ
736 3142 890 3194 χάριτος.

157 3260 286 3313 Πρῴην
320 3261 480 3313 ἐλέγομεν
500 3261 553 3300 ὅτι
575 3262 739 3310 Ἰωάννης
768 3263 830 3310 τὴν
859 3263 1006 3316 ἀπορίαν
1037 3265 1127 3304 λύων

106 3324 172 3358 τῶν
194 3321 387 3371 μελλόντων
408 3324 492 3374 πρὸς
513 3323 651 3367 ἑαυτοὺς
671 3326 796 3371 ζητεῖν,
817 3325 918 3363 πόθεν
941 3329 959 3364 ὃ
979 3327 1128 3380 Χριστὸς

108 3381 247 3433 ὕστερον
269 3384 325 3422 ἐπὶ
344 3384 383 3422 τὸ
405 3384 568 3436 κήρυγμα
596 3384 716 3432 ἐλθὼν,
732 3388 868 3437 πρῶτος
891 3389 992 3425 αὐτοῦ
1012 3388 1127 3439 γέγονε

1151 2963 1181 3028 28
1522 2962 1731 3001 HOMILIA
1757 2963 1863 3003 XIV.

1200 3086 1260 3123 16.
1285 3086 1336 3123 Et
1353 3086 1401 3123 de
1417 3086 1660 3136 plenitudine
1676 3088 1759 3137 ejus
1787 3099 1856 3123 nos
1879 3100 2008 3124 omnes
2034 3092 2181 3138 accepi-

1396 3160 1480 3184 mus
1493 3175 1503 3193 ,
1528 3156 1563 3184 et
1581 3149 1745 3198 gratiam
1758 3160 1828 3198 pro
1843 3150 1980 3199 gratia.

1255 3269 1292 3304 1.
1324 3268 1446 3319 Nuper
1464 3267 1688 3314 dicebamus,
1709 3269 1900 3317 Joannem,
1931 3278 1969 3305 ut
1988 3268 2182 3306 dubitatio-

1202 3342 1283 3366 nem
1298 3342 1418 3366 eorum
1438 3329 1604 3378 solveret,
1621 3329 1682 3380 qui
1698 3329 1793 3381 apud
1813 3344 1849 3368 se
1863 3330 2045 3380 quaesituri
2069 3341 2182 3376 erant,

1203 3404 1265 3426 cur
1280 3389 1444 3428 Christus
1461 3390 1522 3441 qui
1539 3391 1710 3442 posterior
1726 3390 1771 3428 ad
1788 3391 2052 3443 praedicandum
2071 3393 2183 3435 venit,
