2481 3678
765 194 808 224 IN
846 194 1055 225 JoixNNEM
1091 189 1246 222 11031112.

128 279 313 330 θαυμάτων
332 278 518 324 ἀπόδειξιν,
536 281 582 322 εἷς
610 279 652 326 ἢν
672 281 817 333 ὁρῶντες
837 282 1054 320 ἐὸεὲαιοῦντο
1079 281 1151 317 λοι-

128 340 204 379 πόν.
221 341 267 378 Εἰ
282 339 349 393 γὰρ
377 339 523 392 Ἰωάννῃ
536 370 545 387 ,
563 340 666 391 φησὶ,
686 342 859 380 πιστεύειν
880 345 1004 394 ἐχρῆν,
1031 342 1151 391 πολλῷ

130 403 259 451 μᾶλλον
297 400 419 452 τούτῳ.
466 401 511 438 Εἰ
541 401 650 454 χωρὶς
679 402 833 452 σημείων
869 402 1008 454 ἐκείνῳ,
1033 402 1152 450 πολλῷ

131 463 262 511 μᾶλλον
282 459 415 513 τούτῳ,
443 460 532 511 μετὰ
557 465 618 508 τῆς
648 462 777 501 ἐκείνου
798 462 991 516 μαρτυρίας
1012 460 1071 498 καὶ
1090 459 1153 505 τὴν

130 522 199 560 ἀπὸ
219 524 287 560 τῶν
320 521 474 572 σημείων
493 522 665 568 ἀπόδειξιν
687 523 702 543 ¹¹
717 524 843 576 ἔχοντι.
870 523 978 575 Ὁρᾷς
996 522 1073 560 ὅσον
1095 522 1154 558 αὖ·
1177 529 1200 559 C

131 582 207 626 τοὺς
233 582 363 629 ὤνησεν
384 586 405 630 ἡ
426 583 505 634 περὶ
527 584 584 622 τὸν
617 584 721 623 τόπον
749 584 930 636 διατριὸὴ,
956 583 1015 621 καὶ
1045 585 1065 628 ἡ
1086 583 1154 618 τῶν

128 645 288 696 πονηρῶν
305 642 496 696 ἀνθρώπων
518 646 725 697 ἀπαλλαγή,
741 645 808 684 Διὰ
826 649 925 683 τοῦτο
940 642 1062 686 αὐτοὺς
1081 658 1156 680 συν-

133 706 222 756 εχῶς
253 704 365 757 ἐξάγει
399 705 459 744 καὶ
474 706 674 758 ἀπάγειτῆς
691 706 828 745 ἐκείνων
849 706 1029 748 συνουσίας
1043 720 1050 727 ·
1072 705 1156 755 ὅπερ

133 759 189 803 οὖν
216 766 275 804 καὶ
309 766 366 805 ἐπὶ
386 770 448 814 τῆς
477 768 639 812 Παλαιᾶς
661 767 810 814 ποιήσας
831 767 1008 820 φαίνεται,
1039 766 1158 819 πόῤῥω

132 829 200 864 τῶν
217 827 418 879 Αἰγυπτίων
446 829 503 866 ἐπὶ
528 832 591 875 τῆς
621 829 750 882 ἐρήμου
776 827 854 872 τοὺς
871 828 1056 871 Ἰουδαίους
1080 829 1158 865 δια-

132 888 296 926 πλάττων
316 888 376 926 καὶ
405 889 575 941 ῥυθμίζων
604 892 637 928 ἐν
656 889 798 928 ἅπασιν.
821 889 870 928 t*O
887 889 947 927 καὶ
979 893 1063 940 ἡμῖν
1086 905 1159 927 πα-

134 955 242 1000 ραινεῖ
262 956 384 998 ποιεῖν,
413 950 542 1004 ἀγορὰς
574 949 635 1001 μὲν
661 951 795 1004 φεύγειν
819 950 967 989 κελεύων
987 951 1046 989 καὶ
1066 951 1161 1002 θορύ-

130 1008 209 1051 ὅους
239 1008 298 1047 καὶ
314 1009 489 1063 ταραχὰς,
515 1012 549 1047 ἐν
569 1009 604 1048 δὲ
635 1013 685 1062 τῷ
719 1010 869 1062 ταμιείῳ
908 1010 1160 1063 προσεύχεσθαι

135 1060 224 1120 μετὰ
241 1073 304 1116 τῆς
318 1069 480 1122 ἡσυχίας.
508 1071 579 1110 Καὶ
597 1070 666 1125 γὰρ
684 1074 803 1110 πλοῖον
823 1074 981 1124 ταραχῆς
997 1073 1160 1118 ἀπηλλα-

130 1129 268 1181 γμένον,
298 1130 331 1174 ἐξ
361 1130 477 1182 οὐρίας
498 1135 598 1170 πλεῖ·
624 1132 684 1170 καὶ
703 1132 799 1184 ψυχὴ
833 1132 1050 1186 πραγμάτων
1075 1126 1161 1170 οῧσα

131 1191 248 1239 ἐκτὸς,
269 1193 302 1229 ἐν
322 1192 438 1242 λιμένι
453 1192 615 1239 κάθηται,
642 1194 706 1231 Διὸ
729 1193 788 1231 καὶ
806 1192 869 1237 τὰς
887 1200 1052 1246 γυναῖκας
1066 1196 1162 1245 φιλο·

132 1252 329 1304 σοφωτέρας
363 1255 432 1291 τῶν
456 1255 589 1306 ἀνδρῶν
612 1256 718 1307 ἐχρῆν
751 1249 858 1301 εἶναι,
881 1255 1036 1308 οἰκουρίᾳ
1051 1272 1162 1308 προσ-
1184 1255 1208 1284 D

130 1311 316 1363 ηλωμένας
325 1311 369 1350 τὰ
387 1312 542 1351 πλείονα.
563 1312 668 1351 Οὕτω
678 1318 757 1365 γοῦν
779 1313 837 1351 καὶ
851 1316 868 1351 ὃ
886 1313 1016 1351 ’lar-(bg
1047 1314 1161 1352 ἄπλα-

132 1389 210 1417 στος
227 1372 378 1425 ἐγένετο,
401 1373 521 1420 ἐπειδὴ
554 1373 665 1412 οἰκίαν
695 1373 797 1426 ᾤκει,
825 1374 884 1412 καὶ
917 1377 985 1412 τῶν
1008 1377 1041 1412 ἐν
1064 1375 1161 1428 μέσῳ

131 1434 285 1486 θορύὸων
310 1434 485 1487 ἐλεύθερος
504 1429 558 1481 ἦν.
574 1435 666 1473 Οὐδὲ
686 1434 752 1486 γὰρ
768 1436 888 1479 ἁπλῶς
908 1436 991 1474 αὐτὸ
1010 1435 1159 1474 τέθεικεν

129 1499 151 1541 ἡ
187 1495 312 1548 Γραφὴ
340 1497 485 1534 εἰποῦσα
494 1526 504 1543 ,
526 1498 643 1534 Οἷκῶν
665 1495 790 1535 οἰκίαν.
807 1496 913 1534 Ἀλλὰ
933 1496 993 1534 καὶ
1013 1499 1046 1535 ἐν
1069 1497 1160 1549 οἰκίᾳ

129 1555 257 1604 πολὺς,
277 1556 394 1608 φησὶν,
416 1560 434 1595 ὃ
455 1556 609 1608 θόρυὸος.
636 1556 781 1602 Ἐπειδὴ
798 1556 839 1594 σὺ
862 1556 997 1608 βούλει,
1020 1558 1079 1596 καὶ
1094 1574 1160 1596 πεῃ

133 1625 264 1671 ριιστᾷς
287 1621 398 1670 σαυτῆ
423 1618 610 1672 φροντίδων
631 1618 746 1671 ὄχλον.
767 1618 812 1656 ‘O
835 1618 897 1673 μὲν
914 1618 983 1673 γὰρ
1001 1619 1096 1673 >ἀνὴρ
1127 1622 1160 1658 ἐν

132 1679 256 1730 μέσαις
276 1679 529 1733 οστρεφόμενος
546 1686 623 1724 ταῖς
653 1683 795 1733 ἀγοραῖς
820 1680 881 1718 καὶ
902 1681 1139 1733 δικαστηρίοις
1155 1710 1163 1726 ,

130 1740 250 1792 ὥσπερ
269 1741 335 1779 ὑπὸ
352 1744 454 1788 τινῶν
470 1741 649 1792 κυμάτων,
669 1743 737 1778 τῶν
758 1740 882 1784 ἔξωθεν
901 1744 1160 1793 περιαντλεῖται

131 1801 285 1854 θορύὸων
302 1818 309 1826 ·
330 1805 352 1849 ἡ
369 1802 405 1840 δὲ
424 1802 509 1854 γυνὴ
535 1802 692 1853 καθάπερ
713 1804 747 1840 ἐν
769 1803 836 1841 τινὶ
857 1803 1088 1856 διδασκαλείῳ
1109 1820 1162 1856 φι-

130 1864 293 1917 λοσοφίας
315 1867 358 1917 τῆ
387 1864 480 1917 οἰκίᾳ
499 1864 698 1915 καθημένη,
719 1865 851 1903 καὶτὸν
867 1869 944 1903 νοῦν
966 1865 1163 1917 συνάγουσα
1186 1869 1207 1899 Ε

133 1928 178 1970 εἷς
207 1926 352 1975 ἑαυτὴν,
382 1926 441 1964 καὶ
476 1928 594 1978 εὐχαῖς
622 1925 807 1978 προσέχειν
847 1926 906 1965 καὶ
945 1927 1162 1978 ἀναγνώσεσι

132 1987 190 2025 καὶ
208 1990 251 2038 τῆ
282 1987 370 2040 ἄλλῃ
400 1986 585 2034 δυνήσεται
605 1988 805 2041 φιλοσοφίᾳ.
838 1988 909 2027 Καὶ
942 1988 1100 2041 καθάπερ
1132 1993 1163 2027 οἳ

1287 189 1374 219 in.
1414 173 1474 218 al.
1514 190 1586 219 Lx.

2117 184 2144 239 4
2157 199 2167 226 ¹
2180 197 2210 243 O

1224 274 1428 324 accedebat,
1455 290 1523 325 qua
1556 276 1868 315 confirmabantur.
1894 279 1986 317 Nam
2007 281 2034 318 si
2059 283 2184 320 ,Ioanni
2201 314 2209 329 ‚

1225 335 1412 385 inquiunt,
1431 335 1668 386 credendum,
1689 337 1801 375 multo
1821 339 1935 389 magis
1958 340 2052 378 huic.
2074 342 2113 379 Si
2132 344 2210 380 abs·-

1224 410 1291 446 que
1328 395 1439 447 signis
1472 397 1524 434 illi
1561 398 1796 448 credidimus,
1829 400 1943 438 multo
1971 402 2085 452 magis
2107 403 2211 453 huic,

1225 457 1286 506 qui
1306 457 1404 495 illius
1422 458 1621 496 [estimonio
1653 460 1870 509 celebratus,
1898 471 1930 499 et
1959 476 2003 499 ex
2026 463 2134 514 signis
2153 464 2214 502 dc-

1227 525 1442 554 moustratus
1455 526 1516 554 est.
1534 517 1666 557 Viden'
1687 528 1858 569 quantum
1877 520 1947 558 illis
1962 521 2060 560 locus
2074 524 2214 574 prosue—

1228 575 1293 625 rit,
1316 585 1489 626 quantum
1519 579 1746 629 sequestratio
1768 594 1786 617 a
1804 580 1893 618 viris
1917 581 2114 634 improbis?
2133 583 2216 621 Ideo

1228 635 1307 673 illos
1349 638 1546 688 frequenter
1578 640 1623 676 ab
1658 639 1808 677 istorum
1844 642 2018 679 consortio
2053 643 2213 681 abducit.

1230 698 1334 742 Quod
1362 699 1467 736 etiam
1488 700 1523 738 iu
1543 701 1651 738 veteri
1678 701 1756 752 lege
1773 701 1894 739 fecisse
1913 703 2190 755 deprehenditur
2205 736 2215 756 ,

1229 759 1371 798 Judaeos
1391 761 1514 810 procul
1531 762 1576 798 ab
1591 761 1774 814 AEgyptiis
1795 763 1829 800 in
1844 763 1983 802 deserto
2004 765 2215 815 informans,

1230 829 1263 857 ct
1284 819 1334 857 sic
1354 820 1390 857 in
1411 821 1576 859 omnibus
1596 822 1792 861 instituens.
1816 823 1857 861 Id
1874 824 1970 874 quod
1994 826 2099 864 etiam
2119 828 2220 866 nobis

1230 881 1429 919 faciendum
1459 883 1606 933 suadet,
1623 884 1753 936 jubens
1776 885 1894 923 sorum
1923 887 2054 936 Vitare,
2086 890 2220 926 tumul-

1231 953 1377 996 tumque
1404 954 1438 983 et
1467 946 1630 997 turbam,
1651 956 1756 998 atque
1783 947 1818 985 in
1846 948 2012 987 cubiculo
2031 951 2221 1001 tranquille

1230 1018 1343 1043 orare.
1372 1006 1545 1045 Navicula
1568 1007 1663 1045 enim
1691 1017 1897 1061 tempestate
1918 1023 1987 1048 non
2002 1011 2146 1062 agitata,
2167 1026 2220 1049 se-

1231 1067 1348 1104 cundo
1364 1077 1469 1106 vento
1484 1069 1628 1120 navigat
1643 1085 1650 1105 :
1666 1069 1854 1120 animaque
1868 1085 1888 1108 a
1902 1071 2053 1122 negotiis
2073 1086 2218 1122 vacans⁷
2319 1094 2421 1121 Anima

1230 1128 1266 1165 in
1286 1138 1389 1180 portu
1408 1129 1515 1167 sedet.
1536 1130 1689 1181 Ideoque
1708 1131 1872 1170 mulieres
1893 1133 2128 1186 philosophiae
2145 1149 2219 1172 ma·
2234 1146 2246 1163 ³
2303 1138 2423 1191 negotiis

1232 1189 1286 1240 gis
1312 1190 1449 1228 deditas
1473 1205 1546 1229 esse
1564 1201 1761 1244 oporteret,
1783 1208 1890 1244 quam
1918 1195 2036 1242 viros,
2058 1210 2136 1246 quae
2169 1197 2220 1234 rei
2234 1187 2422 1257 ἒῖῖῖἓζζάςιζῖ

1232 1251 1398 1288 familiari
1415 1261 1453 1289 ut
1468 1252 1667 1303 plurimum
1688 1253 1911 1292 incumbunt.
1929 1255 1988 1293 Sic
2010 1257 2121 1295 Jacob
2135 1258 2221 1296 sim-

1231 1311 1360 1363 plicior
1387 1312 1479 1363 fuit,
1508 1313 1570 1364 qui
1601 1314 1700 1351 domi
1723 1314 1921 1363 habitaret,
1951 1331 1971 1354 a
2005 1319 2220 1357 tumultibus

1231 1372 1333 1409 liber.
1361 1373 1483 1423 Neque
1513 1374 1606 1411 enim
1639 1374 1713 1412 sine
1738 1389 1843 1412 eausa
1865 1376 1941 1413 haec
1959 1377 2144 1430 Scriptura
2168 1380 2224 1418 di-

1233 1433 1313 1481 xit,
1343 1435 1540 1472 Habitans
1567 1436 1736 1473 domum.
1758 1436 1866 1486 Atqui
1888 1436 1986 1475 domi
2007 1441 2135 1491 etiam,
2165 1442 2223 1479 in—
2240 1448 2422 1488 Gen.25.27.

1232 1493 1342 1544 quies,
1352 1507 1503 1544 magnus
1516 1496 1704 1532 tumultus.
1717 1495 1904 1546 Siquidem
1914 1507 1952 1535 tu
1963 1499 2033 1546 vis,
2048 1510 2081 1538 et
2094 1503 2224 1542 multas

1234 1554 1299 1592 tibi
1312 1554 1461 1592 attrahis
1482 1569 1594 1593 curas.
1610 1556 1679 1594 Vir
1699 1566 1790 1594 certe
1809 1557 1845 1595 in
1866 1558 1982 1598 medio
2005 1561 2092 1611 foro,
2108 1573 2141 1601 et
2160 1579 2223 1616 pro

1232 1616 1416 1665 tribunali,
1438 1617 1591 1655 externis
1610 1617 1717 1655 rebus
1735 1619 1836 1669 quasi
1856 1620 2026 1660 fluctibus
2047 1624 2221 1675 agitatur:

1230 1678 1359 1715 mulier
1370 1692 1464 1728 vero,
1476 1692 1536 1715 ceu
1553 1678 1589 1716 in
1603 1680 1757 1730 quodam
1768 1680 2004 1734 philosophice
2019 1687 2221 1738 gymnasio,
2264 1696 2425 1742 »Mation-am

1231 1738 1329 1777 donli
1349 1739 1483 1789 sedens,
1500 1750 1653 1778 mentem
1667 1742 1852 1792 colligens,
1866 1746 1996 1796 poterit
2011 1755 2043 1783 et
2057 1749 2222 1798 precibus
2238 1739 2374 1765 ‘'³¹³⁸3'ffl'·

1234 1810 1266 1838 et
1297 1800 1438 1838 lectioni
1469 1802 1671 1854 caeterisque
1696 1803 1931 1856 philosophiae
1962 1808 2140 1847 exercitiis
2170 1810 2222 1848 in-

1234 1863 1410 1901 cumbere.
1435 1866 1485 1902 Ac
1504 1864 1807 1915 quemadmodum
1831 1866 1857 1904 ii
1875 1867 1936 1918 qui
1962 1868 2142 1910 desertum
2164 1872 2222 1910 in-

1233 1924 1376 1972 colunt,
1400 1939 1420 1963 a
1448 1926 1586 1963 nemine
1616 1927 1806 1965 turbantur
1827 1943 1834 1964 :
1857 1929 1907 1967 sic
1931 1930 2060 1969 mulier
2088 1947 2224 1986 semper

1233 1985 1329 2023 intus
1345 2000 1507 2035 manens,
1526 1997 1694 2039 perpetua
1713 1990 1842 2040 poterit
1861 1991 1932 2028 srui
1955 1994 2221 2044 tranquillitate.

131 2048 193 2091 τὰς
209 2048 360 2100 ἐρήμους
376 2051 565 2093 οἰκοῦντες,
585 2047 707 2086 οὐδένα
723 2049 842 2100 ἔχουσι
856 2052 914 2087 τὸν
934 2050 1218 2101 ἐνοχλοῦντα·366
1235 2047 1273 2085 Si
1291 2047 1433 2098 quando
1449 2057 1567 2086 autem
1586 2048 1692 2087 domo
1711 2050 1756 2087 sit
1782 2052 2005 2103 exeundum,
2022 2055 2121 2093 nulla
2141 2056 2223 2094 inde

132 2109 222 2148 οὕτω
241 2110 301 2148 καὶ
319 2110 408 2156 αὕτη
432 2109 618 2153 διαπαντὸς
635 2111 728 2149 ἔνδον
748 2115 850 2157 οὐσα,
873 2112 1041 2157 διηνεκῶς
1060 2111 1162 2149 δύνα-
1184 2114 1208 2142 Λ

131 2187 190 2209 ται
205 2170 392 2210 ἀπολαύειν
408 2171 572 2223 γαλήνης.
589 2173 633 2210 Εἰ
650 2171 686 2209 δέ
705 2187 789 2209 ποτε
805 2171 863 2210 καὶ
884 2171 1031 2216 ἐξελθεῖν
1052 2173 1163 2224 ἀνοίγ-

131 2248 175 2278 κη
202 2232 326 2284 γένοιτ’
348 2232 404 2280 ἂν,
435 2231 512 2270 οὐδὲ
544 2231 622 2270 τότε
642 2234 714 2270 ἐκεῖ
734 2232 896 2285 Ιθορύέῗων
925 2234 1097 2277 ὑπόθεσις.
1113 2233 1163 2272 Ἢ

130 2293 196 2346 γὰρ
223 2294 329 2347 μέχρι
347 2298 409 2341 τῆς
438 2296 586 2332 ἐνταῦθα
619 2294 834 2347 παρουσίας,
863 2294 885 2341 ἢ
914 2295 1018 2342 ἡνίκα
1052 2295 1093 2333 ἂν
1124 2296 1164 2333 τὸ

131 2359 235 2406 σῶμα
253 2358 387 2408 λουτρῷ
408 2359 661 2408 θεραπευθῆναι
695 2356 774 2408 δέῃ,
798 2359 987 2408 ἀναγκαῖαι
1004 2363 1079 2400 ταῖς
1098 2374 1163 2408 γυ-

131 2415 239 2460 ναιξὶν
259 2419 295 2455 αἱ
315 2416 447 2461 ἔξοδοι·
474 2417 531 2455 τὸν
552 2416 588 2454 δὲ
617 2417 760 2454 πλείονα
788 2417 911 2469 χρόνον
934 2418 1028 2456 ἔνδον
1054 2418 1162 2465 κάθη-

131 2500 211 2530 ται,
231 2483 290 2522 καὶ
316 2484 459 2521 δυνατὸν
477 2483 584 2530 αὐτήν
603 2500 639 2521 τε
658 2485 869 2537 φιλοσοφεῖν,
890 2486 950 2523 καὶ
976 2486 1033 2524 τὸν
1052 2486 1162 2538 ἄνδρα

133 2547 345 2601 δεχομένην,
378 2547 635 2600 τεταραγμένον
670 2549 939 2597 καταστέλλειν,
966 2550 1161 2603 ῥυθμίζειν,

131 2608 356 2661 περικόπτειν
376 2611 480 2646 αὐτοῦ
512 2607 556 2646 τὰ
580 2610 728 2662 περιττὰ
747 2610 805 2648 καὶ
827 2610 931 2662 ἄγρια
964 2615 1033 2649 τῶν
1062 2611 1159 2663 λογι-

132 2680 243 2728 σμῶν,
266 2677 325 2716 καὶ
355 2677 446 2715 οὕτω
475 2676 580 2714 πάλιν
601 2677 810 2728 ἐκπέμπειν,
833 2677 896 2715 ὅσα
918 2679 981 2729 μὲν
1002 2679 1070 2717 ἀπὸ
1097 2683 1160 2726 τῆς

132 2745 259 2796 ἀγορᾶς
279 2743 493 2797 ἐφελκύσατο
509 2744 619 2792 κακὰ,
640 2745 868 2795 ἀποθέμενον,
883 2745 947 2784 ὅσα
965 2746 999 2784 δὲ
1016 2746 1084 2784 ἀπὸ
1097 2750 1158 2794 τῆς

129 2812 240 2855 οἰκίας
255 2810 360 2862 ἔμαθε
372 2811 475 2859 καλὰ,
488 2815 564 2863 μεθ’
578 2814 700 2850 ἑαυτοῦ
714 2811 872 2864 φέροντα.
889 2812 1000 2851 Οὐδὲν
1011 2813 1091 2866 γὰρ,
1105 2817 1157 2852 οὖν

133 2879 186 2917 δὲν
207 2879 427 2933 ἰσχυρότερον
444 2879 603 2932 γυναικὸς
623 2880 790 2923 εὖλαὲοῢς
809 2880 868 2918 καὶ
904 2880 1157 2931 συνετῆς,πρὸς

131 2946 171 2984 τὸ
193 2946 365 2998 ῥυθμίζειν
387 2947 493 2999 ἄνδρα
505 2978 514 2996 ,
529 2948 589 2986 καὶ
602 2947 825 2986 διαπλάττειν
841 2949 944 2985 αὐτοῦ
965 2948 1026 2995 τὴν
1040 2948 1154 3000 ψυχὴν
1182 2968 1201 2996 1³

132 3015 167 3051 ἐν
179 3007 227 3057 οἷς
238 3013 278 3051 ἂν
298 3013 396 3065 θέλῃ.
413 3014 504 3052 Οὔτε
512 3014 579 3067 γὰρ
591 3015 713 3067 φίλων,
730 3015 808 3053 οὔτε
825 3015 1043 3054 διδασκάλων
1057 3046 1064 3061 ,
1078 3015 1154 3054 οὔτε

133 3081 310 3134 ἀρχόντων
330 3081 435 3126 οὕτως
455 3082 630 3131 ἀνέξεται,
650 3086 696 3127 ὡς
712 3085 775 3129 τῆς
794 3083 952 3122 συνοίκου
971 3084 1156 3135 παραινού-

133 3165 220 3197 σης,
254 3150 313 3188 καὶ
333 3149 647 3201 συμὸουλευούσης.
664 3150 770 3203 Ἔχει
802 3150 868 3201 γάρ
890 3166 966 3188 τινα
998 3151 1056 3189 καὶ
1072 3153 1157 3198 ἡδο-

132 3217 194 3263 νὴν
224 3217 458 3269 ἧπαραίνεσις
476 3247 484 3266 ,
509 3217 565 3256 διὰ
587 3218 625 3257 τὸ
645 3218 776 3271 σφόδρα
797 3221 970 3271 φιλεῖσθαι
986 3219 1048 3266 τὴν
1067 3237 1157 3267 συμ-

178 3365 192 3387 h
218 3370 312 3406 ἔχοντι
328 3365 419 3398 deest
434 3364 465 3398 in
483 3365 691 3409 quibusdam,

1234 2110 1512 2161 perturbationis
1537 2125 1653 2149 causa.
1676 2111 1760 2151 Sive
1778 2112 1870 2151 enim
1895 2114 1932 2153 in
1960 2117 2142 2155 ecclesiam
2162 2133 2222 2158 ve-

1233 2172 1352 2222 niant,
1369 2172 1443 2211 sive
1463 2171 1509 2210 ad
1536 2173 1704 2211 balneum
1723 2174 1768 2212 sit
1785 2177 2020 2227 pergendum,
2046 2193 2137 2232 saepe
2165 2195 2222 2220 co—

1233 2233 1520 2284 gunturquidein
1535 2234 1701 2272 mulieres
1716 2235 1831 2273 exire:
1843 2246 1881 2274 ut
1892 2237 2090 2289 plurimum
2104 2251 2222 2280 autem

1233 2296 1332 2334 domi
1352 2296 1447 2334 sedet
1464 2296 1603 2346 mulier,
1619 2306 1803 2349 potestque
1816 2299 2075 2352 philosophari,
2091 2301 2221 2343 adven-

1235 2367 1437 2408 tantemque
1451 2357 1569 2396 virum
1579 2359 1826 2409 perturbatum
1842 2360 1977 2411 sedare,
1987 2376 2220 2416 compescere,

1233 2419 1432 2470 superfluos
1449 2433 1489 2456 ac
1508 2419 1674 2457 molestos
1691 2421 1767 2472 ejus
1786 2421 1959 2472 cogitatus
1978 2423 2175 2477 eliminare,
2191 2436 2224 2465 et

1233 2480 1282 2518 sic
1296 2494 1418 2518 rursus
1432 2480 1591 2518 emittere
1606 2481 1699 2519 euris
1715 2481 1752 2518 in
1767 2482 1843 2520 foro
1861 2485 2033 2536 susceptis
2052 2501 2221 2538 vacuum,

1231 2551 1264 2580 et
1286 2541 1378 2579 bona
1397 2556 1474 2592 quae
1498 2541 1596 2579 domi
1623 2541 1752 2580 didicit
1774 2558 1893 2583 secum
1917 2546 2096 2586 ferentem.
2122 2551 2225 2588 Nihil

1232 2603 1338 2651 enim,
1353 2603 1446 2639 nihil
1467 2603 1588 2652 utique
1605 2603 1732 2642 fortius
1748 2605 1897 2644 muliere
1910 2607 1971 2659 pia
1990 2618 2024 2647 et
2038 2610 2222 2662 prudente,

1232 2674 1270 2702 ut
1285 2665 1404 2703 virum
1426 2665 1591 2702 informet
1605 2695 1613 2713 ,a
1629 2666 1774 2718 ejusque
1798 2668 1972 2720 animam,
1993 2681 2031 2710 ut
2051 2674 2223 2725 voluerit,

1230 2725 1405 2763 instituat.
1421 2727 1499 2764 Non
1521 2726 1667 2776 amicos,
1684 2741 1753 2766 non
1765 2728 1939 2782 doctores,
1956 2747 2026 2772 non
2046 2736 2223 2789 principes

1228 2786 1376 2838 perinde
1394 2787 1498 2834 feret,
1520 2796 1560 2824 ut
1580 2802 1728 2826 uxorein
1747 2801 1968 2843 monentem,
1982 2803 2014 2832 et
2036 2797 2224 2834 eonsilium

1225 2848 1378 2886 dantem.
1403 2849 1556 2887 Monitio
1574 2850 1706 2902 quippe
1732 2852 1813 2890 talis
1833 2868 1914 2892 cum
1945 2857 2098 2907 quadam
2123 2860 2225 2897 volu-

1227 2918 1320 2961 ptate
1346 2910 1532 2961 conjuncta
1557 2920 1625 2960 est,
1653 2913 1749 2963 quod
1795 2914 1857 2954 illa
1888 2918 2043 2957 multum
2076 2932 2225 2961 ametur-

1226 2971 1360 3009 Multos
1374 2985 1511 3023 possem
1529 2973 1655 3012 afferre
1674 2975 1769 3015 viros
1787 2992 1940 3030 asperos,
1958 2981 2203 3035 immorigeros
2218 3016 2226 3029 ‚

1227 3033 1272 3070 ab
1312 3033 1486 3071 uxoribus
1516 3034 1708 3087 mitigatos.
1746 3040 1850 3077 Uxor
1881 3041 1950 3079 viri
1979 3052 2012 3080 et
2040 3059 2168 3084 mcnsae
2196 3057 2229 3085 et

1228 3094 1310 3133 lecti
1326 3104 1358 3133 et
1376 3095 1568 3136 liberorum
1593 3100 1845 3150 procreationis
1864 3117 2019 3154 consors,
2041 3107 2116 3158 ipsa
2147 3123 2231 3146 eon—

1230 3157 1301 3195 scia
1320 3157 1499 3197 dictorum
1526 3169 1558 3197 et
1577 3175 1805 3212 arcanorum,
1825 3165 2002 3204 inwessus
2023 3177 2055 3205 et
2076 3169 2195 3208 exitus

1863 3194 1882 3217 δ
2221 3203 2230 3219 7

1230 3219 1538 3272 plurimorumque
1556 3222 1729 3273 aliorum,
1752 3225 1787 3263 in
1816 3227 1980 3266 omnibus
2006 3230 2133 3269 marito
2163 3232 2229 3269 ‹le—

1250 3380 1262 3393 c
1287 3368 1430 3409 Quidam
1452 3378 1625 3415 στεφόμενος
1643 3378 1773 3418 ἀγοραῖς.
