2481 3678
658 187 700 216 lN
738 188 948 218 JosNNEM
984 189 1142 217 HOMtL.

114 270 220 309 ελῦεἱν
242 287 247 293 ·
281 271 366 317 αὕτη
396 271 453 307 καὶ
472 269 550 312 τοὺς
574 269 688 320 χαμαὶ
709 269 916 321 συρομένους
945 270 1022 307 τότε
1049 268 1134 318 μετὰ

86 365 89 369 ,
112 333 244 377 πολλῆς
263 332 352 369 κατὰ
370 330 492 381 μικρὸν
513 329 673 375 ἀνίστησι
689 333 751 376 τῆς
766 331 935 373 εὐκολίας.

163 393 285 430 Ταῦτα
318 384 376 429 οῦν
413 390 552 428 ἅπαντα
587 391 795 437 ἐννοοῦντες,
831 393 1047 442 παρακαλῶ,
1084 389 1131 439 μὴ

109 452 386 505 παρατρέχιι1μεν
410 451 529 494 ἁπλῶς
550 451 593 489 τὰ
618 451 800 503 εἰρημένα,
818 450 908 489 ἀλλὰ
929 449 1018 501 μετὰ
1035 453 1132 501 ἀκρι-

109 513 203 556 &eine
219 512 429 562 ἐξετάζωμεν
444 511 600 558 ἅπαντα,
621 510 704 549 “md
718 511 779 558 τὴν
801 511 913 549 αἰτίαν
937 513 1005 548 τῶν
1028 511 1130 561 λεγο-

107 573 220 622 μένων
245 577 424 624 πανταχοῦ
454 576 659 623 σκοπῶμεν·
687 572 775 623 μηδὲ
799 571 992 622 νομίζωμεν
1014 573 1129 623 ἀρκεῖν

105 637 190 684 ἡμῖν
210 635 256 676 εἷς
289 633 478 685 ἀπολογίαν
499 633 562 680 τὴν
582 634 721 685 ἄγνοιαν
750 632 808 671 καὶ
843 631 905 678 τὴν
936 631 1128 678 ἁπλότητα.

105 696 158 732 Οὔ
188 693 256 747 γὰρ
295 693 477 747 ἀκεραίους
514 694 671 732 ἐκέλευσε
695 692 796 743 μόνον
816 686 922 739 εἶναι,
953 691 1043 730 ἀλλὰ
1069 692 1127 729 καὶ

103 754 299 807 φρονίμους.
316 755 492 804 Ἀσκῶμεν
509 753 620 791 τοίνυν
642 753 730 803 μετὰ
759 756 820 800 τῆς
854 753 1046 799 ἁπλότητος
1068 752 1127 790 καὶ

102 815 165 862 τὴν
186 815 363 868 φρόνησιν,
379 815 438 853 καὶ
457 813 514 852 ἐπὶ
533 817 601 852 τῶν
623 813 805 864 δογμάτων
826 813 885 851 καὶ
905 812 962 851 ἐπὶ
982 816 1050 851 τῶν
1066 818 1125 852 τοῦ

103 876 177 927 βίου
196 876 475 928 κατορθωμάτων
487 891 494 899 ·
516 875 575 913 καὶ
592 874 786 926 δικάζωμεν
809 877 940 919 ἑαυτοῖς
960 877 1124 923 ἐνταῦθα,

100 936 156 974 ἵνα
176 936 224 987 μὴ
243 936 303 975 σὺν
323 940 371 989 τῷ
385 936 507 987 κόσμῳ
537 939 803 989 κατακριθῶμεν
821 936 917 984 τότε,
937 936 997 974 καὶ
1015 942 1125 975 τοιοῦ-

99 1013 152 1035 τοι
174 996 350 1049 γινώμεθα
364 997 444 1051 περὶ
468 996 548 1040 τοὺς
565 996 719 1044 δούλους,
741 991 808 1035 οἶον
833 997 1025 1048 βουλόμεθα
1046 999 1125 1050 περὶ

98 1062 194 1108 ἡμᾶς
212 1058 370 1110 γενέσθαι
388 1058 445 1096 τὸν
463 1057 643 1104 Δεσπότην
660 1061 773 1108 ἡμῶν.
785 1056 885 1109 Ἄφες
900 1057 968 1111 γὰρ
981 1061 1064 1108 ἡμῖν
1081 1057 1125 1095 τὰ

98 1119 317 1171 ὀφειλήματα
332 1121 447 1170 ἡμῶν,
468 1121 514 1162 ὡς
538 1119 598 1156 καὶ
616 1122 717 1168 ἡμεῖς
736 1118 879 1170 ἀφίεμεν
896 1126 966 1163 τοῖς
992 1119 1124 1170 ὀφειλέ-

96 1195 172 1223 ταις
200 1182 314 1230 ἡμῶν.
332 1180 403 1217 Καὶ
418 1173 494 1218 οἶδα
525 1178 599 1229 μὲν,
620 1178 673 1217 ὅτι
696 1181 733 1217 οὗ
754 1179 850 1231 φέρει
869 1180 991 1232 πράως
1009 1181 1123 1225 πλητ-

94 1239 223 1290 τομένη
249 1244 271 1287 ἦ
290 1240 406 1292 ψυχή·
446 1243 521 1279 ἀλλ’
549 1239 607 1278 ἐὰν
635 1240 849 1291 ἐννοήσωμεν
884 1239 936 1278 ὅτι
967 1240 1044 1292 οὐχὶ
1072 1242 1122 1291 τῷ

94 1301 306 1348 λελυπηκότι
323 1331 333 1348 ,
358 1302 434 1339 ἀλλ’
457 1304 590 1345 ἑαυτοῖς
616 1301 852 1353 χαριζόμεθα,
882 1301 1019 1352 ταχέως
1035 1301 1123 1352 ἀφή-

95 1377 199 1412 σομεν
220 1362 276 1400 τὸν
295 1362 343 1399 ἰὸν
360 1366 423 1409 τῆς
449 1365 563 1414 ὀργῆς.
599 1362 670 1400 Καὶ
686 1363 751 1413 γὰρ
781 1365 798 1399 ὃ
825 1362 869 1400 τὰ
890 1363 1010 1400 ἑκατὸν
1055 1363 1119 1408 δη-

93 1423 197 1474 νάρια
229 1422 277 1473 μὴ
318 1423 550 1476 συγχωρήσας
573 1426 623 1474 τῷ
647 1422 985 1472 πεπλημμεληκότι,
1007 1425 1045 1460 οὐ
1062 1423 1119 1460 τὸν

93 1481 279 1530 ὁμόδουλον
310 1482 496 1530 ἠδίκησεν,
533 1483 608 1518 ἀλλ’
639 1480 757 1518 ἑαυτὸν
787 1485 858 1523 τοῖς
892 1479 1026 1532 μυρίοις
1061 1496 1120 1517 τα-

90 1542 227 1585 λάντοις
253 1541 436 1580 ὑπεύθυνον
465 1541 639 1589 ἐποίησεν,
659 1535 705 1578 ὧν
725 1540 890 1593 πρότερον
915 1540 976 1586 τὴν
999 1540 1119 1592 ἄφεσιν

91 1601 224 1641 ἕλαῧεν.
243 1601 357 1641 εΌταν
378 1597 434 1641 οῦν
464 1601 592 1653 ἑτέροις
623 1601 670 1652 μὴ
707 1604 862 1653 ἀφῶμεν,
892 1603 1026 1644 ἑαυτοῖς
1057 1603 1120 1639 οὐκ

92 1663 248 1714 ἐφίεμεν.
279 1663 340 1710 Μὴ
355 1663 467 1701 τοίνυν
493 1666 542 1715 τῷ
560 1665 643 1714 Θεῷ
659 1662 816 1714 λέγωμεν
835 1662 950 1712 μόνον,
968 1662 1016 1713 μὴ
1034 1679 1118 1713 μνη-

89 1729 175 1777 σθῇς
195 1728 262 1763 τῶν
284 1725 550 1777 ἁμαρτημάτων]
583 1727 701 1774 ἡμῶν·
731 1723 820 1762 ἀλλὰ
852 1724 912 1761 καὶ
931 1725 1016 1777 πρὸς
1035 1726 1118 1762 ἑαυ-

89 1786 166 1830 τοὺς
182 1786 324 1825 ἕκαστοι
338 1786 514 1838 λέγοντες,
529 1785 580 1837 μὴ
603 1788 811 1836 μνησθῶμεν
826 1787 894 1823 τῶν
912 1785 1121 1837 ἁμαρτημά-

88 1863 156 1886 των
175 1851 244 1886 τῶν
271 1847 462 1886 συνδούλων
491 1850 558 1884 τῶν
580 1848 628 1889 εἷς
659 1850 753 1897 ἡμᾶς
778 1847 1028 1898 γεγενημένων.
1047 1847 1118 1885 Καὶ

89 1909 155 1960 γὰρ
173 1908 212 1948 σὺ
240 1908 407 1962 πρότερον
429 1908 578 1952 δικάζεις
605 1914 675 1951 τοῖς
698 1914 787 1955 σοῖς,
804 1908 864 1946 καὶ
894 1908 971 1946 τότε
996 1907 1117 1946 ἕπεται

89 1972 106 2007 ὃ
126 1970 214 2013 Θεός
229 1986 236 1993 ·
269 1968 310 2006 σὺ
337 1970 394 2007 τὶν
411 1969 514 2019 νόμον
540 1969 685 2022 γράφεις
707 1969 764 2007 τὸν
785 1969 863 2020 περὶ
886 1969 1038 2021 ἀφέσεως
1057 1970 1116 2007 καὶ

87 2030 277 2082 τιμωρίας,
298 2030 357 2068 καὶ
372 2029 434 2076 τὴν
449 2030 530 2083 περὶ
546 2033 613 2068 τῶν
633 2029 796 2068 τοιούτων
817 2030 971 2082 ἐκφέρεις
989 2033 1115 2083 ψῆφον.

88 2092 223 2129 Οὐκοῦν
247 2091 306 2128 καὶ
336 2095 396 2129 τοῦ
417 2093 613 2141 μνησῡῆναι
631 2091 691 2129 καὶ
706 2096 764 2129 τοῦ
781 2091 829 2141 μὴ
849 2092 1114 2142 μνησθῆναιτὸν

89 2151 179 2189 Θεὸν
205 2151 246 2189 σὺ
273 2151 388 2203 κύριος
408 2145 448 2189 εἷ.
478 2151 547 2189 Διὰ
575 2156 675 2190 τοῦτο
693 2152 753 2190 καὶ
772 2155 790 2190 ὃ
810 2154 948 2195 Παῦλος
977 2155 1113 2204 ἀφεῖναι

82 2211 234 2260 κελεύει,
261 2213 318 2251 ἐάν
347 2228 399 2255 τις
426 2212 511 2264 πρός
544 2228 624 2250 τινα
656 2212 720 2265 ἔχῃ
754 2213 895 2265 μομφήν
910 2229 918 2236 ·
954 2213 1014 2251 καὶ
1047 2215 1112 2265 οὐχ

84 2272 202 2316 ἅπλῶς
240 2276 400 2324 ἀφεῖναι,
430 2275 506 2310 ἀλλ’
549 2273 640 2312 ὥστε
673 2274 761 2324 μηδὲ
799 2273 947 2326 λείψανα
985 2274 1111 2325 μένειν.

84 2332 186 2371 Ἐπεὶ
205 2334 265 2372 καὶ
286 2337 304 2372 ὁ
323 2334 472 2386 Χριστὸς
494 2336 531 2372 οὐ
560 2334 662 2385 μόνον
689 2336 751 2373 οὐκ
772 2335 914 2386 ἤνεγκεν
934 2337 980 2377 εἰς
1007 2335 1110 2386 μέσον

82 2398 183 2445 ἡμῶν
198 2394 241 2433 τὰ
262 2395 520 2446 ἁμαρτήματα,
539 2397 614 2433 ἀλλ’
625 2395 702 2434 οὐδὲ
714 2399 808 2446 ἡμᾶς
818 2394 1111 2445 αὖτοὺςπεπλημ-

83 2456 278 2504 μεληκότας
299 2457 503 2506 ἀνέμνησεν,
519 2456 596 2494 οὖῗὲ
614 2451 689 2494 εἶπε
701 2487 710 2504 ,
729 2456 774 2494 τὰ
792 2457 852 2495 καὶ
872 2457 916 2495 τὰ
937 2457 1111 2508 ἥμαρτες·

83 2516 174 2554 ἀλλὰ
192 2517 252 2554 καὶ
280 2519 394 2568 ἀφῆκε
420 2517 480 2554 καὶ
509 2515 668 2568 ἐξήλειψε
697 2517 736 2554 τὸ
764 2517 1005 2569 χειρόγραφον,
1023 2517 1111 2568 μηδὲ

82 2576 309 2626 λογισάμενος
322 2576 366 2614 τὰ
380 2577 652 2628 παραπτώματα
665 2607 675 2624 ,
696 2577 810 2619 καθὼς
825 2578 884 2614 καὶ
901 2583 1000 2616 τοῦτο
1015 2580 1112 2616 Παῦ-

83 2638 140 2679 λος
167 2636 333 2682 ἐδήλωσε.
353 2638 466 2674 Τοῦτο
490 2637 530 2682 δὴ
559 2640 715 2687 ποιῶμεν
731 2636 791 2674 καὶ
819 2640 941 2687 ἡμεῖς,
964 2638 1023 2675 καὶ
1044 2638 1113 2676 ἀπὸ

82 2700 146 2743 τῆς
169 2697 320 2741 διανοίας
335 2696 569 2749 ἐξαλείφωμεν
591 2697 740 2736 ἅπαντα.
758 2698 833 2736 Κᾶν
855 2697 916 2749 μὲν
935 2699 1062 2750 ἀγαθόν
1078 2715 1112 2736 τι

80 2757 306 2810 γεγενημένον
339 2753 361 2810 ᾗ
391 2758 489 2811 παρὰ
518 2763 577 2795 τοῦ
605 2758 862 2807 λελυπηκότος,
885 2764 987 2797 τοῦτο
1015 2761 1111 2810 λογι-

82 2819 225 2869 σώμεθα
247 2819 364 2869 μόνον·
383 2818 423 2856 ἂν
443 2818 478 2857 δὲ
501 2820 654 2871 λυπηρὸν
675 2820 734 2858 καὶ
757 2819 924 2872 ἐπαχθὲς,
948 2820 1109 2859 ἒκὲάλω-

83 2896 146 2930 μεν
161 2880 248 2918 οὕτω
274 2881 334 2918 καὶ
365 2879 612 2932 ἐξαλείψωμεν,
644 2880 733 2919 ὥστε
752 2882 840 2932 μηδὲ
861 2881 954 2934 ἴχνος
986 2884 1110 2920 ἐναπο-

83 2941 211 2990 μένειν.
238 2943 283 2979 Εἰ
300 2941 336 2980 δὲ
360 2941 465 2992 μηδὲν
491 2943 618 2994 ἀγαθὸν
648 2945 732 2994 ἡμῖν
759 2944 879 2995 γέγονε
906 2943 1002 2996 παρὰ
1022 2944 1110 2993 ,τού-

81 3018 160 3049 του,
179 3001 282 3040 πάλιν
314 3005 332 3040 ὃ
360 3002 479 3052 μισθὸς
502 3002 628 3052 μείζων
659 3010 897 3058 συγχωροῦσιν
925 3007 1023 3055 ἡμῖν,
1051 3005 1110 3042 καὶ

82 3067 211 3106 πλείων
225 3071 247 3113 ἦ
265 3067 494 3118 εὖδοκίμησις.
507 3067 624 3107 Ἄλλοι
637 3071 678 3107 δι’
694 3070 885 3121 ἀγρυπνίας
907 3070 964 3108 καὶ
981 3086 1111 3122 χαμευ-

82 3134 156 3177 νίας
191 3134 251 3172 καὶ
286 3135 411 3186 μυρίας
432 3137 674 3188 ταλαιπωρίας
695 3137 914 3189 ἐξαλείφουσι
931 3137 974 3175 τὰ
995 3139 1110 3190 ἁμαρ-

83 3200 222 3249 τήματα
235 3216 242 3223 ·
266 3201 319 3239 σοὶ
340 3201 396 3240 διὰ
416 3205 476 3248 τῆς
496 3204 729 3255 εὖκολωτέρας
760 3206 848 3252 ὁδοῦ,
869 3209 927 3242 τοῦ
951 3205 998 3255 μὴ
1022 3221 1111 3255 μνη-

1181 187 1337 216 xxx1X.
1375 171 1435 215 al.
1475 187 1661 216 xxxvut.
2106 172 2197 234 οὓς)

1163 273 1185 301 D
1209 268 1285 318 jam
1306 266 1407 303 humi
1432 274 1572 317 repunt,
1599 265 1681 302 hinc
1702 266 1873 315 paulatim
1893 266 1936 303 ad
1956 268 2081 305 altiora
2097 269 2198 306 facile

1210 326 1474 378 provehuntur.

1265 387 1299 423 5.
1329 386 1415 424 Hsec
1434 387 1551 424 omnia
1566 386 1770 437 cogitantes,
1788 400 1922 437 quaeso,
1937 401 1980 425 ne
1998 389 2092 426 dicta
2108 404 2195 441 prae-

1209 454 1466 495 tomum-amm,
1487 446 1548 484 sed
1566 455 1728 484 accurate
1754 447 1873 485 omnia
1901 449 2145 500 exploremus,
2161 461 2194 487 et

1209 521 1351 546 causam
1369 509 1420 547 sic
1438 507 1606 559 loquendi
1626 508 1759 558 ubique
1778 508 2039 548 consideremus
2056 527 2064 547 ε
2085 525 2196 561 neque

1208 579 1372 620 putemus
1392 578 1445 607 sat
1464 569 1566 607 nobis
1585 569 1633 606 ad
1651 569 1912 607 excusationem
1937 583 2009 608 esse
2031 571 2194 622 ignoran-

1206 631 1293 668 tiam
1308 640 1341 668 et
1359 630 1635 683 simplicitatem.
1656 631 1779 680 Neque
1805 630 1901 668 enim
1924 631 2102 684 simplices
2117 642 2194 671 tan-

1204 699 1283 729 tum
1311 692 1419 743 jussit
1446 705 1520 729 esse
1531 720 1541 741 ,
1573 691 1635 729 sed
1665 692 1773 729 etiam
1806 691 2006 743 prudentes.
2041 695 2194 733 Utamur

1203 765 1286 803 ergo
1305 752 1553 804 simplicitate,
1573 751 1635 789 sed
1650 765 1732 789 cum
1751 752 1961 803 prudentia,
1982 762 2054 791 tam
2074 754 2110 792 in
2130 754 2194 793 do-

1200 812 1324 862 ctrina,
1339 827 1448 864 quam
1468 814 1504 851 in
1523 812 1705 865 operibus;
1725 822 1759 851 et
1781 813 1882 851 nobis
1910 813 1996 865 ipsis
2011 814 2071 867 jus
2089 815 2193 853 dica-

1200 886 1290 923 mus,
1306 883 1347 911 ut
1359 883 1520 912 nontunc
1537 873 1695 911 cumhoc
1709 873 1841 911 mundo
1851 873 2071 912 damnemur.
2088 876 2194 914 Tales

1150 946 1173 975 E
1200 947 1264 972 nos
1282 949 1364 987 erga
1383 950 1503 974 servos
1532 945 1668 974 nostros
1697 936 1949 985 exhibeamus,
1969 937 2110 987 qualem
2129 952 2192 976 vo-

1199 996 1317 1034 lumus
1336 1010 1419 1048 erga
1438 1010 1501 1034 nos
1520 1011 1592 1034 esse
1606 996 1803 1034 Dominum
1823 1006 1995 1035 nostrum.
2012 999 2190 1046 Dimitte,

1199 1057 1336 1108 inquit,
1353 1059 1463 1095 nobis
1483 1058 1615 1095 debita
1635 1066 1781 1104 nostra,
1804 1060 1904 1095 sicut
1919 1067 1955 1096 et
1977 1072 2044 1097 nos
2064 1060 2193 1098 dimit-

1201 1121 1315 1156 timus
1338 1119 1574 1155 debitoribus
1597 1121 1750 1156 nostris.
1771 1118 1854 1156 Scio
1874 1118 2020 1169 quidem
2035 1120 2191 1158 animam

1198 1178 1345 1231 injurias
1374 1192 1442 1217 non
1468 1193 1568 1229 aequo
1594 1180 1712 1216 animo
1736 1179 1847 1228 ferre,
1868 1179 1927 1217 sed
1947 1180 1977 1217 si
1997 1181 2191 1232 cogitemus

1197 1254 1260 1278 1105
1282 1254 1351 1278 11011
1372 1241 1525 1288 laedenti,
1545 1239 1606 1277 sed
1626 1240 1727 1278 nobis
1746 1240 1832 1292 ipsis
1847 1241 1895 1278 ita
1910 1242 2104 1291 consulere,
2122 1244 2190 1281 cito

1196 1301 1257 1339 irae
1276 1316 1452 1340 venenum
1478 1301 1698 1353 abjiciemus.
1719 1302 1811 1339 Nam
1830 1302 1892 1352 qui
1910 1312 2050 1340 centum
2076 1303 2189 1342 dena—

1136 1385 1183 1412 234
1196 1362 1268 1400 rios
1296 1362 1449 1400 debitori
1480 1376 1548 1400 non
1573 1362 1726 1412 remisit,
1751 1376 1821 1399 non
1847 1377 2056 1401 conservum
2079 1364 2187 1413 laesit,

1149 1425 1173 1452 A
1195 1423 1257 1461 sed
1273 1423 1427 1475 seipsum
1446 1432 1587 1460 centum
1601 1423 1756 1460 millium
1772 1423 1985 1462 talentorum
1997 1455 2006 1472 ,
2025 1440 2103 1476 quae
2117 1426 2185 1464 sibi

1193 1484 1294 1536 prius
1319 1485 1466 1522 remissa
1489 1484 1645 1532 fuerant,
1675 1484 1875 1523 debitorem
1901 1486 2068 1524 reddidit.
2093 1489 2185 1526 Cum

2210 631 2320 658 ΜαιιΙι.
2348 640 2392 659 ιο.

2212 672 2258 700 16.

2208 1010 2322 1039 ΜαιιΙι.
2339 1012 2368 1040 (ἱ.

2212 1059 2257 1079 12.

2261 1500 2387 1538 Quando

1193 1560 1277 1598 ergo
1297 1546 1376 1583 aliis
1397 1559 1466 1583 non
1487 1544 1724 1594 dimittimus,
1744 1545 1846 1583 nobis
1867 1559 1935 1583 non
1955 1547 2182 1588 dimittimus.
2196 1541 2260 1568 ³¹⁶⁵
2288 1554 2389 1579 1'2'0‘*

1194 1608 1248 1645 Ne
1263 1620 1346 1658 ergo
1365 1615 1503 1644 tantum
1522 1606 1597 1643 Deo
1620 1605 1796 1655 dicamus,
1815 1607 1869 1644 Ne
1885 1607 2085 1646 memineris
2103 1624 2184 1662 pec-

1193 1676 1270 1705 cata
1302 1677 1440 1717 nostra;
1471 1667 1532 1705 sed
1560 1666 1667 1704 ctiam
1690 1667 1792 1705 nobis
1820 1667 1906 1720 ipsis
1930 1669 2063 1721 singuli
2088 1671 2185 1709 dica-

1191 1743 1284 1778 mus,
1305 1731 1357 1768 Ne
1370 1728 1637 1767 meminerimus
1653 1742 1905 1768 conservorum
1918 1741 2072 1782 peccata.
2092 1734 2185 1771 Nam

1192 1800 1231 1828 tu
1257 1791 1356 1843 prior
1380 1791 1416 1828 in
1455 1800 1488 1828 te
1517 1790 1695 1843 justitiam
1726 1804 1886 1841 exerces,
1915 1792 1999 1831 hinc
2025 1795 2186 1845 sequitur

1191 1853 1301 1890 Deus.
1324 1853 1383 1890 Tu
1402 1852 1517 1903 legem
1550 1851 1678 1890 scribis
1699 1851 1744 1890 de
1764 1852 1869 1891 venia
1890 1863 1923 1891 et
1948 1868 2071 1906 poena,
2088 1865 2122 1893 et
2141 1855 2186 1893 de

1192 1914 1247 1952 his
1275 1915 1343 1952 fers
1375 1914 1596 1952 senten-tiam.
1624 1913 1719 1965 Ergo
1745 1928 1851 1966 penes
1878 1924 1912 1953 te
1938 1924 1989 1953 est
2023 1926 2061 1954 ut
2087 1919 2184 1956 Deus

1190 1986 1418 2028 peccatorum
1436 1985 1581 2014 tuorum
1597 1976 1654 2015 vel
1674 1976 1878 2015 recordetur
1904 1978 1962 2017 vel
1977 1992 2047 2016 non
2068 1994 2183 2018 recor·

1189 2037 1303 2075 detur.
1324 2037 1408 2075 Ideo
1429 2038 1561 2075 Paulus
1582 2037 1761 2075 dimittere
1781 2038 1901 2090 jubet,
1925 2039 1953 2077 si
1979 2041 2059 2090 quis
2079 2042 2184 2092 quid-

1140 2094 1162 2124 Β
1188 2099 1286 2152 piam
1302 2099 1471 2139 adversus
1487 2100 1600 2137 alium
1617 2099 1762 2148 habeat,
1779 2114 1841 2137 nec
1863 2100 1969 2139 modo
1986 2102 2182 2156 dimittere,

1188 2161 1249 2199 sed
1266 2161 1313 2199 ita
1329 2157 1374 2199 'ut
1397 2175 1460 2199 nec
1481 2161 1639 2211 reliquiae
1672 2171 1846 2200 maneant.
1865 2163 2050 2213 Siquidem
2074 2166 2181 2203 Chri<

1188 2231 1262 2260 stus
1275 2236 1344 2260 non
1366 2221 1473 2260 modo
1498 2230 1641 2274 peccata
1669 2231 1786 2259 nostra
1809 2222 1844 2260 in
1864 2223 2023 2262 medium
2042 2239 2110 2263 non
2129 2236 2180 2264 at—

1188 2283 1288 2332 tulit5
1314 2283 1375 2321 scd
1409 2297 1521 2333 neque
1552 2297 1614 2320 nos
1642 2284 1842 2334 peccat-isse
1872 2288 2178 2335 commemoravit,

1187 2360 1299 2396 neque
1316 2346 1433 2395 dixit,
1455 2346 1530 2382 Hac
1552 2355 1585 2382 et
1604 2345 1672 2382 hac
1692 2346 1725 2382 in
1745 2360 1781 2382 re
1794 2347 1964 2397 peccasti,
1989 2347 2050 2384 sed
2069 2348 2177 2387 dimi-

1186 2407 1230 2444 sit
1246 2416 1278 2444 et
1294 2407 1427 2446 delevit
1443 2406 1734 2457 chirograplmm,
1749 2420 1810 2443 nec
1821 2416 1963 2458 peccata
1979 2409 2174 2459 recensuit,

2198 1588 2225 1610 ta
2250 1593 2308 1611 non
2339 1586 2387 1611 di-

2219 1626 2361 1652 mittimus
2379 1647 2386 1655 ,

2200 1666 2281 1692 nobis
2317 1668 2386 1702 ipsis

2200 1716 2256 1732 non
2284 1707 2386 1734 dimit-

2200 1748 2299 1774 timus.

2201 2046 2316 2074 Coloss.
2333 2045 2361 2073 3,

2201 2087 2251 2117 13.

1186 2478 1225 2506 ut
1246 2469 1378 2506 Paulus
1397 2468 1588 2519 significat.
1612 2467 1688 2504 Hoc
1706 2476 1739 2504 et
1758 2482 1819 2504 1105
1838 2468 2008 2506 faciamus
2029 2485 2036 2505 :
2056 2471 2174 2509 onmia
2191 2473 2269 2502 lhid.
2282 2482 2309 2501 2-
2328 2468 2372 2504 ¹4-

1185 2544 1231 2567 ex
1249 2539 1366 2567 mente
1399 2528 1592 2565 deleamus.
1620 2527 1658 2566 Si
1682 2527 1770 2578 quid
1793 2529 1876 2565 boni
1901 2529 1947 2566 ab
1971 2543 2010 2567 eo
2030 2531 2173 2581 quinos

1184 2592 1275 2629 laesit
1293 2590 1489 2629 admissum
1517 2590 1640 2638 fuerit,
1666 2588 1734 2626 hoc
1761 2589 1877 2627 solum
1905 2601 2127 2643 reputemus,
2145 2596 2173 2632 si

1185 2654 1372 2691 molestum
1392 2661 1425 2689 et
1443 2651 1608 2689 odiosum
1634 2650 1843 2702 quidpiam,
1862 2652 2044 2704 ejiciamus
2064 2664 2097 2692 et
2112 2655 2173 2693 de-

1184 2715 1319 2752 leamus
1332 2744 1341 2762 ‚
1361 2723 1403 2751 ut
1424 2727 1467 2750 ne
1480 2712 1670 2764 vestigium
1689 2711 1834 2763 quidem
1852 2725 2042 2753 remancat.
2064 2717 2173 2765 Quod

1185 2776 1214 2813 si
1230 2775 1322 2812 nihil
1345 2775 1430 2812 boni
1456 2787 1539 2826 erga
1568 2787 1630 2812 1105
1654 2774 1784 2825 egerit,
1813 2783 1909 2813 tanto
1933 2778 2047 2829 major
2071 2780 2173 2818 nobis

1134 2831 1158 2863 C
1185 2837 1466 2876 condonantibus
1495 2850 1628 2874 merces
1647 2844 1680 2873 et
1694 2835 1772 2874 laus
1792 2836 1871 2874 erit.
1895 2838 1967 2875 Alii
1984 2839 2121 2891 vigiliis
2138 2851 2172 2878 et

1185 2899 1285 2937 humi
1307 2897 1484 2948 cubando,
1509 2898 1678 2948 milleque
1700 2899 1997 2939 macerationibus
2027 2913 2170 2954 peccata

1183 2961 1346 3014 expiant;
1362 2960 1430 2998 tibi
1445 2959 1603 2998 faciliore
1614 2960 1687 3005 via,
1709 2960 1924 3012 injuriarum
1937 2976 2062 3016 nempe
2076 2966 2168 3003 obli-

1184 3022 1287 3062 vione
1305 3022 1387 3060 licet
1400 3020 1517 3059 omnia
1536 3021 1737 3072 abstergere
1754 3021 1895 3059 scelera.
1912 3023 1985 3060 Cur
2001 3034 2121 3065 contra
2137 3036 2170 3065 te

1184 3083 1345 3136 gladium
1372 3091 1412 3120 ut
1433 3082 1576 3120 insanus
1604 3091 1637 3120 et
1661 3082 1780 3120 furens
1809 3082 1993 3135 admoves,
2023 3096 2126 3137 teque
2149 3105 2169 3127 a

1184 3146 1302 3182 futura
1321 3143 1394 3181 vita
1415 3143 1580 3196 expellis,
1601 3157 1683 3180 cum
1702 3142 1793 3180 nihil
1812 3157 1880 3182 non
1900 3145 2013 3184 facere
2031 3158 2167 3199 oporte-

1186 3215 1256 3253 ret,
1281 3214 1319 3241 ut
1338 3204 1437 3242 illam
1463 3203 1711 3255 consequaris?
1743 3204 1835 3242 Nam
1862 3206 1890 3243 si
1916 3221 2064 3258 praescns
2093 3211 2168 3248 vita

125 3317 141 3340 d
166 3317 278 3350 Ἠοῖ-01.
300 3322 349 3352 καὶ
375 3325 428 3357 τὴν
454 3325 596 3354 αἰτίαν...
620 3330 784 3365 tumosis-2.
806 3322 864 3354 Alii
891 3321 1024 3364 paulum
1048 3322 1191 3355 variant.

306 3385 399 3408 TOM.
433 3386 527 3410 Vll!-

1962 3378 2009 3411 1⁴.)
