2507 3673
622 143 664 172 ιιι
702 143 915 172 JOANNEM
955 143 1109 173 nomn„
1153 145 1336 175 [xxxvi.
1376 131 1437 175 al.

87 222 262 276 προξενεῖ,
282 224 342 261 καὶ
363 223 489 266 πάντες
511 226 604 275 ἡμᾶς
632 224 862 276 κροτήσουσι,
891 224 950 263 καὶ
979 225 1111 275 θαυμά-

93 299 210 322 σονται
229 288 288 323 τοῦ
307 284 459 338 Χριστοῦ
477 284 539 330 τὴν
561 284 720 335 δύναμιν,
743 285 802 323 καὶ
819 288 931 339 ἐροῦσι
944 302 951 309 ·
981 285 1089 337 [meat
1101 315 1110 333 ,

85 345 176 391 πόση
201 349 222 392 ἡ
243 351 304 384 τοῦ
333 346 586 397 σταυρωθέντος
607 346 726 398 ἰσχύς,
747 347 862 386 ἔπεισε
889 346 965 391 τοὺς
997 349 1110 384 ἀπολ-

85 407 251 457 λυμένους
271 407 330 445 καὶ
347 407 608 459 φθειρομένους,
636 407 689 446 ὅτι
712 410 773 446 οὐκ
808 410 881 446 ἔστι
919 408 1063 451 θάνατος
1094 410 1112 444 ὁ

85 468 248 512 θάνατος·
280 471 316 506 οὗ
350 468 461 506 τοίνυν
494 468 537 506 τὰ
569 472 636 506 τῶν
671 469 921 520 ἀπολλυμένων
943 473 1111 515 ποιοῦσιν,

85 528 176 566 ἀλλὰ
196 529 239 568 τὰ
272 531 339 567 τῶν
360 529 640 581 προπεμπόντων
664 533 710 574 εἷς
743 530 943 580 ἀποδημίαν
965 528 1110 579 ἀμείνω.

84 588 249 628 Ἔπεισεν
280 590 418 638 αὐτοὺς,
437 590 488 628 ὅτι
516 592 555 629 τὸ
577 595 681 643 σῶμα
702 593 742 631 τὸ
761 591 910 644 φθαρτὸν
927 594 1027 628 τοῦτο
1051 589 1110 627 καὶ

84 650 219 702 γήϊνον,
255 651 393 702 ἱμάτιον
420 653 595 692 ἐνδύσεται
633 656 700 691 τῶν
730 655 882 705 σηρικῶν
902 651 962 690 καὶ
984 665 1112 703 χρυσο-

81 712 225 751 πάστων
251 714 338 753 πολὺ
367 715 630 769 λαμπρότερον,
660 715 723 761 τὴν
745 713 950 766 ἀφθαρσίαν.
979 713 1111 765 Διόπερ

81 775 156 814 οὐδὲ
174 776 306 824 πολλὴν
326 778 406 830 περὶ
432 778 494 824 τὴν
522 777 634 829 ταφὴν
656 781 832 814 ποιοῦνται
853 773 1019 821 σπουδὴν,
1033 775 1110 812 ἀλλ’

82 838 238 891 ἐντάφιον
259 842 423 890 ἡγοῦνται
448 839 658 889 θαυμαστὸν,
677 837 749 888 βίον
773 837 944 888 ἐνάρετον.
966 838 1107 884 Ταῦτα,

83 897 122 935 ἂν
142 901 409 951 φιλοσοφοῦντας
431 899 562 945 ἴδωσιν,
583 901 715 949 ἐροῦσιν
729 913 736 920 ·
754 897 793 934 ἂν
810 897 845 935 δὲ
862 912 1109 948 κατακαμπτο·

85 960 218 1009 μένους,
245 959 565 1011 γυναικιζομένους,
585 958 708 1013 χοροὺς
737 962 988 1011 περιιστῶντας
1020 961 1108 1012 θρη-

79 1024 207 1059 νουσῶν
234 1024 419 1073 γυναικῶν,
445 1019 650 1071 γελάσονται
671 1020 730 1059 καὶ
754 1021 1028 1073 κωμῳδήσουσι,
1048 1019 1108 1058 καὶ

81 1081 189 1133 μυρία
208 1081 508 1134 κατηγορήσουσι,
529 1082 748 1135 διασύροντες
768 1082 829 1129 τὴν
848 1084 922 1134 εἰκῇ
937 1082 1108 1130 δαπάνην,

79 1142 141 1190 τὴν
163 1143 429 1194 ματαιοπονίαν.
454 1143 525 1181 Καὶ
546 1142 613 1196 γὰρ
635 1148 746 1181 ταῦτα
765 1143 934 1194 ἀκούομεν
949 1160 1107 1196 κατηγο-

82 1204 408 1256 ρούντιωῗπάντων·
428 1205 488 1242 καὶ
510 1205 606 1255 μάλα
627 1205 779 1248 εἰκότως.
801 1205 912 1243 Ποίαν
937 1206 1005 1259 γὰρ
1028 1206 1105 1251 ἕξο-

81 1283 143 1317 μεν
166 1267 367 1319 ἀπολογίαν,
398 1266 480 1304 ὅταν
505 1267 544 1305 τὸ
574 1266 635 1317 μὲν
671 1270 774 1316 σῶμα
807 1269 855 1310 εἷς
890 1270 1021 1319 ἰχῶρας
1048 1267 1107 1307 καὶ

83 1327 267 1375 σκώληκας
288 1327 535 1378 δαπανώμενον
563 1328 851 1379 καλλωπίζωμεν,
880 1328 937 1366 τὸν
966 1330 1001 1366 δε
1022 1330 1108 1380 Χρι-

79 1390 157 1427 στὸν
182 1393 399 1441 περιορῶμεν
430 1390 604 1441 διψῶντα,
626 1390 754 1440 γυμνὸν
779 1389 959 1442 περιιόντα
976 1391 1035 1428 καὶ
1057 1390 1107 1435 ξέ-

76 1466 149 1497 νον,
170 1448 520 1501 Παυσώμεθαξτοίνυν
536 1453 598 1495 τῆς
620 1449 772 1500 ματαίας
791 1449 920 1497 ταύτης
935 1453 1105 1498 σπουδῆς·

76 1511 298 1562 κηδεύσωμεν
315 1510 391 1554 τοὺς
420 1510 633 1555 ἀπελθόντας
646 1542 655 1558 ,
674 1514 719 1555 ὡς
748 1512 807 1550 καὶ
835 1516 919 1563 ἡμῖν
938 1514 998 1551 καὶ
1018 1514 1106 1552 ἐκεί-

75 1591 144 1619 νοις
172 1574 340 1628 συμφέρει
361 1574 446 1625 πρὸς
468 1572 567 1617 δόξαν
588 1575 697 1611 Θεοῦ·
727 1573 858 1621 πολλὴν
881 1574 965 1628 ὑπὲρ
994 1579 1104 1614 αὐτῶν

74 1637 327 1687 ἐπιτελέσωμεν
346 1635 594 1686 ἐλεημοσύνην,
612 1634 881 1687 συμπέμψομεν
898 1640 1012 1681 αὐτοῖς
1029 1639 1104 1692 ἐφό-

74 1701 131 1737 δια
151 1698 334 1736 κάλλιστα.
361 1699 406 1735 Εἰ
427 1696 494 1750 γὰρ
518 1696 640 1747 μνήμη
660 1700 867 1747 θαυμαστῶν
888 1700 1020 1751 ἀνδρῶν
1041 1717 1103 1738 τε-

73 1760 329 1807 τελευτηκότων
372 1760 524 1813 προέστη
558 1760 627 1796 τῶν
664 1758 800 1804 ζώντων
836 1762 848 1808 (
872 1760 1103 1815 Ἵ“περασπιῶ

73 1822 140 1876 γὰρ
154 1854 163 1871 ,
185 1821 289 1875 φησὶ,
309 1824 371 1867 τῆς
393 1820 525 1865 πόλεως
539 1820 668 1869 ταύτης
690 1822 734 1859 δι’
757 1821 818 1872 ἐμὲ
835 1822 893 1860 καὶ
917 1822 974 1860 διὰ
992 1824 1102 1862 Δαυὶδ

71 1885 129 1923 τὸν
146 1884 255 1922 παῖδά
271 1900 334 1934 μου
346 1886 358 1931 )
370 1899 377 1906 ·
397 1885 516 1935 πολλῷ
539 1884 669 1934 μᾶλλον
690 1883 905 1934 ἐλεημοσύνη
926 1889 1026 1923 τοῦτο
1046 1887 1101 1937 ἐρ-

71 1947 231 1998 γάσεται.
265 1945 360 1993 Αὕτη
395 1944 481 1996 γὰρ,
515 1943 600 1991 αὕτη
635 1944 694 1982 καὶ
732 1943 870 1997 νεκροὺς
895 1945 1098 1994 ἀνέστησεν,

69 2008 173 2054 ἡνίκα
209 2007 464 2062 ἶ’περιέστησαν
503 2009 537 2044 αἱ
583 2010 693 2058 χῆραι
723 2005 1002 2057 ἐπιδεικνύμεναι
1036 2008 1100 2045 ὅσα

69 2070 176 2108 ἐποίει
194 2069 271 2121 μετ’
287 2071 396 2107 αὐτῶν
414 2062 499 2107 οῧσα
513 2070 534 2113 ἡ
551 2068 697 2120 Δορκάς.
713 2065 826 2105 εΌταν
848 2062 904 2104 οῧν
920 2084 971 2110 τις
988 2068 1097 2120 μέλλῃ

66 2133 242 2184 τελευτᾷν,
264 2134 281 2169 ὃ
303 2133 425 2174 οἰκεῖος
443 2133 492 2182 τῷ
516 2132 720 2168 τελευτῶντι
743 2129 1034 2173 κατασκευαζέτω
1054 2130 1098 2169 τὰ

66 2192 232 2244 ἐντάφια,
253 2192 312 2230 καὶ
328 2192 475 2230 πειθέτω
502 2192 559 2229 τὸν
586 2190 733 2229 ἀπιόντα
759 2197 830 2234 τοῖς
863 2191 1036 2242 δεομένοις
1063 2208 1096 2229 τι

64 2252 356 2303 καταλιμπάνειν.
391 2252 410 2269 *
423 2250 525 2289 Μετὰ
551 2250 680 2288 τούτων
720 2251 820 2289 αὐτὸν
853 2251 1094 2302 ἀποπεμπέτω

63 2317 131 2352 τῶν
162 2313 333 2365 ἱματίων,
359 2312 507 2351 πειθέτω
532 2312 593 2350 καὶ
624 2312 839 2364 κληρονόμον
870 2312 1009 2365 ἀφιέναι
1036 2314 1094 2352 τὸν

63 2375 227 2426 Χριστόν.
256 2377 301 2413 Εἰ
322 2374 390 2427 γὰρ
417 2377 447 2413 οἱ
476 2376 628 2426 βασιλεῖς
664 2375 892 2426 ἐγγράφοντες
927 2375 1092 2427 κληρονό-

65 2452 164 2486 μους,
192 2434 290 2480 ι’τοῖς
310 2436 447 2478 οἰκείοις
472 2435 599 2488 μυρίαν
617 2435 945 2485 καταλιμπάνουσιν
974 2437 1092 2488 ἀστρά-

62 2499 177 2535 λειανν
196 2501 213 2535 ὃ
238 2498 294 2535 τὸν
314 2497 464 2548 Χριστὸν
484 2496 595 2548 ἀφιεὶς
615 2495 703 2546 μετὰ
723 2499 789 2534 τῶν
810 2496 960 2544 παίδων,
979 2498 1093 2544 ἐννόη-

63 2575 121 2597 σον
133 2558 217 2606 ὅσην
235 2557 466 2597 ἐπισπάσεται
482 2557 613 2595 εὔνοιαν
628 2557 687 2595 καὶ
700 2559 813 2609 ἐαυτῷ
827 2557 886 2594 καὶ
900 2564 970 2602 τοῖς
990 2561 1092 2597 αὐτοῦ

61 2627 161 2658 πᾶσι.
185 2619 308 2658 Ταῦτά
328 2621 402 2657 ἐστι
418 2618 459 2657 τὰ
477 2619 619 2670 ἐντάφια
637 2618 729 2656 καλά
744 2623 871 2656 ’ταῦτα
887 2618 1018 2666 ὀνίνησι
1033 2620 1092 2658 καὶ

61 2680 137 2724 τοὺς
158 2681 321 2732 μένοντας
345 2680 498 2724 καὶτοὺς
521 2679 790 2731 ἀπερχομένους.
806 2676 866 2716 Ἂν
897 2678 1004 2724 οὕτως
1037 2683 1091 2718 ἐν-

60 2745 319 2796 ταεριασθῶμεν,
337 2742 492 2794 λαμπροὶ
507 2741 598 2780 κατὰ
615 2741 672 2779 τὶν
691 2744 753 2787 τῆς
773 2741 997 2784 ἀναστάσεως
1013 2741 1091 2780 ἐσό-

61 2807 149 2852 μεθα
169 2803 305 2855 καιρόν·
324 2802 364 2839 ἂν
383 2802 419 2840 δὲ
439 2801 478 2839 τὸ
495 2803 599 2852 σῶμα
618 2799 875 2852 θεραπεύοντες,
890 2803 953 2846 τῆς
978 2802 1091 2853 ψυχῆς

59 2866 264 2915 ἀμελῶμεν,
298 2863 412 2902 πολλὰ
442 2864 513 2900 ἐκεῖ
539 2861 731 2912 πεισόμεθα
756 2860 868 2909 δεινὰ,
893 2862 952 2899 καὶ
982 2861 1088 2900 πολὺν

56 2926 252 2978 ὀφλήσομεν
269 2924 417 2975 γέλωτα.
433 2924 523 2963 Οὐδὲ
536 2923 603 2975 γὰρ
622 2928 643 2970 ἦ
664 2928 819 2975 τυχοῦσα
837 2923 1068 2975 ἀσχημοσύνη
1080 2954 1089 2972 ,

55 2986 184 3037 γυμνὸν
214 2989 275 3032 τῆς
308 2987 434 3038 ἀρετῆς
467 2987 649 3023 ἀπελθεῖν·
681 2983 757 3022 οὐδὲ
798 2984 886 3022 οὕτω
911 2985 951 3022 τὸ
983 2988 1086 3035 σῶμα

100 3138 113 3152 ⁸
136 3127 197 3159 Alii
214 3133 417 3172 παρέστησαν.

99 3179 116 3195 '⁴‘
141 3180 217 3221 [Ita
232 3178 319 3210 hune
336 3178 447 3210 locum
467 3177 671 3209 restituimus
687 3188 704 3209 e
720 3175 805 3209 Cod.
822 3178 898 3211 705.
917 3175 1067 3219 Legeba-

56 3238 110 3262 tur
126 3231 160 3262 in
182 3230 400 3262 Montfaucon
423 3229 604 3262 secundum
624 3228 783 3262 Savilium
800 3236 882 3272 μετὰ
911 3233 942 3263 δὲ
958 3232 1070 3263 τούτων

57 3289 261 3325 &mussan-rim
279 3292 336 3317 τῶν
353 3289 491 3326 ἱματίων,
515 3287 700 3327 κληρονόμον
718 3287 834 3329 ἀφιέναι
860 3288 912 3316 τὸν
929 3289 1067 3327 Χριστόν.

62 3335 145 3367 Cod-
179 3338 242 3368 709
260 3344 340 3380 μετ’).
366 3340 477 3371 τούτων
499 3346 556 3370 τῶν
573 3341 699 3379 ἱματίων
716 3342 920 3378 ἀποπεμπέτω
939 3341 996 3380 γὰρ
1023 3342 1072 3369 τὶν

1136 963 1156 992 Β
1178 958 1317 997 ledictis
1337 959 1588 1010 insequentur,
1605 975 1740 999 vanum
1762 960 2056 1012 superfluumque
2074 976 2171 1000 sum-

2080 133 2169 180 583

1180 226 1353 276 nobisque
1369 240 1489 263 omnes
1509 226 1693 278 plaudent,
1709 234 1814 277 atque
1827 228 2054 267 mirabuntur
2068 231 2173 268 Chri-

1181 285 1226 322 sti
1253 286 1436 334 virtutem,
1466 286 1654 336 dicentque
1671 302 1678 323 ε
1693 287 1811 338 Papae,
1839 298 1967 337 quanta
2004 300 2054 328 est
2084 292 2173 328 Cru-

1183 344 1284 382 cifixi
1300 345 1416 383 virtus
1432 361 1439 381 :
1454 345 1564 383 suasit
1577 345 1810 383 morientibus
1825 377 1834 393 ,
1850 358 1999 386 mortem
2017 364 2085 387 non
2100 365 2173 388 esse

1182 415 1334 444 mortem
1352 423 1359 443 :
1379 421 1447 444 non
1477 421 1560 458 ergo
1584 408 1684 457 quasi
1709 422 1774 460 pro
1792 410 2023 460 pereuntibus
2041 422 2170 461 agunt,

1181 467 1244 505 sed
1263 482 1327 519 pro
1349 468 1392 506 iis
1409 468 1471 519 qui
1490 468 1536 506 ad
1557 468 1741 507 meliorem
1762 469 1881 507 locum
1896 470 2172 521 praemittuntur.

1182 527 1304 565 Suasit
1328 528 1401 567 illis
1435 544 1565 582 corpus
1596 530 1664 568 hoc
1698 531 1839 568 fluxum
1861 540 1894 568 et
1919 540 2098 569 terrenum
2121 532 2173 570 in-

1181 588 1366 627 duendum
1388 604 1461 628 esse
1476 591 1766 644 incorruptione,
1785 591 1907 629 sericis
1925 601 1958 630 et
1979 593 2095 630 aureis
2114 608 2176 631 ve-

1181 649 1296 688 stibus
1314 651 1418 703 longe
1428 652 1649 704 pretiosiore.
1664 652 1896 704 Ideoquenon
1910 663 2043 691 tantam
2056 655 2174 706 sepul-

1182 721 1269 750 turae
1286 723 1412 765 gerunt
1425 728 1572 764 curam,
1588 713 1648 752 sed
1660 715 1834 752 funeralia
1849 715 2028 752 mirabilia
2048 725 2175 768 putant

1181 788 1255 812 esse
1267 775 1381 812 vitam
1394 775 1579 827 optimam.
1596 776 1682 814 Haec
1705 775 1841 825 dicent,
1865 776 1891 814 si
1910 791 1972 815 nos
1987 777 2036 814 ita
2056 778 2174 829 philo-

1179 836 1557 887 sophantesviderint3
1586 837 1639 875 sin
1652 837 1794 888 fractos,
1808 838 2031 889 practicarum
2046 839 2172 877 choros
2245 864 2376 892 Praeflca-

1177 896 1501 947 circumducentes,
1528 912 1591 936 nos
1614 897 1849 947 deridebunt,
1871 898 2076 946 traducent,
2097 915 2172 938 ma·
2188 916 2278 974 rums
2292 906 2376 954 chori

2187 957 2216 973 ln
2278 957 2376 975 unes}-

2186 988 2252 1015 bus.

1479 145 1648 176 LXXXV.

1176 1030 1255 1058 tum
1267 1030 1424 1073 carpent.
1438 1021 1521 1059 Haec
1536 1021 1630 1059 enim
1644 1021 1842 1060 incusantes
1854 1037 1974 1061 omnes
1988 1023 2169 1076 audimus,

1178 1091 1211 1120 et
1223 1082 1305 1134 jure
1325 1083 1482 1134 quidem.
1496 1084 1615 1130 Quam
1632 1083 1728 1122 enim
1743 1083 1956 1122 habebimus
1973 1086 2172 1124 exeusatio-

1178 1158 1280 1193 nem,
1319 1144 1462 1195 quando
1491 1160 1642 1197 corpus,
1675 1145 1771 1196 quod
1804 1146 1900 1183 sanie
1928 1156 1961 1184 et
1991 1148 2174 1186 vermibus

1177 1207 1401 1255 absumitur,
1435 1222 1668 1257 exornamus,
1690 1208 1874 1246 Christum
1903 1223 1989 1247 vero
2014 1209 2171 1262 despici-

1178 1282 1257 1305 mus
1287 1268 1486 1317 sitientem,
1515 1268 1653 1306 nudum
1681 1269 1942 1318 ambulantem,
1970 1271 2175 1323 hospitem?

1177 1330 1289 1367 Vanae
1322 1329 1434 1380 igitur
1464 1343 1555 1366 curae
1588 1329 1695 1367 finem
1720 1330 1964 1382 imponamus,
1988 1331 2173 1370 defunctos

1176 1388 1408 1441 sepeliamus,
1447 1398 1487 1426 ut
1518 1399 1551 1427 et
1582 1390 1686 1427 nobis
1705 1399 1738 1428 et
1767 1390 1839 1428 illis
1860 1391 2015 1429 conferat
2034 1392 2081 1429 ad
2097 1392 2173 1443 glo-

1178 1450 1269 1487 riam
1292 1451 1373 1488 Dei.
1404 1451 1560 1488 Multam
1578 1466 1643 1503 pro
1670 1451 1743 1489 illis
1767 1466 1952 1503 erogemus
1976 1453 2170 1507 eleemosy-

1177 1524 1259 1547 nam
1277 1527 1284 1547 :
1305 1511 1489 1548 mittamus
1509 1511 1581 1548 illis
1596 1512 1840 1563 pulcherrima
1863 1512 2009 1550 viatica.
2032 1516 2062 1551 N
2067 1529 2124 1552 am
2140 1516 2171 1552 si

1176 1571 1346 1608 memoria
1381 1571 1636 1623 praeclarorum
1665 1572 1828 1610 virorum
1853 1573 1915 1623 qui
1938 1575 2068 1611 mortui
2090 1584 2173 1612 sunt

1174 1631 1319 1683 prodest
1349 1632 1557 1671 viventibus
1587 1633 1659 1680 (ait
1688 1633 1801 1682 enim,
1831 1636 2042 1687 Protegam
2069 1637 2371 1685 harzca.Reg.19.

1129 1710 1152 1739 ρ
1175 1696 1373 1733 civitatem
1399 1704 1557 1747 propter
1579 1710 1656 1743 me,
1690 1705 1726 1734 et
1756 1705 1913 1748 propter
1939 1699 2075 1736 David
2092 1712 2170 1736 ser·
2184 1683 2235 1725 ‘33¹‘

1178 1770 1265 1794 vum„
1284 1771 1409 1795 meum
1424 1760 1454 1806 ),
1472 1758 1576 1809 longe
1599 1757 1712 1809 magis
1730 1758 1952 1812 eleemosyna
1971 1760 2038 1797 hoc
2054 1760 2169 1799 faciet.

1173 1818 1206 1855 H
1209 1832 1256 1856 aec
1272 1828 1379 1869 certe,
1389 1819 1478 1866 haec,
1493 1819 1653 1870 inquam,
1669 1829 1828 1858 mortuos
1842 1822 2042 1871 suscitavit,
2057 1837 2169 1873 quan—

1172 1879 1218 1917 do
1235 1879 1547 1918 circumsteterunt
1565 1880 1686 1919 viduae
1705 1881 1927 1920 ostendentes
1941 1897 2020 1934 quae
2039 1884 2169 1922 fecerat
2182 1889 2252 1917 Act.
2268 1899 2298 1929 9.
2317 1891 2368 1920 36.

1172 1940 1259 1992 ipsis
1284 1942 1548 1979 contubernalis
1568 1943 1714 1980 Dorcas.
1733 1944 1825 1980 Cum
1847 1944 1928 1994 quis
1951 1959 2034 1996 ergo
2058 1946 2168 1983 mori-

1171 2011 1271 2039 turus
1287 2012 1348 2050 est,
1364 2003 1425 2053 qui
1440 2003 1674 2055 propinquior
1690 2013 1742 2041 est
1761 2004 1844 2056 ipsi,
1862 2015 1961 2058 paret
1977 2006 2166 2056 funeralia,

1169 2073 1203 2100 et
1228 2063 1442 2102 moribundo
1463 2065 1630 2113 suadeat,
1652 2075 1692 2102 ut
1710 2066 1828 2117 egenis
1847 2067 2037 2119 quidpiam
2057 2069 2164 2107 relin-

1168 2135 1267 2176 quat.
1288 2125 1449 2163 Cumhis
1462 2126 1600 2164 emittat
1619 2126 1857 2165 indumentis:
1877 2129 2024 2166 suadeat
2040 2129 2161 2181 etiam,

1167 2196 1207 2224 ut
1235 2187 1419 2225 Christum
1444 2187 1609 2225 heredem
1641 2188 1833 2238 relinquat.
1871 2190 1962 2227 Nam
1997 2190 2027 2228 si
2063 2205 2162 2242 reges

1166 2261 1247 2284 cum
1279 2247 1426 2285 heredes
1461 2248 1707 2298 conscribunt,
1742 2249 1980 2288 familiaribus
2009 2251 2161 2289 multam

1164 2309 1389 2347 securitatem
1417 2310 1653 2356 constituunt,
1673 2310 1736 2360 qui
1770 2310 1955 2348 Christum
1979 2325 2060 2349 cum
2077 2312 2161 2349 filiis

1164 2370 1332 2408 heredem
1358 2371 1546 2421 relinquit,
1576 2371 1691 2422 cogita
1720 2381 1889 2422 quantam
1919 2373 1988 2409 sibi
2023 2382 2056 2410 et
2085 2373 2158 2411 suis

1164 2433 1330 2470 omnibus
1355 2433 1509 2470 attrahet
1544 2433 1841 2470 benevolentiam.
1874 2434 1957 2472 Haec
1986 2435 2158 2473 funeralia

1162 2493 1314 2545 pulchra
1346 2503 1446 2541 sunt,
1478 2494 1554 2531 haec
1572 2494 1702 2545 juvant
1727 2502 1761 2530 et
1785 2495 1992 2546 superstites
2027 2505 2061 2533 et
2096 2495 2158 2534 de-

1160 2555 1314 2592 functos.
1342 2554 1382 2593 Si
1408 2554 1465 2591 his
1487 2563 1630 2591 utamur
1656 2554 1898 2603 funeralibus,
1927 2558 2157 2596 resurrectio-

1160 2616 1215 2653 nis
1235 2625 1392 2668 tempore
1407 2614 1589 2667 splendidi
1612 2615 1744 2652 erimus
1763 2615 1841 2653 :sin
1877 2630 2005 2669 corpus
2029 2632 2155 2657 curan—

1160 2686 1224 2725 tes,
1240 2677 1396 2715 animam
1415 2677 1636 2728 negligamus
1650 2707 1660 2725 ,
1688 2678 1801 2715 multa
1815 2678 1866 2716 ihi
1889 2680 2015 2730 gravia
2037 2681 2151 2733 patie—

1160 2753 1262 2787 mur,
1283 2747 1316 2775 et
1346 2752 1519 2789 magnum
1548 2738 1784 2776 excitabimus
1805 2739 1928 2777 risum.
1948 2742 2028 2779 Non
2060 2742 2155 2780 enim

1158 2814 1269 2852 parva
1290 2808 1340 2837 est
1358 2799 1574 2850 ignominia,
1592 2799 1725 2837 virtute
1743 2800 1883 2839 nudum
1903 2802 2001 2840 abire
2017 2819 2024 2840 :
2041 2818 2155 2854 neque

1158 2860 1209 2898 sic
1230 2860 1448 2912 insepultum
1464 2869 1498 2898 et
1515 2861 1716 2913 projectum
1736 2875 1864 2915 corpus
1880 2863 2153 2903 dehonestatum

1157 2924 1303 2962 videtur
1314 2954 1326 2970 ,
1346 2932 1386 2961 ut
1401 2923 1517 2962 anima
1536 2923 1670 2962 virtute
1684 2924 1792 2962 nuda.
1815 2926 1915 2964 Hanc
1931 2926 2125 2965 induamus
2141 2958 2151 2977 ,

1158 2985 1225 3022 hac
1256 2984 1412 3022 maxime
1445 2985 1657 3023 amiciamur
1694 3000 1758 3038 per
1785 3001 1889 3026 omne
1912 2997 2052 3040 tempus
2075 2990 2153 3027 :vel

1135 3131 1262 3172 Χριστὸν
1279 3128 1349 3160 εἶναι
1372 3127 1587 3173 κληρονόμοι]

1180 3179 1197 3203 b
1222 3177 1503 3220 [Emendavimus
1519 3190 1536 3211 e
1551 3177 1662 3212 Codd.
1681 3180 1816 3213 nostris.
1834 3180 1964 3220 Morel.,
1984 3193 2081 3224 quem
2099 3193 2148 3213 se-

1136 3238 1257 3274 quutus
1273 3240 1321 3263 est
1339 3231 1471 3271 Montf„
1485 3241 1546 3270 τοῖς
1559 3237 1673 3269 οἰκείοις
1686 3240 1796 3277 μοῖραν
1808 3248 1837 3266 κ.
1855 3237 2028 3277 ἀσφάλειαν,
2047 3233 2148 3265 Saxil.

1138 3286 1301 3329 ἀσφαλείας
1316 3310 1324 3325 ,
1343 3283 1384 3316 de
1402 3284 1594 3326 conjectura
1606 3304 1614 3320 ,
1636 3291 1671 3314 ut
1686 3282 1845 3327 videtur.]
