2522 3683
88 374 211 413 Romu),
225 372 268 401 13.

91 414 134 441 15.

91 584 204 610 malm
226 592 270 621 ¹9·

92 1068 210 1093 ΙΜΙἍΕ.

91 1116 115 1134 -.·1
134 1107 178 1134 iti,

230 1066 273 1096 18.

91 1795 169 1823 ibid.
183 1807 208 1823 v.
226 1804 275 1825 20.

286 227 378 286 846

286 337 393 373 quam
423 320 704 372 blasphematur.
741 318 974 356 Adversarius
993 316 1080 355 dicit
1101 333 1108 353 :
1130 319 1184 355 De
1204 319 1263 357 Ja-

286 375 373 412 cobo
391 374 464 411 ait:
485 375 609 411 Jacob
639 373 773 417 dilexi,
803 373 909 408 Esaii
933 378 1062 407 antem
1083 371 1171 407 odio
1194 371 1266 408 Ιια-

287 430 369 475 b1u';
382 434 419 464 et
433 427 566 474 Moysi
576 426 690 470 dimit,
707 425 920 461 Miser-ebor
928 424 1035 474 cujus
1046 424 1262 469 miserebor,
1292 427 1313 455 B

285 489 321 518 et
339 479 640 517 misericordiam
663 477 853 529 prcestabo
867 477 901 512 ei
919 477 1027 527 cujus
1051 477 1267 513 miserebor.

286 532 322 569 Si
346 532 440 569 enim
469 545 574 581 quem
601 530 680 568 vult
704 528 902 573 miseretur,
920 536 953 564 ct
975 541 1079 577 quem
1105 527 1185 566 vult
1204 527 1267 565 ob—

287 585 407 629 durat,
427 585 529 633 Qnid
550 584 677 620 adhuc
698 583 870 633 queritur
883 585 900 617 P
922 580 1015 617 Nam
1036 580 1067 617 si
1084 579 1176 617 illud
1195 580 1270 632 ipse

288 646 468 688 operatur,
491 645 523 673 et
542 636 607 672 hoc
622 635 752 678 eflicit3
770 647 833 670 cur
848 647 867 670 a
883 647 938 670 me
955 633 1127 671 rationem
1142 632 1270 684 repetit

288 703 409 727 eorum
427 702 505 738 quie
530 688 604 738 ipsc
629 685 735 723 facit?
754 685 837 723 Haec
857 694 908 722 est
930 694 1002 723 tota
1023 685 1079 724 vis
1097 684 1267 737 objectio-

289 742 354 778 nis.
370 741 512 778 Etenim
527 741 661 787 Moysi
675 739 789 776 dicit.-
803 738 1016 776 Miser-ebor
1025 740 1134 790 cnjus
1155 740 1268 775 mise-

291 796 369 839 bor,
394 802 430 830 et
448 792 754 830 misericordiam
767 793 958 842 praestabo
978 794 1013 828 ei
1031 793 1140 843 cujus
1153 793 1269 829 mise-

291 849 413 883 rebor.
447 845 542 896 Ergo
567 845 666 895 quasi
689 843 758 881 alio
777 843 1051 887 contradicente,
1071 852 1104 881 et
1123 842 1270 895 syllogi-

291 913 407 936 smum
425 897 648 945 obtendente,
674 895 815 933 addidit
835 912 842 932 ε
865 897 989 933 Jacob
1010 897 1142 945 dilexi,
1162 897 1271 933 Esaii

291 960 418 988 alitem
435 951 522 987 odio
539 951 670 987 habui.
687 948 797 985 Aliud
813 962 952 998 quoque
969 948 1100 999 adjecit
1122 964 1129 984 :
1153 949 1271 999 Cujus

293 1005 383 1041 vult
396 1006 605 1047 miseretur,
623 1015 736 1054 quem
754 1002 841 1038 vuli·
869 1002 1041 1038 indurat.
1060 1000 1125 1037 Cui
1146 999 1272 1037 adver·-

291 1055 522 1105 sarius,quasi
544 1055 654 1092 alium
679 1053 929 1106 syllogismum
954 1053 1124 1104 objiciens
1146 1067 1154 1088 t
1176 1052 1272 1101 Ergo

292 1110 381 1147 Non
400 1109 580 1156 volentis,
606 1120 727 1158 neque
747 1107 951 1153 currentis,
972 1105 1040 1142 sed
1061 1106 1274 1141 miserentis

291 1170 344 1199 est
359 1163 444 1199 Dei.
467 1160 504 1198 Si
528 1173 611 1210 ergo
630 1158 731 1209 cujus
754 1157 832 1196 vult
850 1157 1047 1203 miseretur,
1065 1170 1171 1207 quem
1196 1155 1275 1194 vult

293 1213 453 1261 indurat3
470 1213 499 1249 si
521 1225 627 1262 quem
648 1210 728 1248 vult
743 1209 884 1260 diligit,
909 1218 943 1246 ct
971 1223 1078 1259 quem
1094 1208 1173 1247 vult
1191 1208 1274 1245 odio

291 1266 418 1313 habet,
443 1279 506 1302 cur
540 1278 596 1301 me
626 1261 793 1300 accusas?
820 1262 966 1299 Frustra
993 1275 1076 1313 ergo
1108 1261 1275 1313 pietatem

292 1327 421 1366 sector,
446 1318 575 1355 frustra
605 1315 652 1353 ad
683 1315 869 1353 veritatem
908 1328 1011 1351 curro
1033 1315 1152 1351 :Non
1181 1313 1276 1351 enim

292 1373 494 1415 currentis,
522 1382 643 1421 neque
665 1368 850 1414 volentis,
885 1367 953 1404 sed
979 1368 1192 1404 miserentis
1221 1375 1276 1404 est

292 1424 378 1460 Dei.
398 1423 483 1459 Haec
500 1421 619 1459 omnia
634 1435 679 1457 ex
694 1433 841 1471 persona
859 1418 1066 1458 adversarii.
1083 1419 1204 1468 Neque
1225 1432 1277 1456 re-

290 1476 382 1526 fugit
400 1475 566 1525 deinceps
583 1473 764 1525 apostolus
783 1472 850 1524 ipsi
869 1471 1007 1509 fortiter
1026 1471 1276 1519 contradicere,

292 1529 411 1565 nolens
432 1528 508 1579 ejus
531 1526 763 1577 objectionem
791 1524 1026 1575 confirmare,
1050 1523 1112 1561 sed
1137 1538 1278 1561 omnem

292 1581 412 1618 volens
433 1579 619 1629 gentilium
634 1578 873 1630 suspicionem
887 1577 1021 1615 tollere.
1042 1576 1138 1627 Ergo
1160 1577 1279 1629 Cujus

291 1634 378 1670 ‘vult
406 1630 618 1677 miseretur,
638 1645 754 1683 quem
769 1630 856 1667 vult
876 1630 1048 1666 indurat.
1074 1631 1190 1667 Dicet
1210 1631 1279 1681 igi-

293 1694 354 1722 tur
372 1687 481 1731 mihi,
505 1684 608 1734 Quid
630 1696 717 1735 ergo
742 1683 1011 1733 reprehendit?
1027 1695 1118 1719 nam
1138 1682 1280 1719 volun-

293 1740 366 1774 tati
379 1740 462 1789 ejus
475 1739 560 1789 quis
575 1738 745 1774 resistit?
765 1733 930 1772 Tandem
949 1734 1210 1786 responsionem
1229 1734 1280 1771 sic

292 1789 431 1827 orditur
446 1789 579 1826 Paulus
595 1804 602 1824 :
622 1790 654 1826 Ο
669 1790 796 1833 homo,
818 1795 858 1824 ιιι
868 1789 954 1839 quis
971 1801 1023 1833 es,
1041 1789 1107 1838 qui
1122 1800 1278 1838 respon-

293 1843 385 1880 deas
410 1843 493 1879 Deo
507 1846 523 1878 P
544 1841 626 1878 Haec
647 1854 716 1878 non
736 1848 788 1877 est
806 1838 1013 1890 objectionis
1043 1838 1172 1876 solutio
1185 1868 1196 1887 ,
1217 1838 1280 1877 sed

293 1895 452 1946 primum
468 1893 664 1944 indignatio
680 1891 850 1929 adversus
869 1905 946 1939 eos,
965 1890 1026 1941 qui
1045 1891 1177 1928 audent
1196 1904 1278 1928 cum

293 1949 370 1984 Deo
387 1946 596 1997 quaestiones
610 1958 765 1983 movere.
790 1944 884 1981 Nam
903 1942 1201 1981 contradicentem
1216 1958 1277 1981 re-

293 2000 465 2051 primere,
482 1998 521 2036 id
540 2011 609 2035 non
633 2006 707 2034 erat
726 1996 863 2034 solvere
880 1995 1120 2046 quaestionem,
1137 1994 1199 2033 sed
1212 1995 1279 2033 du-

293 2052 500 2089 bitationem
529 2063 667 2101 augere.
683 2049 723 2087 Si
736 2062 793 2086 me
805 2049 901 2099 justa
917 2047 1094 2086 dicentem
1106 2048 1277 2100 increpes,

294 2104 429 2148 tacebo,
453 2112 486 2141 et
504 2102 750 2140 auctoritatem
769 2101 892 2139 feram.
910 2101 982 2138 Cur
1006 2114 1090 2151 ergo
1115 2114 1275 2151 accusas,

293 2165 326 2194 et
346 2170 414 2194 non
443 2155 660 2208 persuades?
682 2155 817 2193 Verum
847 2153 962 2205 primo
986 2153 1137 2191 refrenat
1161 2152 1277 2191 auda-

294 2210 385 2246 ciam
405 2209 567 2245 humanae
597 2206 822 2258 petulantiae,
847 2219 924 2256 quae
946 2205 1075 2242 audeat
1093 2220 1113 2243 a
1132 2207 1208 2243 Deo
1228 2206 1279 2243 fa-

295 2271 433 2299 ctorum
454 2260 627 2298 rationem
647 2259 804 2297 studiose
829 2267 985 2309 repetere
1004 2274 1011 2294 :
1038 2260 1070 2295 0
1090 2260 1217 2305 homo,
1239 2267 1280 2296 tu

296 2317 381 2364 quis
403 2327 456 2359 es,
481 2315 549 2364 qni
572 2313 802 2363 respondeas
824 2311 934 2348 Deo?
952 2310 998 2348 Et
1017 2311 1158 2361 vulgari
1181 2320 1281 2348 utens

295 2366 458 2417 exemplo
487 2370 637 2416 (oportet
665 2363 758 2401 enim
784 2378 803 2400 a
830 2363 973 2412 vulgari
1007 2377 1073 2400 usu
1094 2363 1281 2400 sententias

297 2418 517 2464 confirmare)
541 2430 581 2454 ac
601 2417 630 2453 si
649 2415 730 2466 quis
748 2414 872 2453 videns
890 2415 1030 2461 herum,
1054 2415 1117 2465 qui
1138 2429 1281 2454 servum

297 2484 401 2507 suum
430 2469 657 2516 verberaret,
687 2467 856 2506 accedeus
890 2467 1035 2517 diceret,
1058 2469 1129 2505 Cur
1155 2468 1282 2506 verbe-

298 2524 380 2559 ras?
410 2523 469 2560 ille
491 2536 595 2568 vero,
620 2520 770 2558 herilem
795 2519 987 2557 obtendens
1014 2521 1279 2568 auctoritatem,

298 2574 428 2612 diceret
462 2590 469 2610 z
503 2573 602 2620 Quid
642 2572 710 2609 hoc
745 2571 790 2609 ad
827 2573 886 2610 tc?
919 2586 1035 2609 annon
1069 2572 1106 2610 in
1138 2587 1281 2611 servum

299 2640 417 2663 mcum
444 2634 651 2677 potestatem
681 2625 818 2662 habeo?
848 2638 963 2663 annon
992 2639 1090 2663 meus
1119 2625 1194 2663 est?
1221 2640 1280 2663 an-

299 2692 366 2714 non
385 2693 468 2715 meze
495 2677 683 2729 subjicitur
706 2677 893 2728 potestati?
913 2677 1007 2725 (haec
1026 2686 1108 2715 sunt
1132 2687 1281 2729 potesta-

300 2739 369 2767 tem
406 2730 632 2778 ostendentis,
653 2743 721 2766 non
748 2729 1029 2779 consequentiam
1057 2731 1279 2781 probantis):

298 2791 332 2819 ct
350 2781 599 2820 contradicenti
627 2781 774 2832 quidem
797 2782 916 2819 statim
950 2781 1156 2833 indignatus
1180 2783 1281 2831 dicit,

300 2834 399 2881 Quid
421 2835 487 2871 hoe
505 2834 551 2871 ad
569 2834 628 2871 te?
647 2843 832 2885 postquam
858 2843 976 2872 autem
1003 2835 1094 2872 iram
1117 2835 1281 2887 indigna—

298 2887 500 2937 tionemque
537 2886 728 2933 sedaverit,
754 2886 788 2923 in
822 2887 1129 2925 mansuetudinem
1148 2902 1281 2938 versus,

298 2939 473 2976 incusanti
507 2952 580 2975 sese
616 2947 744 2989 purgat
766 2954 773 2974 :
795 2940 843 2976 Ut
882 2953 926 2976 ne
958 2954 1014 2977 me
1050 2940 1281 2988 condemnes,

297 3007 316 3026 υ
338 2992 458 3036 homo,
480 2991 578 3041 quod
611 2990 685 3026 sine
716 3004 817 3027 causa
849 2992 1048 3041 vei-berem,
1068 2992 1167 3031 disce
1190 2994 1280 3044 quid

296 3045 409 3081 facere
442 3057 548 3081 ausus
567 3043 637 3079 sit:
658 3041 813 3092 idipsum
847 3044 1026 3094 apostolus
1057 3045 1154 3083 facit.
1188 3048 1278 3085 Cum

294 3096 339 3133 ab
372 3111 411 3134 co
444 3096 594 3133 rationes
628 3102 865 3143 repetcreutm·
897 3110 915 3131 a
954 3097 1278 3137 contradicentibus

296 3149 359 3185 hoc
392 3158 495 3200 pacto
531 3163 538 3183 ε
571 3147 609 3185 Si
646 3148 765 3198 Cujus
797 3147 883 3182 vult
916 3151 1128 3196 miseretur,
1166 3166 1277 3202 quem

299 3202 377 3238 mill
399 3203 573 3243 indurat,
597 3213 661 3236 cur
683 3198 938 3249 reprehendit?
957 3201 1158 3239 ‘volantati
1173 3207 1275 3241 enim

292 3255 370 3301 ejus·
403 3257 488 3304 quis
519 3254 686 3289 resistit?
718 3251 800 3301 quia
828 3250 921 3289 vidit
945 3265 1065 3290 vocem
1091 3268 1164 3290 esse
1193 3270 1274 3306 pcr-

334 3398 343 3410 -”
371 3389 469 3419 forte
488 3387 602 3419 melius
629 3393 675 3421 2⁴2:
696 3390 905 3428 πυλὶς-χορόν,
926 3386 1013 3429 qnod
1041 3390 1182 3430 conjecit
1199 3389 1336 3422 Savilius

1218 237 1389 267 Secum.

1335 316 1411 355 κὼὸ
1425 315 1608 372 ᾐγάπησα,
1622 314 1679 352 τὸν
1698 314 1734 365 δὲ
1748 313 1860 352 Ἡσαῦ
1875 313 2038 364 ἐμίσησα·
2055 311 2113 350 καὶ
2130 311 2213 364 πρὸς
2242 312 2355 348 Moli)-

1337 372 1400 415 σῆν
1414 373 1521 414 εἶπεν,
1548 368 1681 413 ἐλεήσω
1710 367 1746 405 ὃν
1771 366 1811 404 ἂν
1835 366 1938 414 θέλω,
1955 365 2015 403 καὶ
2031 365 2236 416 οἰκτειρήσω
2262 362 2298 401 ὃν
2317 363 2356 400 ἂν

1337 421 1509 472 οἰκτείρω.
1546 422 1589 458 Εἰ
1616 421 1651 459 ὃν
1682 419 1772 458 θέλει
1798 421 1904 466 ἐλεεῖ,
1928 420 1964 458 ὃν
1994 418 2029 457 δὲ
2050 417 2140 456 θέλει
2161 415 2358 468 σκληρύνει,

1339 473 1386 511 Τί
1409 473 1460 511 ἔτι
1488 473 1661 525 μέμφεται
1677 488 1686 518 ;
1714 473 1757 510 Εἰ
1780 471 1847 524 γὰρ
1862 471 1962 516 αὐτὸς
1976 476 2077 509 τοῦτο
2091 469 2283 521 ἐργάζεται,
2299 469 2360 506 καὶ

1341 526 1442 570 αὐτὸς
1464 529 1565 564 τοῦτο
1593 525 1862 571 κατασκευάζει,
1895 524 1952 562 διὰ
1979 523 2013 561 τί
2038 523 2122 573 παρ’
2149 524 2234 572 ἐμοῦ
2257 521 2358 571 λόγον

1342 582 1494 626 ἀπαιτεῖ,
1511 572 1559 616 ὧν
1577 578 1676 621 αὐτὸς
1693 577 1873 628 ἐργάζεται
1887 592 1897 624 ;
1922 575 2066 621 Ταύτην
2087 574 2160 627 ἔχει
2180 574 2242 621 τὴν
2257 573 2361 611 δύνα-

1343 648 1401 682 μιν
1417 638 1513 670 πᾶσα
1528 634 1549 677 ἡ
1567 629 1759 681 ἀντιλογία.
1780 632 1842 681 Τῷ
1856 629 1924 682 γὰρ
1941 630 2077 679 Μωῦσῇ
2096 628 2209 678 λέγει·
2229 625 2359 672 Ἐλεή-

1343 700 1393 738 eg)
1409 684 1445 722 ὃν
1460 684 1500 722 ἂν
1521 686 1625 732 ἐλεῶ,
1642 683 1700 721 καὶ
1717 683 1924 734 οἰκτειρήσω)
1950 681 1985 719 ὃν
2009 681 2048 718 ἂν
2074 679 2245 731 οἰκτείρω.
2274 678 2360 730 Ἄρα

1342 740 1398 774 οὖν
1413 739 1460 779 ὡς
1491 736 1608 790 ἑτέρου
1639 741 1698 774 τοῦ
1728 733 1992 784 ἀνθισταμένου,
2021 735 2068 775 ὡς
2093 731 2162 770 ἀπὸ
2195 733 2361 781 συλλογι-

1342 795 1430 839 σμοῦ
1446 789 1636 840 συνάγοντα
1656 789 1829 840 ἐπήγαγε,
1851 787 1922 825 Τὸν
1940 785 2070 824 ’laxae'
2088 784 2278 836 ἠγάπησα,
2304 783 2362 820 τὸν

1343 841 1378 879 δὲ
1409 842 1522 880 Ἡσαῦ
1551 841 1715 892 ἐμίσησα.
1747 840 1932 891 Ἐπήγαγε
1958 839 1993 878 δὲ
2026 838 2086 876 καὶ
2105 835 2362 891 ἄλληνωφωνὴν,

1342 893 1411 931 αΟν
1428 893 1518 932 θέλει
1554 896 1652 940 ἐλεεῖ,
1669 895 1704 933 ὃν
1722 894 1757 932 δὲ
1775 894 1865 932 θέλει
1888 891 2084 942 σκληρύνει.
2109 889 2174 933 (Ως
2189 893 2246 927 οὐν
2262 903 2364 928 συνα-

1343 946 1459 998 γαγὼν
1479 946 1536 984 τὸν
1561 947 1871 997 ίίσυλλογιζόμενον
1906 951 2014 984 ταῦτα
2038 944 2132 995 λέγει
2157 945 2174 980 ὃ
2192 940 2362 980 ἀντιτιθέ-

1345 1014 1446 1048 μενος
1463 1014 1469 1022 ·
1500 999 1569 1051 ἄρα
1587 993 1644 1036 οῦν
1671 1001 1724 1037 Οὐ
1752 1005 1811 1038 τοῦ
1834 998 1989 1041 θέλοντος
2002 1027 2011 1044 ,
2047 996 2124 1035 οὐδὲ
2145 1000 2203 1033 τοῦ
2223 994 2364 1047 τρέχον-

1344 1066 1415 1099 τος,
1438 1051 1528 1089 ἀλλὰ
1551 1055 1610 1088 τοῦ
1634 1053 1805 1096 ἐλεοῦντος
1821 1052 1981 1090 Θεοῦ.Εἷ
2007 1045 2063 1088 οῦν
2090 1049 2126 1087 ὃν
2146 1047 2236 1086 θέλει
2256 1049 2365 1093 ἐλεεῖ,

1345 1102 1381 1141 ὃν
1427 1104 1462 1141 δὲ
1502 1103 1594 1141 θέλει
1643 1104 1848 1157 σκληρύνει·
1890 1105 1919 1140 εἷ
1954 1103 1989 1141 ὃν
2025 1101 2116 1140 θέλει
2148 1103 2288 1152 ἀγαπᾷ,
2329 1098 2364 1136 ὃν

1347 1154 1382 1193 δὲ
1417 1155 1507 1193 θέλει
1545 1161 1657 1205 μισεῖ,
1706 1156 1782 1206 ἐμοὶ
1819 1155 1852 1192 τί
1888 1157 2065 1206 ἐγκαλεῖς,
2114 1155 2204 1203 Εἰκῇ
2245 1152 2366 1190 λοιπὸν

1346 1208 1439 1261 φέρω
1471 1207 1535 1255 τὴν
1576 1207 1771 1253 εὖσέὸειαν,
1813 1209 1889 1259 εἰκῇ
1925 1206 2040 1259 τρέχω
2071 1207 2158 1258 πρὸς
2187 1205 2249 1253 τὴν
2280 1204 2367 1250 ἀλή-

1347 1264 1452 1299 θειαν.
1476 1261 1528 1298 Οὐ
1547 1260 1615 1312 γὰρ
1637 1264 1696 1298 τοῦ
1717 1260 1911 1314 τρέχοντος,
1933 1259 2081 1298 οὐδὲτοῦ
2096 1259 2262 1306 θέλοντος,
2280 1256 2368 1295 ἀλλὰ

1348 1318 1407 1352 τοῦ
1429 1315 1603 1356 ἐλεοῦντος
1624 1315 1732 1352 Θεοῦ.
1762 1315 1794 1351 Τ
1798 1316 1887 1350 αῦτα
1912 1312 2028 1351 πάντα
2045 1315 2084 1350 ἐκ
2101 1310 2289 1363 προσώπου
2309 1313 2368 1347 τοῦ

1350 1365 1596 1417 ἀντιλέγοντος.
1619 1366 1691 1405 Καὶ
1707 1367 1768 1404 οὐκ
1787 1368 1878 1404 ὀκνεῖ
1892 1365 2012 1404 λοιπὸν
2031 1368 2048 1403 ὃ
2064 1365 2255 1406 ἀπόστολος
2271 1365 2370 1413 ἰσχυ-

1351 1422 1417 1471 ρῶς
1435 1420 1529 1470 αὐτῷ
1546 1420 1760 1466 ἀντιστῆναι,
1782 1420 1820 1456 οὐ
1839 1422 1995 1470 κυρῶσαι
2017 1417 2222 1469 βουλόμενος
2237 1415 2299 1462 τὴν
2315 1417 2372 1453 ἀν-

1349 1471 1517 1525 τιλογίαων,
1539 1471 1629 1509 ἀλλὰ
1647 1474 1750 1510 λῦσαι
1772 1477 1890 1509 πᾶσαν
1908 1474 1976 1509 τῶν
1993 1473 2097 1509 ἐθνῶν
2116 1470 2178 1516 τὴν
2195 1468 2370 1507 ὑπόνοιαν.

1349 1523 1436 1579 ᾈρα
1455 1527 1511 1561 οὖν
1532 1523 1599 1562 ιῸν
1620 1523 1709 1562 θέλει
1729 1526 1828 1571 ἐλεεῖ,
1842 1524 1878 1562 ὃν
1897 1524 1931 1562 δὲ
1949 1523 2039 1562 θέλει
2059 1522 2255 1573 σκληρύνει.
2276 1520 2374 1571 Ἰῧρεῖ

1350 1581 1405 1615 οὐν
1430 1592 1514 1627 μοι,
1545 1576 1578 1614 τί
1598 1577 1649 1615 ἔτι
1675 1576 1868 1629 με’μφεται;
1887 1579 1937 1629 τῷ
1957 1576 2025 1629 γὰρ
2050 1575 2246 1626 βουλήματι
2269 1576 2373 1611 αὐτοῦ

1349 1629 1400 1673 τίς
1442 1628 1676 1676 ἀνθέστηκεν;
1727 1630 1852 1681 Ἀρχὴν
1888 1630 2007 1668 λοιπὸν
2041 1631 2103 1673 τῆς
2146 1626 2374 1680 ἀπαντήσεως

1350 1687 1503 1720 ποιεῖται
1533 1685 1551 1719 ὃ
1580 1683 1740 1729 Παῦλος,
1771 1682 1881 1732 λέγων
1896 1697 1903 1704 ·
1925 1683 2120 1731 Μενοῦνγε,
2151 1682 2180 1717 ὠ
2200 1679 2372 1729 ἄνθρωπε,

1351 1732 1391 1772 σὺ
1431 1734 1484 1778 τίς
1510 1728 1542 1772 εἷ
1572 1738 1589 1772 ὃ
1618 1734 1953 1787 ἀνταποκρινόμενος
1977 1736 2027 1786 τῷ
2058 1734 2159 1784 Θεῷ;
2199 1732 2372 1770 Ἐνταῦθα

1350 1787 1413 1824 οὐκ
1432 1786 1505 1824 ἔστι
1524 1786 1622 1830 λύσις
1640 1790 1702 1833 τῆς
1722 1786 1918 1838 ἀντιλογίας
1933 1817 1942 1834 ,
1970 1785 2058 1824 ἀλλὰ
2079 1787 2215 1837 πρῶτον
2238 1783 2371 1836 ἀγανά-

1350 1854 1472 1886 κτησις
1491 1838 1583 1877 κατὰ
1606 1842 1674 1876 τῶν
1699 1839 1909 1890 τολμώντων
1940 1842 2095 1886 συζητεῖν
2124 1840 2171 1889 τῷ
2193 1839 2287 1889 Θεῷ.
2322 1836 2375 1874 Τὸ

1348 1891 1414 1942 γὰρ
1442 1891 1666 1941 ἐπιστομίσαι
1692 1892 1750 1930 τὸν
1772 1891 2017 1943 ἀντιλέγοντα,
2039 1892 2099 1928 οὐκ
2119 1885 2159 1937 ἦν
2181 1889 2318 1932 λύοντος
2336 1889 2375 1927 τὸ

1349 1944 1508 1994 ζήτημα,
1538 1944 1616 1982 ἀλλ’
1637 1943 1837 1988 αὐξάνοντος
1858 1944 1920 1991 τὴν
1946 1943 2106 1995 ἀπορίαν.
2137 1944 2180 1981 Εἰ
2203 1941 2370 1992 ἐπετίμη-

1349 1995 1412 2040 σοίς
1434 2012 1494 2046 μοι
1516 1997 1559 2034 τὰ
1579 1997 1695 2035 δίκαια
1713 1997 1864 2052 λέγοντι,
1884 1999 2022 2043 σιωπῶ,
2043 1996 2101 2034 καὶ
2118 1995 2212 2048 φέρω
2230 1995 2292 2042 τὴν
2313 1997 2373 2032 αὖ-

1349 2050 1497 2087 θεντίαν.
1531 2049 1599 2087 Διὰ
1630 2049 1664 2086 τί
1695 2054 1752 2086 οὐν
1773 2051 1950 2101 ἐγκαλεῖς,
1978 2049 2037 2087 καὶ
2057 2050 2094 2087 οὐ
2123 2048 2248 2098 πείθῃ,
2269 2047 2372 2085 Ἀλλὰ

1349 2104 1486 2153 πρῶτον
1514 2102 1729 2152 ἐπιστομίζει
1757 2103 1796 2140 τὸ
1823 2102 1948 2155 θράσος
1969 2105 2032 2148 τῆς
2053 2101 2270 2152 ἀνθρωπίνης
2288 2115 2373 2152 προ-

1348 2154 1509 2200 πετείας,
1539 2155 1597 2192 καὶ
1627 2157 1689 2200 τῆς
1721 2154 1904 2206 τολμώσης
1923 2154 1983 2192 καὶ
2006 2154 2095 2198 ὅλως
2114 2152 2374 2198 σπουδαζούσης

1349 2206 1449 2257 λόγον
1482 2209 1578 2260 παρὰ
1609 2209 1701 2245 Θεοῦ
1729 2207 1921 2258 λαμὸοίνειν
1955 2210 2023 2244 τῶν
2044 2206 2274 2258 γιγνομένων·
2296 2207 2374 2243 Με-

1357 2263 1488 2311 νοῦνγε,
1507 2262 1536 2297 ὠ
1556 2260 1729 2311 ἄνθρωπε,
1755 2260 1794 2297 σὺ
1815 2259 1866 2302 τίς
1882 2254 1912 2297 εἷ
1929 2263 1946 2296 ὁ
1966 2259 2301 2310 ἀνταποκρινόμενος
2323 2260 2373 2309 τῷ

1351 2314 1452 2363 Θεῷ,
1486 2311 1554 2350 Καὶ
1580 2312 1771 2362 λαμὸάνων
1793 2312 1987 2363 ὑπόδειγμα
2007 2312 2118 2350 κοινόν
2139 2313 2203 2359 (δεῖ
2221 2310 2288 2362 γὰρ
2315 2311 2373 2347 καὶ

1352 2364 1421 2402 ἀπὸ
1446 2368 1507 2410 τ’ῆς
1526 2366 1642 2409 κοινῆς
1668 2364 1846 2412 συνηθείας
1875 2367 1972 2416 ἱστᾷν
2003 2364 2046 2402 τὰ
2069 2364 2256 2414 νοήματα),
2276 2365 2321 2406 ὡς
2345 2362 2375 2400 εἴ

1350 2432 1401 2460 τις
1430 2416 1595 2455 ἐθεάσατο
1627 2417 1797 2464 δεσπότην
1828 2416 1906 2454 τινὰ
1933 2417 1990 2454 τὸν
2018 2419 2140 2454 ἑαυτοῦ
2161 2415 2296 2462 οἰκέτην
2316 2415 2373 2453 τύ-

1351 2484 1505 2516 πτοντα,
1529 2469 1710 2521 παρελθὼν
1738 2472 1784 2513 εἷς
1812 2469 1915 2521 μέσον
1939 2468 2034 2520 ἔλεγε
2049 2499 2058 2517 ,
2087 2469 2144 2507 διὰ
2162 2468 2195 2505 τί
2214 2468 2373 2514 τύπτεις,

1352 2524 1370 2559 ὁ
1403 2521 1438 2559 δὲ
1459 2521 1523 2568 τὴν
1550 2521 1758 2568 δεσποτικὴν
1779 2522 1958 2560 αὐθεντίαν
1979 2521 2160 2574 προτείνας
2178 2521 2295 2572 ἔλεγε,
2315 2520 2374 2558 καὶ

1352 2575 1386 2612 τί
1405 2574 1491 2626 πρὸς
1516 2574 1571 2622 σε’;
1597 2575 1657 2612 οὐκ
1677 2574 1832 2618 ἐξουσίαν
1856 2574 1927 2627 ἔχω
1946 2579 2005 2612 τοῦ
2025 2576 2109 2624 ἐμοῦ
2129 2573 2284 2620 οἰκέτου,
2313 2575 2374 2611 οὐκ
2414 2568 2420 2574 ’

1353 2628 1445 2666 ἔστιν
1476 2626 1581 2677 ἐμός,
1612 2628 1649 2664 οὐ
1678 2631 1721 2679 τῇ
1753 2630 1819 2680 ἐμῇ
1853 2628 1988 2679 ἐξουσίᾳ
2019 2627 2220 2674 ὑπόκειται;
2251 2629 2375 2674 (ταῦτα

1354 2678 1542 2730 μηνύοντός
1573 2682 1646 2718 ἐστι
1670 2680 1732 2726 τὴν
1763 2680 1968 2727 αὐθεντίαν,
2004 2681 2041 2717 οὗ
2073 2678 2283 2723 δεικνύοντος
2310 2677 2374 2723 τὴν

1354 2732 1594 2783 ἀκολουθίαν)·
1614 2732 1673 2771 καὶ
1699 2733 1784 2784 πρὸς
1818 2732 1879 2783 μὲν
1905 2733 1961 2770 τὸν
1984 2732 2232 2782 ἀνθιστάμενον
2253 2730 2376 2774 εὐθέως

1353 2789 1371 2823 ὁ
1391 2787 1593 2837 ἀγανακτῶν
1621 2784 1736 2837 λέγει,
1763 2785 1797 2823 τί
1815 2784 1901 2837 πρὸς
1926 2784 1987 2831 σέ,
2008 2783 2089 2822 ὅταν
2129 2784 2246 2834 μέντοι
2279 2784 2374 2835 πέψῃ

1353 2838 1410 2876 τὸν
1428 2837 1534 2888 θυμὸν
1547 2866 1556 2882 ,
1583 2838 1644 2876 καὶ
1664 2837 1875 2890 καταστείλῃ
1896 2837 1958 2885 τὴν
1980 2840 2101 2875 ἑαυτοῦ
2125 2839 2376 2888 ἀγανάκτησιν,

1355 2892 1402 2933 εἷς
1428 2890 1631 2942 ἡμερότητα
1657 2890 1765 2928 ἐλθὼν
1780 2921 1789 2938 ,
1821 2891 1941 2928 λοιπὸν
1968 2891 2192 2940 ἀπολογεῖται
2214 2890 2299 2942 πρὸς
2320 2890 2376 2928 τὸν

1355 2945 1585 2994 ἐγκαλοῦντα·
1613 2942 1669 2980 ἵνα
1689 2942 1726 2981 δέ
1752 2958 1817 2993 μου
1838 2942 1885 2992 μὴ
1905 2945 2096 2994 καταγνῷς,
2117 2943 2295 2996 ἄνθρωπε,
2324 2941 2376 2980 ὅτι

1354 2995 1507 3046 ἀκαίρως
1526 2994 1718 3042 ἐτύπτησα,
1740 2996 1828 3046 μάθε
1847 2995 1891 3033 τὰ
1911 2995 2167 3045 τετολμημένα·
2190 2998 2291 3032 τοῦτο
2318 2994 2377 3032 καὶ

1354 3051 1371 3085 ὃ
1402 3047 1594 3091 ἀπόστολος
1625 3052 1727 3086 ποιεῖ.
1758 3046 2022 3097 Ἀπαιτούμενος
2051 3046 2118 3098 γὰρ
2150 3047 2251 3098 λόγον
2280 3046 2376 3098 παρὰ

1356 3103 1423 3137 τῶν
1450 3099 1717 3150 ἀντιλεγόντων,
1746 3100 1821 3138 ἐπεὶ
1836 3099 1903 3137 ΦΟν
1924 3100 2013 3138 θέλει
2044 3101 2152 3146 ἐλεεῖ,
2174 3099 2210 3137 ὃν
2235 3099 2269 3137 δὲ
2286 3099 2375 3137 θέλει

1355 3152 1552 3204 σκληρύνει,
1583 3152 1616 3190 τί
1647 3147 1704 3190 οὖν
1734 3152 1784 3191 ἔτι
1807 3152 2001 3203 μέμφεται,
2022 3155 2071 3204 τῷ
2089 3151 2155 3203 γὰρ
2178 3151 2374 3203 βουλήματι

1355 3205 1457 3243 αὐτοῦ
1477 3205 1529 3248 τίς
1547 3204 1776 3254 ἀνθέστηκεν,
1799 3204 1917 3256 ἐπειδὴ
1935 3198 2021 3242 εἶδεν
2040 3203 2291 3256 ἀφωσιωμένην
2310 3203 2372 3248 τὴν

1354 3257 1488 3308 φωνὴν,
1506 3258 1619 3308 λέγει,
1644 3260 1814 3307 Μενοῦνγε
1832 3287 1839 3304 ,
1857 3259 1885 3293 (ἲ)
1905 3257 2077 3309 ἄνθρωπε,
2093 3257 2133 3295 σὺ
2154 3256 2204 3299 τίς
2219 3249 2251 3293 εἶ
2271 3259 2287 3294 ὁ
2308 3258 2364 3293 ἀν->
