2481 3678
634 234 677 264 {N
715 232 920 263 JOANNl-:M
963 226 1123 258 nomn„
1164 222 1305 253 xxxv.
1344 207 1405 251 al.
1443 221 1603 253 xxxiv.
2066 206 2153 249 233

78 319 136 357 καὶ
154 321 221 357 τῶν
243 317 416 357 Ἰουδαίων
437 315 713 369 κατηγορήσαιεν
742 315 780 352 ἂν
811 312 951 355 δικαίως
970 309 1030 348 καὶ
1045 309 1095 369 τῷ

78 383 261 418 πιστεῦσαι
284 377 342 416 καὶ
359 379 408 428 τῷ
429 376 601 420 δέξασθαι.
618 375 768 413 Ἐκεῖνοι
783 374 844 425 μὲν
858 373 925 425 γὰρ
940 370 1026 421 ὑπὲρ
1047 371 1093 405 ὢν

76 444 192 476 πᾶσαν
210 439 272 484 τὴν
292 436 534 489 πραγματείαν
554 442 567 456 ³
581 436 831 482 συνεστήσατο,
849 434 1001 483 συνεχῶς
1033 430 1095 467 αὗ-

77 498 134 536 τὸν
162 499 336 542 ἐλίθαζον·
353 501 446 535 οὗτοι
474 497 509 535 δὲ
536 496 611 535 οὐδὲ
639 513 724 549 προς
744 494 863 537 αὐτους
895 490 1096 544 ὁρμώμενον

77 558 238 597 εἵλκυσαν
271 559 355 610 πρὸς
390 558 539 601 ἑαυτούς.
568 558 639 595 Καὶ
675 560 705 596 οἱ
740 555 801 630 μὲν
832 552 919 604 μετὰ
944 549 1096 600 σημείων

79 618 308 671 ἀδιόρθωτοι
303 618 474 657 μένουσιν·
498 612 589 656 οῦτοι
607 617 642 656 δὲ
663 616 770 669 χωρὶς
790 612 943 663 σημείων
964 609 1098 655 πολλὴν

78 679 157 732 περὶ
174 680 273 717 αὐτὸν
296 695 359 725 την
384 678 499 717 πίστιν
523 678 758 723 ἐπεδείξαντο,
786 674 845 712 καὶ
874 672 986 723 τούτω
1006 673 1098 708 αὐτῶ

78 742 360 791 φιλοτιμοῦνται,
380 742 428 791 τῷ
448 739 554 792 χωρὶς
579 736 732 788 σημείων
756 739 960 777 πιστεῦσαι·
976 734 1098 770 ἐκεῖνοι

79 799 114 837 δὲ
135 801 172 838 οὐ
188 799 357 838 παύονται
377 800 436 837 καὶ
467 804 595 849 σημεῖα
612 797 816 843 ἀζητοῦντες
835 794 895 832 καὶ
915 792 1100 844 πειράζον*

77 876 144 904 τες.
165 859 285 903 Οὕτως
312 858 523 911 εὐγνώμονος
538 860 652 910 ψυχῆς
678 858 859 908 πανταχοῦ
879 853 994 906 χρεία.
1023 852 1098 892 Κᾶν

80 921 289 966 ἐπιλάὸηται
314 919 472 964 τοιαύτης
501 922 523 964 ἡ
548 918 712 964 ἀλήθεια,
729 922 852 968 κρατεῖ
871 914 1015 968 ῥᾳδίως·
1037 913 1099 951 κᾶν

81 981 129 1031 μὴ
150 980 335 1032 κρατήσῃ,
355 981 392 1017 οὔ
422 979 518 1030 παρὰ
547 978 611 1024 τὴν
645 979 751 1024 αὐτῆς
785 976 979 1022 ἀσθένειαν,
1012 974 1102 1013 ἀλλὰ

78 1040 175 1092 παρὰ
191 1040 254 1086 τὴν
280 1039 409 1085 ταύτης
427 1037 672 1090 ἀγνωμοσύνην
689 1041 790 1075 τοῦτο
804 1041 818 1057 ⁰
830 1037 973 1088 γίνεται.
999 1034 1103 1074 Ἐπεὶ

81 1103 140 1142 καὶ
161 1104 179 1139 ὃ
199 1101 296 1147 ἥλιος
325 1100 405 1138 ὅταν
434 1100 526 1152 λάὸῃ
544 1099 713 1151 καθαροὺς
730 1098 945 1151 ὀφθαλμοὺς,
963 1097 1103 1150 φωτίζει

84 1164 229 1216 ῥᾳδίως·
251 1163 291 1201 ἂν
309 1163 344 1200 δὲ
372 1162 420 1211 μὴ
441 1160 575 1213 φωτίση
588 1190 597 1206 ,
613 1176 674 1206 της
691 1160 828 1197 ἐκείνων
858 1157 1053 1210 ἀρρωστίας
1066 1157 1105 1195 τὸ

84 1224 357 1276 ἁμάρτημα,οὐ
388 1238 450 1268 της
472 1221 648 1264 ἀσθενείας
673 1220 806 1258 τούτου.
830 1219 995 1258 Ἄκουσον
1024 1221 1103 1270 γοῦν

85 1289 179 1323 οὑτοι
197 1285 231 1322 τί
258 1284 430 1335 λέγουσιν.
460 1282 631 1332 Οιδααεν,
654 1280 771 1333 φησὶν,
796 1280 849 1318 ότι
882 1275 980 1322 οὗτός
1013 1281 1105 1317 ἐστιν

85 1348 222 1392 ἀληθῶς
247 1346 314 1383 ὁΣ
285 1345 411 1396 ...ωτὴρ
431 1347 490 1381 τοῦ
510 1342 642 1393 κόσμου
662 1346 679 1380 ὃ
698 1342 862 1393 Χριστός.
893 1341 1000 1393 Ὁρᾶς
1032 1344 1106 1382 πῶς

85 1409 209 1452 εὐθέως
242 1408 388 1454 ἐνόησαν
425 1406 477 1444 ὅτι
513 1405 575 1452 τὴν
608 1404 812 1454 οἰκουμένην
846 1402 1106 1440 ἐπισπάσασθαι

84 1470 247 1520 ἤμελλεν,
264 1468 322 1506 καὶ
336 1467 394 1505 ἐπὶ
410 1465 588 1518 διορθώσει
603 1467 666 1510 τ’ῆς
685 1467 801 1509 κοινῆς
816 1458 898 1510 ἦλθε
913 1463 1104 1514 σωτηρίας,

84 1530 137 1568 ὅτι
155 1532 218 1568 οὐκ
244 1531 278 1567 ἐν
308 1527 486 1570 Ἰουδαίοις
512 1527 664 1577 ἤμελλεν
685 1525 881 1564 ἀποκλείειν
911 1525 1014 1561 αὐτοῦ
1041 1524 1106 1570 τὴν

83 1591 260 1640 πρόνοιαν,
281 1588 372 1627 ἀλλὰ
395 1591 577 1639 πανταχοῦ
597 1587 750 1638 σπείρειν
783 1588 888 1624 αὐτοῦ
907 1586 965 1624 τὸν
983 1584 1104 1637 λόγον,

83 1652 175 1691 Ἀλλ’
205 1655 266 1689 οὐκ
285 1650 446 1689 Ἰουδαῖοι
477 1648 602 1691 οὕτως·
624 1647 714 1686 ἀλλὰ
733 1650 916 1694 ζητοῦντες
934 1646 997 1694 τὴν
1017 1647 1106 1684 ἰδίαν

86 1712 306 1758 δικαιοσύνην
338 1726 487 1756 στησαι,
517 1713 560 1762 τῇ
600 1708 795 1762 δικαιοσύνῃ
826 1712 885 1748 τοῦ
917 1710 1010 1747 Θεοῦ
1042 1713 1108 1764 οὐχ

83 1773 324 1825 ὑπετάγησαν.
349 1771 492 1810 Οὗτοι
475 1770 509 1808 οὲ
528 1771 754 1821 ὁμολογοῦσιν
785 1770 942 1812 ἅπαντας
962 1771 997 1807 ἐν
1027 1772 1106 1810 ἐπι-

85 1834 212 1884 τιμίοις
240 1838 347 1879 εἰναι,
364 1834 475 1870 ἐκεῖνο
503 1831 543 1869 τὸ
563 1830 792 1869 ἀποστολικὸν
822 1832 1025 1879 δηλοῦντες,
1053 1833 1107 1872 ὅτι

84 1894 259 1938 Πάντες
237 1909 393 1946 ημαρτον
413 1908 471 1930 και
490 1894 714 1943 ὑστεροῦνται
729 1908 790 1938 της
807 1892 905 1940 δόξης
923 1897 983 1932 τοῦ
1003 1895 1108 1942 Θεοῦ,

87 1955 320 2006 δικαιούμενοι
339 1955 469 2007 δωρεὰν
497 1957 540 2006 τῇ
565 1955 669 1991 αὐτοῦ
696 1954 829 2005 χάριτι.
849 1955 1019 1999 Εἷπόντες
1041 1955 1108 2008 γὰρ

86 2016 139 2054 ὅτι
156 2016 284 2067 Σωτήρ
304 2017 379 2054 ἐστι
397 2018 456 2052 τοῦ
477 2013 627 2063 κόσμου,
651 2013 782 2057 ἔδειξαν
802 2013 854 2052 ὅτι
883 2020 943 2054 τοῦ
965 2018 1108 2054 ἀπολω-

87 2076 208 2138 λότοςζ
223 2076 282 2114 καὶ
307 2078 372 2128 οὐχ
391 2076 509 2117 ἁπλῶς
529 2074 674 2126 Σωτὴρ,
693 2075 768 2112 ἀλλ’
788 2076 823 2112 ἐν
848 2075 981 2128 σφόδρα
1000 2078 1108 2128 μεγά-

87 2138 170 2181 λοις.
194 2139 321 2174 Ἦλθον
351 2135 413 2186 μὲν
432 2135 499 2187 γὰρ
531 2134 653 2173 πολλοὶ
680 2137 813 2181 σῶσαι,
843 2135 902 2174 καὶ
930 2139 1107 2190 προφῆται

82 2196 141 2235 καὶ
173 2197 330 2247 ἄγγελοι·
372 2197 448 2233 ἀλλ’
485 2197 502 2232 ὃ
531 2194 692 2240 ἀληθινὸς
724 2195 852 2248 Σωτὴρ
884 2191 982 2241 οῧτός
1014 2200 1107 2246 ἐστι,

84 2256 191 2310 φησὶ,
213 2261 231 2295 ὃ
248 2257 312 2303 τὴν
333 2259 445 2303 ἀληθῆ
469 2255 645 2307 σωτηρίαν
663 2256 842 2309 παρέχων,
863 2260 901 2296 οὐ
919 2258 983 2306 τὴν
1002 2260 1108 2312 πρόσ-

85 2333 204 2369 καιρον
227 2316 343 2368 μόνον.
378 2319 492 2356 Τοῦτο
520 2316 671 2360 πίστεως
702 2320 918 2370 εἰλικρινοῦς.
939 2320 1011 2358 Καὶ
1040 2321 1108 2373 γάρ

86 2380 170 2416 εἰσιν
201 2378 444 2431 ἀμφοτέρωθεν
473 2379 689 2428 θαυμαστοὶ,
714 2379 773 2417 καὶ
806 2379 858 2418 ὅτι
886 2380 1108 2429 ἐπίστευσαν,

84 2439 144 2476 καὶ
169 2438 223 2476 ὅτι
238 2440 346 2491 χωρὶς
368 2439 522 2488 σημείων
537 2454 544 2462 ·
564 2438 619 2482 οὒς
635 2439 693 2477 καὶ
715 2442 732 2477 ὃ
756 2440 907 2492 Χριστὸς
926 2442 1111 2494 μακαρίζει

84 2500 213 2550 λέγων·
232 2500 413 2551 Μακάριοι
429 2501 460 2537 οἱ
479 2499 526 2549 μὴ
551 2500 680 2543 ἰδόντες
695 2516 754 2538 και
769 2500 1038 2546 πιστεύσαντες·
1053 2519 1113 2541 και

84 2561 138 2598 ὅτι
165 2561 357 2611 εἷλικρινως
376 2563 489 2597 τοῦτο.
505 2559 629 2597 Καίτοι
655 2576 717 2606 της
733 2561 893 2610 γυναικὸς
911 2563 1114 2614 ἀμφιὸόλως

84 2620 288 2672 λεγούσης
273 2620 500 2666 ακούσαντες,
524 2620 586 2665 Μὴ
614 2620 648 2657 τί
676 2614 773 2664 οῦτός
793 2623 885 2659 ἐστιν
906 2625 923 2659 ὅ
949 2623 1115 2674 Χριστός;

85 2683 147 2720 οὐκ
176 2685 273 2720 εἷπον
305 2681 364 2719 καὶ
396 2680 516 2726 αυτοὶ,
553 2679 608 2718 οτι
641 2680 700 2718 καὶ
730 2683 832 2730 ἡμεῖς
861 2683 1114 2733 ὑποπτεύομεν,

85 2742 100 2762 ‘¹
114 2743 182 2781 οὐδ’
201 2742 254 2780 ὅτι
267 2742 469 2793 νομίζομεν,
482 2741 559 2778 ἀλλ’
572 2740 625 2779 ὅτι
637 2740 795 2792 Οἴδαμεν
808 2757 815 2765 ·
831 2742 890 2780 καὶ
902 2745 968 2795 οὐχ
982 2745 1114 2793 ἁπλῶς,

87 2804 163 2841 ἀλλ’
181 2803 234 2840 ὅτι
252 2797 364 2846 Οῧτός
383 2805 477 2840 ἐστιν
507 2803 644 2848 ἀληθῶς
662 2806 722 2840 τοῦ
758 2803 890 2854 κόσμου
919 2807 936 2842 ὃ
968 2806 1110 2858 Σωτήρ.

87 2866 139 2902 Οὐ
161 2863 229 2915 γὰρ
260 2866 306 2907 ὡς
336 2863 396 2901 ἕνα
429 2867 498 2901 τῶν
528 2864 669 2902 πολλῶν
703 2864 761 2901 τὸν
792 2865 945 2917 Χριστὸν
974 2867 1112 2917 ὡμολό-

84 2939 181 2974 γουν,
203 2925 291 2961 ἀλλὰ
305 2925 362 2962 τὸν
383 2924 489 2967 ὅντως
510 2926 676 2976 Σωτῆρα.
696 2924 822 2962 Καίτοι
843 2925 920 2963 τίνα
936 2920 1024 2964 εἶδον
1041 2943 1106 2966 σω·

85 2984 303 3030 θέντα5Τῶν
335 2984 499 3035 ῥημάτων
519 2984 672 3030 ἤκουσαν
693 2985 809 3036 μόνον,
828 2986 886 3024 καὶ
907 2980 1002 3025 εἷπον
1018 2988 1106 3040 ἅπερ

86 3044 139 3089 ἂν,
155 3046 183 3081 εἷ
195 3044 253 3082 καὶ
266 3044 428 3094 θαύματα
440 3044 624 3083 ἐθεάσαντο
637 3046 752 3084 πολλὰ
767 3046 825 3084 καὶ
840 3047 988 3098 μεγάλα,
1002 3043 1109 3086 εἶπον.

86 3104 156 3142 Καὶ
176 3103 265 3147 τίνος
287 3104 400 3142 ἕνεκεν
424 3108 534 3142 ταῦτα
561 3107 598 3143 οὗ
624 3104 783 3156 λέγουσιν
809 3109 893 3156 ἡμῖν
913 3110 944 3144 οἵ
973 3110 1113 3159 εὐαγγε«

84 3170 200 3208 λισταὶ
212 3169 256 3208 τὰ
273 3170 414 3223 ῥήματα
425 3201 435 3220 ,
452 3171 512 3209 καὶ
527 3171 578 3210 ὅτι
596 3174 804 3222 θαυμαστῶς
833 3172 994 3224 διελέχθη
1012 3190 1020 3220 3
1036 3172 1114 3212 Ἵνα

129 3303 143 3318 ³
164 3294 278 3327 Morel.
291 3296 304 3337 [
315 3303 348 3327 et
363 3295 472 3329 Codd.
491 3298 617 3340 nostri]
632 3304 819 3338 ἐνεστήσκτο.
836 3298 938 3333 Savil.
962 3308 1098 3338 amar-6-

86 3360 169 3388 σατο,
188 3353 222 3377 ei.
239 3358 316 3380 mox
328 3348 443 3380 Morel.
465 3353 577 3391 αὐτοὺς,
595 3350 696 3384 Savil.
717 3355 814 3384 αὑτὸν.

129 3398 145 3422 l,
168 3397 268 3433 Savil.
290 3405 446 3438 αἰτοῦντες.

1168 311 1264 350 sunt,
1288 310 1321 339 et
1353 301 1449 352 quod
1481 301 1698 338 crediderint
1720 309 1753 337 et
1788 299 1884 349 quod
1908 312 1988 336 eum
2014 313 2152 350 aecepe-

1171 362 1257 400 rint.
1284 361 1343 398 Illi
1366 375 1519 411 quorum
1541 361 1657 413 gratia
1689 368 1802 397 totum
1828 359 1895 396 hoc
1928 373 2016 410 opus
2039 372 2154 395 susce-

1171 432 1285 475 perat,
1314 435 1408 473 saepe
1441 421 1561 473 ipsum
1591 419 1869 473 lapidaverunt,
1904 418 1942 455 hi
1975 432 2060 457 vero
2085 431 2153 455 non

1172 482 1396 521 accedentem
1418 483 1463 520 ad
1479 497 1514 521 sc
1536 490 1740 520 tr·:axciunt
1761 480 1816 518 illi
1838 479 1926 517 visis
1944 478 2055 530 signis
2075 493 2154 530 per-

1170 544 1303 582 tinaces
1319 553 1474 593 manent,
1492 544 1530 581 hi
1546 544 1621 582 sine
1640 542 1750 595 signis
1766 555 1932 593 magnam
1947 554 2030 592 erga
2053 540 2156 577 illum

1171 605 1282 643 fidem
1299 605 1485 655 exhibent,
1528 614 1561 642 et
1579 619 1617 642 ea
1643 604 1688 642 de
1708 617 1812 641 causa
1830 602 2042 654 gloriantur,
2061 600 2158 651 quod

1171 665 1247 703 sine
1270 666 1383 717 signis
1415 665 1634 704 crediderint
1643 681 1654 715 ;
1688 665 1742 702 illi
1772 678 1858 703 vero
1881 664 1989 701 finem
2009 676 2077 700 non
2104 662 2159 699 fa-

1173 728 1272 766 ciunt
1303 728 1461 766 tentandi
1493 737 1525 765 et
1562 727 1663 778 signa
1702 724 1900 776 quaerendi.
1935 725 1989 761 Ita
2025 738 2162 774 semper

1173 789 1285 839 probe
1319 788 1444 826 affecta
1467 787 1587 825 anima
1620 800 1709 838 opus
1737 794 1810 824 est:
1846 799 1953 835 quam
1975 784 2004 822 si
2032 784 2161 824 veritas

1173 847 1288 895 adeat,
1303 848 1407 886 facile
1423 847 1629 899 occupabit,
1655 846 1684 884 si
1706 860 1776 883 non
1795 854 1954 897 occupet,
1977 844 2013 882 id
2029 859 2099 883 non
2117 858 2163 882 ex

1174 909 1336 948 veritatis
1350 908 1574 957 infirmitate,
1590 907 1651 946 sed
1667 921 1713 945 ex
1724 907 1800 958 ejus
1819 906 2019 958 pervicacia
2032 905 2158 943 oritur.

1174 971 1267 1008 Nam
1282 979 1316 1008 et
1334 970 1386 1008 sol
1408 983 1515 1022 puros
1535 969 1656 1007 oculos
1666 967 1769 1006 facile
1792 966 2000 1017 illuminat,
2022 967 2076 1004 sin
2097 966 2164 1004 mi-

1174 1047 1255 1083 nus,
1290 1033 1475 1071 oculorum
1494 1032 1611 1084 eulpa,
1629 1045 1698 1069 uon
1730 1029 1814 1068 solis
1840 1028 2067 1066 imbecillitas
2095 1038 2161 1066 est.

1175 1093 1270 1131 Audi
1290 1093 1401 1145 igitur
1424 1092 1512 1144 quid
1526 1093 1566 1130 hi
1591 1092 1728 1141 dicunt,
1748 1091 1895 1129 Scimus
1915 1094 2008 1143 quia
2033 1092 2094 1128 hic
2110 1099 2167 1128 est

1175 1168 1268 1192 vere
1278 1154 1460 1192 Salvator
1474 1154 1608 1191 mundi
1623 1154 1811 1191 Christus.
1830 1150 1962 1190 Viden'
1975 1165 2080 1201 quam
2096 1150 2165 1188 cito

1175 1223 1361 1263 noverunt,
1377 1214 1497 1266 ipsum
1509 1213 1632 1251 orbem
1649 1222 1825 1250 terrarum
1839 1219 2072 1248 attracturum
2091 1224 2166 1248 esse

1175 1284 1209 1312 et
1240 1275 1286 1312 ad
1311 1288 1534 1312 communem
1568 1272 1784 1326 operandam
1821 1272 1970 1310 salutem
2000 1271 2161 1321 venisse3

1177 1336 1343 1387 quodque
1361 1350 1430 1374 non
1447 1337 1483 1373 in
1502 1336 1586 1373 solis
1609 1335 1744 1375 Judaeis
1765 1335 1840 1386 ejus
1857 1332 2080 1385 providentia
2095 1333 2163 1370 cir-

1177 1398 1448 1445 cumcludenda‚
1468 1397 1529 1436 sed
1556 1398 1706 1436 verbum
1730 1397 1806 1448 ejus
1841 1394 1973 1445 ubique
1999 1394 2162 1432 dissemi-

1176 1460 1335 1497 nandum
1349 1459 1464 1496 foret?
1487 1460 1532 1496 At
1544 1457 1658 1496 Judaei
1679 1470 1748 1494 non
1762 1456 1846 1494 item
1854 1456 1946 1505 ,imo
1969 1455 2056 1492 dum
2067 1468 2162 1505 quae·
2215 1468 2363 1496 Judaeise-

1177 1529 1292 1558 rerent
1310 1519 1486 1571 justitiam
1515 1532 1617 1556 suam
1641 1526 1809 1565 statuere,
1838 1515 1985 1568 justitiae
2004 1515 2071 1552 Dei
2092 1529 2161 1553 non
2175 1520 2236 1538 ⁰¹¹⁵·

1178 1580 1329 1632 subjecti
1346 1580 1501 1617 fuerunt.
1521 1579 1569 1616 Hi
1586 1591 1670 1618 vero
1691 1578 1845 1614 fatentur
1860 1589 1979 1613 omnes
1998 1575 2035 1612 in
2057 1576 2161 1628 culpa

1177 1655 1264 1691 esse,
1282 1640 1374 1679 illud
1403 1640 1634 1693 apostolicum
1662 1653 1734 1691 prae
1763 1651 1798 1676 se
1831 1638 1988 1675 ferentes:
2023 1638 2162 1675 Omnes
2176 1649 2362 1679 Rom.10.3.

1175 1710 1444 1753 peccaverunt,
1477 1710 1514 1740 et
1541 1709 1651 1754 egent
1680 1700 1806 1752 gloria
1840 1700 1930 1744 Dei,
1956 1698 2163 1750 justificati

1176 1767 1300 1815 gratis
1327 1778 1396 1816 per
1427 1766 1598 1816 gratiam
1628 1764 1759 1814 ipsius.
1793 1760 1885 1797 Cum
1912 1758 2037 1796 dicunt
2070 1759 2165 1796 enim

1178 1825 1299 1877 ipsum
1317 1839 1391 1863 esse
1420 1824 1644 1863 Salvatorem
1672 1821 1814 1871 mundi,
1838 1818 2027 1857 ostendunt
2061 1833 2165 1857 mun-

1178 1887 1266 1924 dum
1288 1886 1454 1940 periisse;
1478 1894 1512 1923 et
1543 1899 1613 1922 non
1628 1883 1735 1922 modo
1763 1882 1985 1921 salvatorem
2005 1894 2088 1929 esse,
2104 1880 2166 1918 sed

1179 1958 1213 1987 et
1243 1949 1280 1986 in
1302 1948 1409 1986 rebus
1441 1946 1624 1985 maximis.
1652 1947 1837 1985 Venerunt
1865 1944 1959 1981 enim
1992 1942 2098 1980 multi
2127 1952 2167 1980 ut

1179 2010 1340 2048 homines
1369 2009 1485 2048 salvos
1517 2009 1682 2057 facerent,
1717 2005 1911 2058 prophetae,
1932 2004 2072 2055 angeli,
2103 2003 2167 2042 sed

1178 2085 1282 2110 verus
1302 2070 1467 2109 Salvator
1481 2069 1541 2107 hic
1563 2078 1628 2118 est,
1649 2067 1777 2119 inquit,
1799 2066 1862 2117 qui
1891 2079 2014 2104 veram
2034 2065 2167 2117 praebet

1178 2133 1340 2181 salutem,
1381 2145 1451 2169 000
1487 2131 1604 2168 solum
1635 2138 1754 2167 autem
1783 2137 2057 2179 temporaneam.
2093 2126 2168 2164 Hoc

1178 2192 1321 2230 sincerae
1338 2192 1423 2230 fidei
1443 2199 1695 2243 argumentum
1710 2198 1771 2227 est.
1794 2188 1971 2238 Utrinque
1986 2187 2081 2225 enim
2101 2188 2168 2225 mi-

1177 2254 1310 2291 rabiles
1336 2261 1430 2301 sunt,
1461 2261 1494 2290 et
1526 2251 1625 2302 quod
1658 2248 1885 2298 crediderint,
1921 2257 1954 2286 et
1983 2246 2077 2298 quod
2095 2248 2169 2285 sine

1179 2314 1290 2366 signis
1309 2313 1543 2363 crediderint,
1564 2327 1651 2363 quos
1680 2320 1714 2349 et
1748 2310 1911 2348 Christus
1939 2310 2059 2346 beatos
2077 2323 2167 2360 prae-

2228 494 2357 520 Samari--

2171 533 2228 558 tani
2278 534 2358 560 nullo

2171 574 2231 600 wiso
2276 576 2314 610 sig,
2321 585 2358 601 no

2224 616 2358 643 credide-

2174 661 2253 682 runt.

1134 2386 1160 2416 D
1178 2375 1274 2413 dieat
1299 2375 1356 2413 his
1386 2374 1507 2414 verbis
1529 2375 1670 2411 :Beati
1698 2374 1765 2425 qui
1798 2384 1875 2407 non
1902 2371 2099 2416 viderunt,
2130 2377 2166 2406 et
2180 2383 2366 2414 Rom.3.23.

1180 2438 1449 2481 crediderzcnt5
1475 2445 1510 2473 et
1537 2434 1633 2484 quod
1654 2433 1761 2471 etiam
1782 2431 1916 2469 sincere
1937 2429 2164 2468 crediderint.
2185 2426 2231 2463 ¹4·

1182 2499 1274 2536 Cum
1298 2497 1394 2535 enim
1414 2496 1578 2533 audirent
1607 2494 1792 2532 mulierem
1820 2491 1929 2529 dubie
1956 2491 2169 2542 loquentem,

1182 2558 1384 2609 Numquid
1401 2560 1480 2608 ipse
1505 2564 1561 2593 est
1581 2556 1783 2593 Christus?
1801 2566 1871 2590 non
1898 2551 2080 2599 dixerunt,
2097 2552 2171 2590 Nos

1183 2633 1321 2671 quoque
1339 2618 1561 2667 dubitamus,
1596 2630 1706 2667 neque
1728 2615 1777 2653 ita
1811 2613 2070 2663 existimamus,
2097 2612 2170 2662 sed,

1183 2683 1331 2721 Scimus
1340 2696 1357 2728 ,-
1379 2693 1493 2730 neque
1525 2680 1593 2716 hoc
1615 2687 1766 2726 tantum,
1794 2676 1856 2714 sed.
1874 2676 1993 2725 etiam,
2014 2677 2090 2713 Hic
2117 2684 2173 2713 est

1183 2758 1277 2783 ‘vere
1303 2744 1489 2782 Salvator
1510 2742 1657 2779 mundi.
1677 2741 1801 2791 Neque
1820 2738 1914 2776 enim
1937 2737 2120 2775 Christum
2134 2747 2174 2776 ut

1184 2818 1295 2843 unum
1327 2817 1346 2841 e
1363 2803 1473 2854 vulgo
1511 2801 1784 2849 confitebantur,
1808 2798 1869 2837 sed
1898 2812 1979 2838 vere
2011 2798 2173 2837 Salvato-

1183 2880 1259 2904 rem
1280 2864 1456 2902 dicebant.
1490 2862 1599 2913 Atqui
1621 2875 1727 2913 quem
1756 2861 1802 2898 ab
1834 2859 1897 2897 illo
1921 2868 2100 2897 servatum
2118 2859 2173 2897 vi-

1154 2926 1330 2965 ¹deranti³
1361 2924 1484 2965 Verba
1517 2932 1656 2961 tantum
1686 2921 1889 2970 audierant,
1921 2930 1954 2958 et
1988 2929 2104 2957 tamen
2134 2934 2172 2957 ea

1182 2988 1258 3040 ipsa
1280 2987 1465 3039 proferunt
1492 2999 1569 3036 quae
1585 2983 1774 3033 dixissent,
1805 2982 1834 3020 si
1856 2981 2030 3020 vidissent
2061 2981 2173 3017 multa

1183 3060 1380 3099 magnaque
1402 3045 1587 3084 miracula.
1612 3044 1661 3081 Et
1684 3057 1747 3081 cur
1772 3041 1997 3093 evangelistae
2024 3054 2092 3077 non
2118 3054 2171 3077 re-

1182 3111 1300 3148 ferunt
1318 3122 1358 3145 ea
1380 3122 1457 3159 quae
1476 3106 1583 3156 dixit,
1604 3118 1754 3156 quaeque
1781 3103 1958 3140 mirabilia
1984 3101 2106 3138 crant?
2124 3102 2173 3138 Ut

1185 3172 1301 3210 discas
1315 3170 1412 3223 ipsos
1427 3169 1539 3207 multa
1557 3181 1601 3205 ex
1613 3166 1752 3218 magnis
1769 3166 1874 3203 rebus
1893 3162 2173 3215 praetermitteoe,

1210 3309 1222 3323 c
1242 3296 1357 3330 Morel-
1379 3302 1508 3339 γίνεται,
1527 3300 1614 3336 ν’γουν
1628 3299 1680 3329 τῆς
1697 3297 1805 3334 ψυχῗς,
1824 3293 1874 3322 ἐπῑ
1878 3294 1897 3321 ἰ.

1211 3352 1228 3376 ‘¹
1251 3348 1367 3383 Morel.
1388 3352 1448 3383 ουδ
1466 3353 1511 3382 οτι
1529 3350 1672 3388 νουέζομε
1676 3359 1698 3375 ν.
1724 3340 1824 3374 Savil.
1844 3338 1901 3373 030
1920 3341 2173 3378 &domnoniam-1,
