2507 3673
636 222 674 249 ΙΝ
717 221 879 249 DtCTUM
920 220 1158 260 APOSTOLI,
1198 220 1289 248 NON
1326 217 1464 258 QUOD,
1503 217 1604 245 E't‘C.

82 301 123 336 τὰ
144 301 289 338 ταπεινὰ
309 302 377 338 τῶν
399 300 562 353 ῥημάτων
579 301 625 344 εἰς
644 300 705 346 τὴν
726 300 871 347 Οεότητα
890 299 1098 338 ἑλκύσωσιν·

80 352 123 388 ἵν’
151 354 231 392 ὅταν
252 355 456 403 ἀναγνῶσιν,
474 351 568 403 'li-(G)
588 353 646 390 ἀπ’
675 355 822 400 ἐμαυτοῦ
849 354 886 390 οὗ
907 352 1023 397 λαλῶ,
1045 350 1100 388 ὅτι

77 407 94 441 ὅ
117 406 242 458 Πατήρ
261 421 325 455 μου
345 403 484 449 ἐντολήν
514 419 571 454 μοι
595 404 740 450 δέδωκε,
757 405 791 442 τί
807 404 912 449 εἴπω,
941 403 962 448 ἢ
983 402 1015 440 τί
1034 404 1100 440 λα-

77 457 174 504 λήσω
187 489 195 505 ,
219 456 346 511 μηκέτι
364 460 406 507 τῆ
422 457 662 509 ἀνΟρωπότητι
675 487 683 503 ,
706 456 794 494 ἀλλὰ
814 460 856 508 τῇ
869 455 1006 500 Οεότητι
1025 456 1100 492 ἐπι·

76 510 269 562 γράψωσιν.
290 510 405 554 Εἶδες,
426 511 473 551 εἰς
503 509 580 547 ὅσον
612 510 712 560 βυθὸν
733 508 891 551 ἀσεὲείας
911 507 1102 550 ἐξολισθαί-

76 576 192 609 νουσι,
212 564 317 599 Ποῖον
335 563 407 599 ἐστι
424 562 463 600 τὸ
479 566 629 612 πνεῦμα,
646 563 664 600 ὃ
680 561 794 612 λέγει,
824 562 885 603 Εἷς
902 559 1022 611 χεῖράς
1040 573 1100 596 σου

74 615 316 666 παρατίθημι,
346 614 410 651 κᾶν
435 614 644 664 βιάσωνται,
659 617 724 665 οὐχ
742 613 952 664 εὑρίσκουσι.
971 610 1102 649 Λύεται

74 665 143 718 γὰρ
170 668 212 704 δι’
239 667 384 717 ἑτέρων,
402 667 453 703 ὅτι
483 666 522 704 τὸ
541 672 678 716 πνεῦμα
694 666 757 712 τὴν
785 664 900 716 ψυχὴν
925 663 1101 701 ἐκάλεσεν.

74 717 196 756 Ἄκουε
217 719 394 770 Στεφάνου
428 719 587 768 λέγοντος
621 720 654 756 ἓν
684 720 734 769 τῷ
764 715 961 768 μαρτύρίῳ,
994 714 1101 767 Κύριε

75 769 211 818 Ἰησοῦ,
230 771 322 815 δέξαι
343 772 381 809 τὸ
402 771 541 821 πνεῦμά
560 786 638 821 μου.
653 770 739 824 ιὨτι
753 768 943 818 τὸ-πνεῦμα
961 771 982 813 ἡ
1002 767 1099 819 ψυχή

75 825 169 871 ἐστι,
193 824 366 876 Στέφανος
380 830 558 878 μαρτυρεῖ.
581 823 644 865 Τίς
664 826 722 859 οὐν
739 825 756 859 ὁ
770 819 1043 872 παρατιΟέμενος
1062 820 1101 858 τὸ

74 881 213 926 πνεῦμα
226 906 234 921 ,
255 876 314 914 καὶ
334 876 385 923 τί,
405 881 433 929 ᾧ
451 875 624 926 παρετέθη
652 875 692 912 τὸ
719 877 874 923 πνεῦμα,
893 872 972 925 περὶ
999 872 1100 916 ποίας

76 929 110 966 δὲ
129 929 325 979 διαλέγεται
345 930 478 975 οὐσίας,
504 929 566 970 Εἰς
586 927 627 973 ἢν
649 929 679 964 οἱ
706 926 894 964 ἀπόστολοι
924 925 986 972 τὴν
1008 941 1100 976 προ-

74 981 218 1032 φητείαν
244 980 414 1027 ἕλκουσιν,
433 979 518 1018 εΌτι
536 982 598 1017 οὐκ
618 978 879 1030 ἐγκαταλείψεις
899 977 962 1024 τὴν
983 978 1097 1029 ψυχήν

75 1049 140 1083 μου
158 1035 204 1077 εἷς
228 1033 328 1085 ᾅδου,
347 1034 424 1072 οὐδὲ
444 1032 565 1074 δώσεις
582 1032 640 1070 τὸν
659 1031 751 1070 ὅσιόν
774 1045 832 1068 σου
854 1032 935 1068 ἰδεῖν
957 1031 1099 1082 διαφθο-

74 1085 147 1136 ράν.
170 1089 246 1140 ρύκ
265 1085 525 1137 ἐγκαταλείψεις
540 1084 601 1130 τὴν
619 1083 735 1136 ψυχήν
755 1099 819 1134 μου
836 1085 883 1126 εἷς
897 1083 991 1136 ᾅδου.
1008 1084 1098 1136 Περὶ

72 1142 164 1177 Θεοῦ
184 1143 225 1185 ἠν
240 1142 258 1176 ὃ
277 1138 396 1189 λόγος,
410 1139 498 1180 Θεὸς
531 1140 568 1175 οὗ
598 1136 904 1186 καταλιμπάνεται
930 1139 978 1179 εἰς
998 1137 1095 1188 ᾅδου.

72 1193 224 1243 Κατεῖχε
241 1190 308 1242 γὰρ
332 1191 416 1242 ᾅδης
434 1190 524 1228 Θεόν
539 1207 547 1236 ;
572 1195 713 1241 κατεῖχε
729 1188 791 1235 τὴν
809 1188 973 1232 ζωοποιὸν
995 1189 1096 1227 δύνα,

74 1260 131 1293 μιν
146 1244 368 1299 ᾗδιαφῡορά,
389 1245 451 1281 οὐκ
464 1242 614 1289 ἤκουσας
631 1241 771 1280 Παύλου
785 1241 960 1293 λέγοντος,
976 1242 1098 1280 καΟότι

72 1298 134 1333 οὐκ
154 1301 195 1343 ἣν
216 1298 356 1334 δυνατὸν
377 1295 438 1342 τὴν
457 1295 548 1341 ζωὴν
564 1295 629 1333 ὑπὸ
643 1299 705 1341 τῆς
725 1298 852 1346 φθορᾶς
867 1295 1096 1346 κατέχεσθαι,

72 1349 148 1396 Τὴν
176 1349 265 1395 ζωὴν
287 1349 326 1386 τὸ
349 1352 452 1399 σῶμα
481 1348 586 1398 λέγει.
609 1349 654 1385 Εἰ
683 1347 719 1385 δὲ
738 1348 778 1385 τὸ
797 1350 900 1397 σῶμα
919 1340 1008 1393 ζωὴ,
1028 1363 1098 1384 κα-

71 1417 106 1439 τε
114 1402 207 1453 ίχετο
223 1405 244 1447 ἡ
265 1401 335 1448 ζωὴ
355 1401 509 1452 θανάτῳ,
528 1402 606 1438 Οὐκ
622 1399 883 1452 ἐγκαταλείψεις
903 1398 965 1445 τὴν
983 1400 1097 1451 ψυχήν

74 1469 139 1503 μου
155 1457 201 1497 εἷς
222 1454 316 1505 ᾅδου.
340 1453 456 1500 ΕὈλην
474 1457 646 1490 πεσοῦσαν
661 1452 724 1498 τὴν
743 1452 993 1503 ἀνΟριι)πότητα
1015 1452 1098 1498 ὅλην

71 1506 207 1557 ἤγειρεν
219 1522 226 1529 ·
245 1505 322 1544 ὅλον
342 1507 492 1543 πεσόντα
508 1505 564 1542 τὸν
580 1505 759 1556 ἄνθρωπον
779 1503 855 1542 ὅλον
871 1503 1098 1542 ἀνεκαίνισεν.

72 1559 164 1597 Ἀλλ’
195 1558 253 1597 ἐὰν
270 1558 388 1609 εἴπῃς,
409 1558 492 1609 φησὶ
504 1588 513 1605 ,
531 1557 659 1595 τέλειον
678 1557 857 1608 ἄνθρωπον
881 1556 1095 1604 ἀνεκαίνισε,

71 1612 173 1649 ποίαν
206 1611 370 1664 διαφορὰν
394 1614 486 1662 αὐτῷ
518 1609 618 1652 ’δίδως
646 1609 743 1662 παρὰ
768 1609 845 1652 τοὺς
867 1608 1098 1657 ἀποστόλους,

72 1664 142 1702 Καὶ
164 1663 231 1716 γὰρ
247 1667 279 1702 ἐν
301 1663 440 1706 ἐκείνοις
457 1662 591 1714 ἐγένετο
611 1665 627 1699 ὃ
644 1663 744 1704 Θεός.
759 1662 850 1699 Ἀλλ’
873 1660 988 1713 ἕτερόν
1007 1664 1098 1699 ἐστιν

72 1719 268 1764 ἐνοικῆσαι,
298 1716 357 1753 κἀὶ
389 1716 474 1754 ἄλλο
504 1715 689 1754 ἀναλαὸεῖν
711 1713 771 1752 καὶ
797 1716 978 1760 {mo-”man
1010 1715 1098 1766 Περὶ

71 1773 171 1819 ἡμῶν
199 1769 354 1820 εἴρηται,
386 1768 581 1814 Ἐνοικήσω
613 1770 647 1805 ἐν
669 1770 801 1812 αὐτοῖς,
821 1767 881 1805 καὶ
905 1769 1099 1819 ἐμπεριπα-

71 1823 180 1869 τήσω.
203 1824 278 1867 Τἦς
310 1824 423 1873 ψυχῆς
453 1820 547 1874 λέγει
577 1820 639 1866 τὴν
668 1819 868 1866 ἁπλότητα,
888 1819 952 1865 τὴν
972 1819 1097 1869 ἀρετὴν

70 1877 133 1920 τῆς
151 1876 263 1926 ψυχῆς
279 1875 494 1920 ὑποτίθεται,
513 1877 535 1923 ᾐ
555 1872 816 1912 ἐπαναπαύεται
836 1873 926 1914 Θεὸς
955 1872 1013 1909 καὶ
1036 1874 1100 1922 ἐμ-

71 1932 269 1980 περιπατεῖ.
301 1926 402 1964 Ἐπεὶ
425 1925 460 1963 δὲ
484 1930 543 1963 τοῦ
577 1927 730 1977 Χριστοῦ
755 1925 836 1963 αὐτὸ
868 1925 907 1962 τὸ
935 1927 1038 1975 σῶμα
1060 1927 1099 1962 ἐκ

72 1979 207 2023 κοιλίας
237 1978 358 2016 ἑνωθὲν
380 1978 459 2020 ναὸς
483 1977 636 2028 ἐγένετο,
655 1981 692 2015 οὐ
717 1978 807 2015 κατὰ
826 1976 1007 2028 προκοπὴν
1033 1993 1098 2015 πο-

71 2032 202 2075 λιτείας
220 2031 358 2074 ἐδέξατο
388 2031 477 2069 Θεὸν
498 2034 713 2075 ἐνοικοῦντα,
749 2032 825 2068 ἀλλ’
847 2030 921 2080 ἅμα
938 2030 1018 2072 ναὸς
1037 2045 1100 2067 κα-

72 2084 285 2129 τεσκευάσθη
299 2115 307 2130 ,
320 2083 394 2134 ἅμα
413 2084 501 2126 Θεὸς
516 2083 682 2135 ε’νῴκηο-ε.
694 2082 788 2125 Nube
807 2076 864 2120 οῦν
879 2077 921 2129 ἦν
939 2087 997 2120 τοῦ
1013 2084 1099 2119 ἑνω-

72 2137 186 2179 Οέντος
215 2138 366 2188 Χριστοῦ
397 2136 436 2173 τὸ
469 2139 583 2187 σῶμα.
617 2135 686 2173 Δια
706 2134 808 2174 τοῦτό
827 2152 931 2187 φησι,
959 2134 1099 2172 Λύσατε

71 2190 128 2227 τὸν
147 2189 226 2227 ναὸν
246 2192 380 2240 τοῦτον,
405 2189 464 2226 καὶ
487 2190 522 2226 ἓν
549 2189 660 2241 τρισὶν
687 2188 835 2239 ἡμέραις
855 2190 963 2239 ἐγερῶ
985 2187 1098 2225 αὐτόν.

70 2240 122 2279 Ὢ
144 2245 207 2287 τῆς
239 2241 384 2284 ἀτοπίας
410 2245 477 2279 τῶν
491 2241 607 2279 πάντα
631 2240 840 2291 τολμώντων
858 2242 977 2284 ἀδεῶς.
995 2240 1099 2278 Ἀλλὰ

30 2316 33 2317 ’
69 2298 182 2332 ταῦτα
203 2293 263 2344 μὲν
284 2293 369 2346 πρὸς
389 2294 580 2347 αἱρετικοὺς
599 2292 677 2337 τοὺς
703 2293 866 2344 λέγοντας
893 2291 1010 2345 ψυχὴν
1040 2293 1098 2331 καὶ

71 2350 175 2397 σῶμα
203 2346 261 2384 καὶ
286 2351 443 2397 πνεῦμα,
479 2346 537 2384 καὶ
570 2345 791 2397 βιαζομένους
810 2345 849 2382 τὸ
870 2345 1097 2384 ἀποστολικὸν

72 2401 169 2452 ῥῆμα
188 2399 227 2437 τὸ
247 2398 345 2449 λε’γον
357 2414 364 2421 ·
383 2402 400 2436 ὃ
419 2399 508 2442 Θεὸς
522 2398 660 2450 φυλάξει
679 2401 775 2449 ὑμῶν
789 2398 826 2436 τὸ
842 2401 945 2448 σῶμα
961 2397 1020 2435 καὶ
1034 2397 1097 2445 τὴν

69 2451 184 2502 ψυχὴν
216 2451 275 2488 καὶ
310 2451 349 2488 τὸ
381 2455 530 2500 πνεῦμα.
569 2451 705 2489 Ἐκεῖνο
746 2454 932 2503 ἀναγκαῖον
967 2453 1074 2488 εἰπεῖν
1089 2464 1096 2471 ·

69 2509 209 2554 πνεῦμα
230 2503 404 2552 νομίζουσι
441 2504 498 2541 τὸν
521 2507 611 2541 νοῦν.
634 2505 679 2541 Ei
705 2504 817 2542 τοίνυν
846 2504 885 2542 τὸ
917 2507 1057 2553 πνεῦμα
1081 2507 1099 2541 ὃ

69 2561 144 2598 νοῦς
165 2558 256 2603 ἐστι,
277 2555 332 2592 διὰ
350 2554 383 2591 τί
404 2558 421 2593 ὃ
442 2555 631 2598 ἀπόστολος
652 2556 766 2606 λέγει,
784 2557 903 2593 Ῑῑάλῶ
926 2558 976 2607 τῷ
995 2555 1098 2593 πνεύ-

72 2609 157 2658 ματί
179 2624 262 2658 μου,
281 2609 382 2659 ψαλῶ
406 2608 465 2645 καὶ
484 2611 535 2659 τῶ
559 2607 626 2654 νο’ί;
647 2610 691 2646 Εἰ
710 2609 778 2662 γὰρ
799 2608 838 2646 τὸ
859 2608 941 2646 αὐτὸ
960 2611 1098 2658 πνεῦμα

70 2661 130 2698 καὶ
157 2665 254 2707 νοῦς,
288 2660 344 2698 διὰ
365 2660 399 2697 τί
419 2661 550 2712 μερίζει
576 2662 715 2704 Παῦλος
748 2660 878 2712 λέγων,
903 2662 1023 2698 ιΓαλῶ
1048 2663 1098 2712 τῷ

71 2713 263 2761 πνεύματι,
280 2714 382 2764 ψαλῶ
405 2713 464 2750 καὶ
480 2716 530 2766 τῷ
549 2711 620 2760 νοΐ,
650 2715 694 2751 Εἰ
717 2713 756 2750 τὸ
775 2718 913 2763 πνεῦμα
931 2717 1023 2758 νοῦς,
1043 2713 1099 2750 διὰ

72 2765 106 2802 τί
125 2768 201 2803 νοῦν
220 2765 318 2818 παρὰ
340 2765 379 2802 τὸ
400 2770 539 2816 πνεῦμα
569 2765 685 2817 ἕτερον
706 2765 817 2817 λέγει,
837 2765 928 2803 Ἀλλ’
953 2764 1071 2811 ἐπειδὴ
1088 2795 1098 2812 ,

71 2818 189 2868 φησὶν,
212 2820 248 2855 οὔ
265 2817 437 2861 κατεδέξω
454 2818 578 2865 οὕτως,
597 2819 807 2870 ἑρμηνευσον
827 2821 874 2861 ὡς
893 2824 1038 2870 φρονεῖς.
1052 2817 1100 2855 Τί

71 2873 163 2907 ἐστιν
194 2870 211 2908 ὃ
244 2870 336 2920 λέγει
358 2871 515 2917 Παῦλος,
541 2874 558 2907 ὃ
581 2870 616 2907 δὲ
643 2870 732 2912 Θεὸς
753 2870 893 2922 φυλάξει
920 2873 1015 2919 ὑμῶν
1036 2869 1097 2916 τὴν

69 2921 186 2973 ψυχὴν
206 2922 265 2959 καὶ
285 2921 324 2958 τὸ
344 2926 502 2972 πνεῦμα,
522 2924 670 2973 Πνεῦμα
685 2923 757 2965 ἔΟος
773 2926 815 2973 τῇ
835 2924 960 2974 Γραφῇ
980 2924 1098 2959 καλεῖν

68 2976 108 3012 τὸ
126 2974 286 3027 χάρισμα
306 2978 365 3011 τοῦ
392 2974 489 3024 ἁγίου
511 2974 727 3025 Πνεύματος.
756 2976 978 3026 Παρακαλῶ,
997 2990 1101 3012 συνα-

68 3026 260 3077 γωνίσασΟέ
291 3042 348 3076 μοι
378 3030 428 3078 τῷ
459 3026 622 3079 καμάτῳ.
648 3029 701 3064 Οὐ
721 3027 787 3079 γὰρ
811 3027 933 3078 μικρὸν
953 3033 1102 3078 πρᾶγμα

69 3080 246 3131 αἰρετικὴν
268 3079 418 3115 ἄκανθαν
451 3079 612 3131 ἐκκόψαι.
648 3081 794 3128 Πνεῦμα
820 3079 893 3121 ἔθος
913 3082 955 3129 τῇ
977 3081 1100 3129 Γραφῇ

69 3134 188 3168 καλεῖν
207 3131 246 3168 τὸ
261 3130 422 3181 χάρισμα
442 3135 500 3168 τοῦ
517 3132 616 3182 ἁγίου
632 3131 840 3182 Πνεύματος
853 3147 860 3154 ·
881 3125 949 3168 οἷον
971 3130 1028 3168 ἐάν
1050 3146 1102 3173 τις

68 3183 160 3232 λάῧῃ
193 3188 330 3232 πνεῦμα
360 3183 502 3234 σοφίας,
526 3182 547 3229 ἢ
578 3189 716 3234 πνεῦμα
743 3183 926 3234 γνώσεως·
949 3183 1033 3220 αὐτὸ
1063 3182 1103 3219 τὸ

72 3237 179 3288 δῶρον
200 3240 259 3272 τοῦ
285 3234 488 3284 Πνεύματος
507 3238 667 3273 καλεῖται
696 3240 849 3286 πνεῦμα.
873 3234 978 3285 Λέγει
1000 3236 1104 3272 Παῦ-

71 3289 150 3335 λος,
168 3287 270 3325 ’Emi
291 3287 443 3332 ζηλωταὶ
463 3288 670 3337 πνευμάτων
691 3288 787 3334 ἐστὲ,
821 3287 897 3325 ἀντὶ
916 3290 976 3325 τοῦ
999 3302 1106 3338 χαρι-

75 3339 220 3387 σμάτων
240 3342 486 3390 πνευματικῶν
499 3355 506 3362 ·
523 3342 560 3377 οὐ
576 3339 642 3390 γὰρ
659 3340 772 3377 πολλὰ
786 3339 981 3389 πνεύματα.
1001 3339 1106 3377 Ἐπεὶ

78 3391 231 3438 ζηλωταί
264 3394 339 3429 ἐστε
368 3392 591 3442 πνευμάτων,
629 3391 680 3430 ἔτι
708 3395 784 3430 καθ’
819 3392 894 3430 ὁδὸν
910 3391 1106 3442 ὓπερὸολὴν

2064 197 2155 244 805

1171 297 1368 336 Dominum
1382 309 1450 333 non
1462 294 1667 332 assumsisse
1677 293 1843 340 animam,
1858 300 1895 330 ut
1907 293 2025 332 omnia
2036 293 2154 330 humi-

1171 349 1219 385 lia
1241 348 1346 385 verba
1360 348 1395 384 in
1416 347 1582 384 deitatem
1598 345 1818 397 pertrahant,
1839 355 1878 382 ut
1897 360 1978 382 cum
1994 346 2154 396 legerint,

1174 401 1256 451 Ego
1286 414 1387 436 ame
1411 402 1491 450 ipso
1514 413 1590 435 non
1611 399 1759 448 loquor,
1787 400 1878 448 quia
1906 400 2026 434 Pater
2051 411 2155 434 meus
2175 427 2193 454 J

1173 453 1401 488 mandatum
1414 453 1510 487 mihi
1521 451 1640 495 dedit,
1651 450 1745 500 qaid
1765 450 1905 494 dicam,
1917 458 1983 485 aut
1995 451 2088 500 quid
2101 450 2156 486 lo·
2169 438 2258 507 '43⁰⁶
2289 434 2336 454 η’

1174 517 1273 555 quar
1283 508 1300 539 ?
1314 517 1382 540 non
1398 502 1626 545 humanitati,
1644 500 1705 538 sed
1717 500 1838 537 deitati
1854 500 1927 536 haee
1940 500 2155 537 adscribant.

1174 555 1362 603 Viden’,in
1373 565 1544 606 quantum
1560 553 1754 605 impietatis
1762 552 1979 604 profundum
1988 553 2157 589 veniant?

1175 608 1333 655 Quinam
1344 608 1389 645 sit
1401 607 1548 660 spiritus
1559 607 1621 657 qui
1633 606 1794 652 djcit,In
1805 618 1943 642 manus
1965 612 2051 641 tuas
2063 618 2159 641 com-

1174 662 1326 707 mendo,
1344 669 1672 710 quantumcumque
1685 666 1860 708 quaerant,
1877 671 1946 694 non
1961 656 2157 694 inveniunt.

1173 712 1231 750 Ex
1245 713 1326 750 aliis
1347 713 1443 750 enim
1465 713 1552 750 locis
1577 725 1632 748 res
1645 710 1797 749 solvitur
1816 719 1848 747 et
1867 709 2051 761 probatur,
2064 709 2157 747 Scri-

1172 774 1314 816 pturam
1331 765 1495 817 spiritum
1513 764 1669 802 animam
1682 762 1877 801 vocavisse.
1896 761 1990 799 Audi
2011 761 2159 812 Stepha-

1173 832 1258 855 num
1275 817 1463 865 dicentem,
1486 831 1566 855 cum
1594 815 1810 868 martyrium
1827 814 1940 852 obiret
1962 830 1970 850 :
1991 815 2159 851 Domine

1171 871 1279 916 Jeszc,
1301 873 1431 922 accipe
1449 872 1625 921 spiritum
1653 882 1790 906 meum.
1815 866 1920 913 Quod
1947 867 2093 918 spiritus
2113 866 2158 904 sit

1170 924 1303 971 anima,
1324 923 1524 975 Stephanus
1552 921 1773 959 testificatur.
1794 919 1883 965 Quis
1905 933 1989 970 ergo
2015 928 2079 966 est,
2097 919 2159 968 qui

1171 975 1392 1013 commendat
1402 975 1581 1028 spiritum,
1591 984 1624 1012 et
1638 974 1695 1011 cui
1711 972 1979 1011 commendatur
1988 971 2158 1023 spiritus?

1169 1027 1214 1065 de
1232 1043 1301 1078 qua
1321 1029 1479 1079 loquitur
1498 1027 1692 1065 substantia
1704 1026 1720 1063 ἶ)
1732 1028 1786 1063 De
1802 1025 1878 1074 illa,
1891 1024 1936 1062 ad
1952 1038 2059 1075 quam
2074 1038 2158 1076 apo-

1170 1080 1250 1118 stoli
1269 1081 1492 1133 prophetiam
1507 1080 1735 1132 pertrahunt:
1750 1080 1943 1129 Quoniam
1962 1091 2039 1114 non
2058 1078 2159 1114 dere·
2173 1106 2251 1134 ΡΜ,
2291 1107 2323 1137 ¹5

1172 1134 1322 1186 linques
1332 1137 1506 1172 animam
1517 1135 1690 1170 meamin
1700 1133 1942 1184 iafernoffzec
1951 1130 2061 1167 dabis
2072 1143 2159 1167 san-
2178 1157 2225 1177 ω,
2255 1128 2261 1135 '
2330 1129 2337 1136 '

1170 1196 1274 1224 ctum
1288 1187 1535 1224 tuumvidere
1547 1187 1839 1236 corruptionem.
1871 1184 1961 1220 Non
1987 1183 2156 1219 derelin-

1172 1253 1263 1290 ques
1273 1242 1447 1277 animam
1460 1252 1585 1275 meam
1599 1240 1640 1274 in
1656 1238 1824 1289 iaferno.
1837 1237 1932 1273 Num
1943 1234 1989 1272 de
1997 1235 2072 1271 Deo
2087 1248 2157 1272 ser-

1171 1306 1229 1330 mo
1239 1302 1311 1330 erat
1319 1293 1335 1330 Ξ)
1344 1294 1440 1330 Deus
1452 1305 1519 1328 non
1529 1289 1786 1340 derelinquitur
1797 1289 1833 1326 in
1844 1288 1991 1325 inferno.
2001 1288 2097 1324 Num
2109 1287 2160 1324 in-

1170 1345 1290 1382 fernus
1298 1346 1415 1383 Deum
1423 1343 1600 1381 detinuit?
1614 1357 1700 1379 num
1709 1341 1893 1379 vivificam
1904 1340 2073 1378 virtutem
2083 1354 2158 1377 cor-

1171 1398 1291 1449 ruptio
1303 1397 1480 1436 detinuit?
1498 1410 1567 1433 non
1580 1395 1712 1433 audisti
1725 1394 1877 1431 Paulum
1888 1392 2074 1439 dicentem,
2089 1406 2157 1430 non

1170 1450 1327 1501 potuisse
1342 1450 1455 1488 vitam
1476 1463 1495 1486 a
1518 1447 1743 1499 corruptione
1760 1445 1937 1484 detineri?
1951 1445 2076 1484 Vitam
2102 1444 2157 1482 (Η-
2171 1469 2260 1498 Rom.
2302 1490 2308 1497 ·
2326 1467 2358 1498 6,

1172 1503 1220 1539 cit
1241 1515 1380 1553 corpus.
1400 1502 1440 1540 Si
1459 1515 1586 1553 corpus
1605 1510 1656 1538 est
1674 1500 1759 1547 vita,
1775 1498 1913 1536 detenta
1933 1507 1984 1535 est
2003 1512 2023 1535 a
2045 1507 2158 1536 morte
2280 1481 2296 1509 7

1171 1555 1356 1593 vita.Non
1377 1554 1618 1605 derelinques
1645 1555 1819 1589 animam
1839 1565 1962 1588 meam
1983 1553 2025 1587 in
2037 1551 2157 1602 iafer—

1174 1621 1233 1644 no.
1255 1608 1386 1644 Totam
1405 1606 1598 1657 collapsam
1616 1603 1874 1641 humanitatem
1890 1602 2089 1650 suscitavit,
2106 1611 2158 1640 to-

1172 1668 1250 1697 tum
1271 1659 1467 1710 collapsum
1494 1657 1675 1695 hominem
1696 1655 1893 1693 renovavit.
1913 1654 1985 1693 Sed
2009 1655 2037 1691 si
2055 1654 2156 1692 dixe-

1172 1712 1232 1761 ris,
1255 1711 1436 1762 inquiunt,
1458 1709 1555 1760 quod
1580 1709 1655 1760 ipse
1679 1708 1877 1761 perfectum
1898 1706 2078 1744 hominem
2104 1721 2160 1744 re-

1172 1764 1371 1809 novaverit,
1387 1777 1494 1813 quam
1518 1762 1754 1800 differentiam
1772 1759 1877 1812 ponis
1898 1759 1988 1796 inter
2006 1759 2112 1796 illum
2127 1768 2161 1797 et

1171 1817 1375 1869 apostolos?
1390 1817 1481 1853 Nam
1501 1815 1537 1852 in
1553 1814 1640 1866 ipsis
1653 1827 1792 1864 quoque
1810 1811 1880 1849 fuit
1901 1813 2009 1849 Deus.
2025 1813 2161 1851 Verum

1172 1869 1273 1907 aliud
1296 1878 1345 1906 est
1368 1867 1579 1916 inhabitare,
1601 1866 1700 1904 aliud
1719 1878 1896 1903 assumere
1919 1874 1952 1902 et
1979 1864 2086 1901 uniri.
2107 1865 2161 1901 De

1170 1922 1275 1960 nobis
1298 1921 1437 1959 dictum
1452 1929 1514 1968 est,
1534 1921 1770 1957 Inhabitabo
1795 1921 1836 1955 in
1860 1918 1953 1963 illis,
1973 1926 2010 1954 et
2028 1919 2158 1954 inam-
2174 1937 2266 1964 Leon.
2288 1938 2338 1967 26·

1174 1975 1326 2012 bulabo.
1346 1973 1483 2010 Animae
1505 1971 1774 2024 simplicitatem
1801 1970 1890 2007 dicit
1910 1985 1917 2006 ε
1939 1970 2064 2007 animae
2083 1969 2158 2007 vir·
2177 1987 2222 2006 12.

1172 2036 1284 2065 tutem
1309 2026 1491 2078 supponit,
1516 2025 1553 2062 in
1569 2039 1640 2075 qua
1665 2022 1850 2073 requiescit
1869 2023 1967 2059 Deus
1987 2031 2020 2059 et
2044 2022 2158 2059 inam-
2174 2028 2202 2047 2·
2224 2019 2292 2047 0⁰¹²
2307 2018 2337 2047 6.

1172 2080 1285 2117 bulat.
1304 2079 1397 2125 Quia
1427 2092 1510 2116 vero
1533 2077 1651 2128 ipsum
1682 2075 1815 2114 Christi
1845 2088 1973 2125 corpus
1996 2088 2041 2111 ex
2059 2083 2158 2112 utero
2178 2060 2222 2090 ¹6·

1172 2133 1312 2170 unitum
1330 2131 1503 2183 templum
1525 2130 1601 2181 ejus
1621 2129 1786 2166 effectum
1805 2136 1870 2175 est,
1892 2140 1960 2163 non
1985 2141 2049 2178 per
2078 2141 2159 2178 pro-

1172 2186 1303 2223 fectum
1318 2184 1354 2221 in
1372 2185 1504 2222 virtute
1517 2184 1636 2219 Deum
1654 2180 1789 2232 accepit
1803 2178 2060 2217 inhabitantem
2073 2194 2083 2227 3
2098 2178 2159 2216 sed

1173 2239 1281 2276 simul
1294 2239 1466 2288 templum
1481 2245 1646 2288 paratum
1659 2243 1724 2281 est,
1735 2233 1841 2270 simul
1853 2233 1950 2269 Deus
1965 2231 2000 2268 in
2017 2232 2078 2268 illo
2095 2231 2158 2268 ha-

1172 2291 1313 2329 bitavit.
1329 2289 1523 2340 Templum
1547 2301 1631 2339 ergo
1656 2286 1790 2324 Christi
1815 2284 1905 2322 uniti
1925 2293 1997 2321 erat
2012 2298 2153 2335 corpus.

1171 2343 1257 2381 Ideo
1276 2343 1325 2381 ait
1347 2358 1354 2378 :
1374 2342 1518 2380 Solvite
1533 2340 1718 2390 templum
1731 2340 1865 2385 lzoc‚et
1877 2340 1918 2374 in
1936 2339 2057 2375 tribus
2077 2338 2157 2373 die-

1174 2398 1244 2434 bus
1264 2397 1441 2434 excitabo
1467 2394 1582 2431 illud.
1605 2393 1636 2429 O
1657 2390 1912 2429 absurditatem
1939 2403 2075 2437 eorum,
2095 2389 2156 2439 qui

1171 2449 1288 2486 omnia
1312 2449 1387 2485 sine
1404 2455 1500 2484 metu
1526 2442 1675 2483 audent!
1694 2445 1831 2483 Verum
1856 2442 1933 2478 haec
1948 2441 1996 2479 ad
2013 2441 2155 2479 haereti-

1172 2516 1245 2550 cos,
1266 2500 1327 2551 qui
1346 2500 1501 2537 animam
1515 2508 1548 2535 ct
1571 2511 1697 2548 corpus
1718 2505 1751 2533 et
1770 2495 1936 2546 spiritum
1950 2503 2157 2543 memorant,

1172 2563 1205 2591 et
1232 2554 1308 2591 vim
1336 2553 1490 2590 inferunt
1517 2550 1709 2602 apostolico
1735 2548 1845 2586 verbo
1873 2546 2005 2584 dicenti
2029 2562 2036 2583 :
2060 2548 2158 2584 Deus
2176 2571 2358 2600 1.Thess.5.

1172 2605 1348 2644 custodiet
1363 2617 1489 2655 corpus
1502 2612 1674 2647 vestrum,
1690 2610 1723 2638 et
1741 2600 1910 2647 animam,
1926 2608 1961 2636 et
1978 2599 2156 2651 spiritum.
2174 2613 2224 2643 23,

1171 2657 1270 2696 Illud
1290 2671 1396 2709 porro
1425 2669 1563 2693 necesse
1590 2663 1641 2692 est
1667 2653 1807 2699 dicere,
1836 2651 2003 2703 spiritum
2034 2661 2160 2703 putant

1173 2725 1247 2748 esse
1266 2719 1430 2747 mentem.
1449 2708 1489 2747 Si
1515 2721 1597 2755 ergo
1621 2706 1767 2758 spiritus
1795 2718 1894 2742 mens
1910 2713 1976 2753 est,
1993 2718 2056 2741 cur
2077 2718 2161 2756 apo-

1173 2763 1283 2801 stolus
1309 2761 1399 2799 dicit
1419 2775 1426 2796 :
1448 2761 1630 2798 Psallam
1657 2761 1795 2810 spiritu
1815 2771 1911 2803 meo,
1925 2758 2096 2808 psallam
2125 2766 2161 2794 et
2181 2795 2186 2812 Ι
2221 2786 2283 2813 Cor
2315 2796 2320 2813 Ι
2332 2785 2342 2804 J

1173 2820 1324 2853 mente?
1339 2814 1378 2853 Si
1401 2813 1547 2864 spiritus
1575 2826 1674 2849 mens
1693 2819 1758 2860 est,
1780 2825 1844 2848 cur
1863 2808 2051 2860 distinguit
2070 2810 2161 2846 Pau-
2180 2807 2226 2855 1:57
2289 2806 2295 2813 ’
2329 2799 2360 2821 ⁴‘

1173 2868 1228 2905 lus
1250 2867 1384 2915 dicens,
1399 2865 1582 2903 Psallam
1598 2866 1749 2916 spiritu,
1765 2863 1938 2914 psallam
1951 2870 1987 2899 et
2007 2870 2133 2899 mente
2146 2866 2162 2898 Ξ)
2204 2876 2207 2882 ’

1173 2920 1212 2958 Si
1232 2919 1378 2971 spiritus
1405 2926 1455 2955 est
1473 2931 1585 2963 mens,
1603 2930 1667 2954 eur
1691 2915 1858 2967 spiritum
1886 2914 1997 2951 alium
2027 2913 2115 2951 dicit
2143 2928 2163 2950 a

1174 2972 1313 3009 mente?
1330 2969 1401 3009 Sed
1413 2970 1512 3020 quia,
1533 2969 1713 3020 inquiunt,
1733 2968 1801 3005 hoc
1820 2981 1889 3004 non
1910 2966 2085 3013 admittis,
2101 2980 2163 3003 cx-

1173 3024 1266 3075 plica
1286 3023 1374 3074 quid
1390 3022 1533 3060 sentias.
1548 3020 1647 3068 Quid
1671 3029 1721 3058 est
1741 3019 1833 3057 illud
1853 3019 1950 3070 quod
1967 3018 2054 3056 dicit
2070 3020 2163 3056 Pau-

1175 3077 1230 3113 lus
1249 3092 1256 3112 :
1272 3077 1370 3113 Deus
1386 3074 1559 3113 custodiet
1579 3074 1735 3111 animam
1755 3081 1909 3111 vestram
1926 3081 1959 3109 et
1978 3071 2159 3123 spiritum.

1176 3128 1352 3180 Spiritum
1382 3128 1470 3165 solet
1501 3141 1628 3165 vocare
1658 3125 1840 3177 Scriptura
1873 3124 2023 3174 gratiam
2054 3122 2162 3160 sancti

2175 843 2243 873 Act.
2263 852 2290 880 7.
2306 843 2357 884 59.

2170 2362 2259 2391 Jocm.
2273 2371 2361 2402 2.t9.

1138 3201 1143 3211 ⁴
1177 3181 1344 3232 Spiritus.
1369 3182 1484 3231 Rogo,
1505 3193 1645 3217 mecum
1673 3186 1802 3215 certate
1831 3185 1865 3213 et
1892 3176 2058 3213 laborate.
2084 3175 2164 3211 Non

1177 3248 1273 3271 enim
1286 3232 1429 3271 modica
1444 3247 1498 3270 res
1509 3231 1784 3282 est,haereticam
1796 3229 1934 3280 spinam
1949 3226 2163 3264 exscindere.

1176 3288 1257 3324 Mos
1276 3295 1326 3324 est
1346 3286 1541 3337 Scripturae
1575 3284 1741 3336 spiritum
1769 3294 1896 3319 vocare
1919 3278 2070 3329 gratiam
2085 3278 2166 3329 Spi-

1178 3338 1286 3387 ritus;
1303 3339 1458 3390 exempli
1474 3351 1594 3385 causa,
1611 3336 1641 3373 si
1658 3335 1736 3385 quis
1758 3331 1906 3383 accipiat
1918 3330 2092 3389 'spiritum
2110 3344 2165 3367 sa-

1178 3390 1318 3444 pientia¹
1331 3400 1362 3429 et
1375 3391 1539 3442 spiritum
1553 3388 1704 3426 scientiae
1715 3402 1725 3435 3
1738 3386 1855 3436 ipsum
1863 3383 2019 3434 Spirltus
2032 3382 2166 3421 donum
