2481 3678
95 685 184 712 Rom.

96 2642 116 2670 Λ
124 2643 269 2669 domim-cs

95 2685 157 2710 veri
170 2685 232 2720 qui-

98 2764 261 2801 Rom.1.9.

98 2826 176 2853 stad.
196 2833 241 2854 12.
259 2833 283 2854 1.

203 695 231 724 9.
248 696 279 715 ο.

301 235 388 264 220
761 234 799 263 S.
837 232 1021 263 JoANMs
1057 229 1298 261 CHRYSOST.

294 329 362 365 qne
380 315 581 366 reprobatio
600 314 684 351 hinc
703 324 822 352 ortum
843 314 981 362 habuit,
1004 326 1137 351 necnon
1158 320 1191 349 et
1207 311 1275 348 alia
1288 340 1333 364 191

294 375 412 412 omnia
428 374 606 427 dogmata,
619 383 652 412 ct
673 383 787 413 vester
812 374 930 412 cultus
952 374 1033 411 licet
1064 386 1133 410 non
1162 380 1277 409 rectus
1298 377 1324 406 A

294 436 359 484 sit;
381 451 400 474 a
422 436 555 474 Jndaeis
568 436 663 473 enim
693 445 811 473 ortum
832 434 980 483 hahuit)
996 450 1003 470 :
1019 434 1164 473 velhaec
1180 446 1275 484 crgo,

293 497 350 535 vel
363 497 556 535 adventum
568 511 671 533 sunm
687 496 836 533 salutem
861 504 978 533 vocat.
1001 496 1078 532 Imo
1094 508 1177 532 vero
1205 507 1275 531 non

293 559 509 598 aberraverit
520 558 698 610 quispiam
709 557 737 594 si
749 557 783 595 di
789 566 840 594 cat
856 557 930 594 haec
940 556 1045 594 ambo
1061 556 1211 594 salutem
1221 570 1274 593 es-

295 620 558 669 se‚ca1nscilicct
569 633 674 669 qnam
685 633 730 655 cx
740 617 954 657 Judaeisesse
965 617 1175 664 dicitQuod
1187 618 1276 654 Pan-

294 681 349 718 lus
374 679 601 718 snbindicans
614 678 765 727 dicebat,
783 681 845 716 Ex
861 681 998 730 quibus
1024 680 1199 716 Christus
1218 692 1275 715 se-

293 744 460 780 cundum
477 755 645 786 carnem,
666 743 731 792 qui
746 749 801 778 est
810 755 922 792 super
937 743 1066 777 omnia
1078 741 1196 778 Deus.
1209 739 1275 779 Vi-

291 803 371 841 dcn'
383 802 558 854 quomodo
568 804 678 841 Vetus
691 802 857 854 praedicet
869 803 1149 850 Testamentum,
1161 815 1202 838 ac
1212 800 1275 838 bo-

292 863 672 902 norumradiccm'esse
686 863 850 911 declaret,
864 872 898 901 et
912 877 946 901 sc
958 863 1055 900 nullo
1066 862 1172 900 modo
1194 876 1275 900 con-

291 926 443 963 trarium
464 939 536 962 esse
559 925 654 976 legi?
682 924 855 975 siquidem
873 939 918 962 cx
941 923 1077 964 Jndaeis
1099 925 1273 962 honorum

292 1001 435 1025 cansam
453 986 612 1024 omnium
629 1000 703 1024 esse
720 986 821 1024 dicit.
842 987 906 1024 (25.
934 986 1009 1023 Sed
1031 988 1139 1023 venit
1161 987 1271 1033 liora,

291 1057 329 1085 et
345 1062 445 1085 nunc
458 1056 526 1092 est,
544 1048 701 1099 quando
717 1050 802 1084 veri
817 1048 1040 1084 adoratores
1055 1047 1276 1084 adorabunt

294 1110 466 1146 Patrem.
500 1108 615 1146 Vobis
645 1107 903 1159 praestantiorcs
930 1120 1065 1155 sumus,
1093 1120 1113 1143 o
1135 1107 1274 1155 mulier,

292 1167 418 1217 inquit,
440 1168 474 1204 in
493 1166 663 1204 adorandi
681 1165 785 1203 modo
801 1181 808 1201 :
827 1180 953 1203 verum
972 1165 1031 1202 hic
1043 1166 1159 1203 cultus
1177 1165 1276 1203 dein-

292 1242 371 1279 ceps
392 1228 496 1264 {inem
518 1226 672 1263 habebit.
690 1227 768 1263 Non
795 1225 888 1263 enim
913 1225 1011 1262 locus
1040 1234 1188 1273 tantum,
1215 1225 1276 1263 sed

289 1288 395 1325 otiam
415 1287 540 1325 modus
554 1287 689 1324 colendi
705 1286 922 1324 mutabitur:
940 1296 973 1324 ct
985 1286 1060 1324 haec
1070 1286 1115 1325 ad
1134 1288 1274 1339 januam

290 1358 383 1386 sunt.
401 1351 423 1386 J
428 1351 511 1387 'enit
530 1348 623 1387 enini
643 1350 753 1395 liora,
771 1357 806 1387 et
825 1361 925 1387 nunc
938 1356 1006 1386 est.

344 1782 381 1817 Q.
401 1779 494 1825 Quia
509 1778 603 1815 onim
627 1775 804 1829 prophetae
820 1775 931 1813 multo
945 1784 1024 1813 ante
1045 1784 1199 1827 tempore
1215 1775 1272 1813 lo—
1295 1778 1319 1809 C

291 1841 394 1891 qunti
407 1849 500 1889 sunt,
520 1839 556 1876 id
572 1839 638 1876 hoc
658 1838 733 1875 loco
753 1837 877 1874 tollens
892 1836 994 1886 dicit,
1018 1838 1072 1874 Et
1087 1851 1187 1874 nune
1206 1845 1273 1874 est.

295 1904 348 1939 Nc
364 1911 475 1953 putes,
503 1900 629 1950 inquit,
656 1900 748 1936 hanc
772 1897 995 1950 prophetiam
1014 1907 1092 1949 post
1121 1897 1276 1935 multum

295 1972 432 2014 tempus
452 1961 670 2014 implendam
686 1974 782 1997 csse:
804 1973 858 1996 res
872 1959 965 1996 enim
978 1959 1095 2006 instat,
1115 1968 1149 1996 et
1166 1959 1201 1996 in
1221 1960 1275 2011 ja-

295 2026 373 2063 nuis
400 2034 464 2073 cst,
498 2024 662 2075 Quando
690 2024 776 2059 veri
802 2022 1026 2058 adoratores
1056 2022 1276 2058 adorabunt

295 2089 452 2124 Patrem
466 2089 508 2123 in
535 2087 671 2137 spiritu
688 2093 723 2121 et
740 2085 916 2120 veritate.
938 2082 1029 2119 Cum
1049 2081 1143 2119 dixit
1162 2096 1276 2129 veros,

294 2162 375 2185 cum
389 2146 620 2186 Samaritanis
635 2145 778 2185 Judaeos
793 2143 941 2195 repulit;
961 2143 1098 2181 etiamsi
1117 2144 1210 2181 enim
1224 2144 1278 2181 illi

294 2209 362 2246 sint
376 2209 431 2246 his
450 2209 625 2257 meliorcs7
647 2206 805 2245 venturis
824 2214 938 2242 tamen
959 2204 1061 2255 longe
1085 2214 1166 2242 sunt
1185 2205 1277 2242 infe-

293 2270 415 2317 riores,
446 2279 479 2307 ct
506 2277 678 2319 quantum
702 2267 831 2305 veritas
852 2266 967 2316 figura
987 2265 1111 2303 melior
1136 2275 1197 2303 cst.
1225 2268 1277 2304 De

294 2330 454 2368 Ecclesia
471 2344 554 2368 vero
575 2328 745 2379 loquitur,
761 2327 843 2377 qnia
862 2340 944 2365 vera
972 2328 1116 2377 Deoque
1135 2340 1277 2364 consen-

294 2402 393 2430 tanea
421 2390 580 2429 adoratio
605 2390 667 2427 illa
691 2389 767 2441 ipsa
795 2397 857 2426 est.
892 2389 996 2425 Nam
1030 2389 1151 2425 Pater
1179 2388 1277 2426 tales

293 2458 429 2507 φαεν-ιι
454 2455 690 2491 adoratores.
712 2449 809 2501 Ergo
825 2449 854 2487 si
870 2448 956 2486 tales
975 2448 1156 2499 quaerebat
1176 2478 1186 2497 ,
1207 2462 1277 2486 non

293 2531 338 2554 ex
357 2516 537 2554 voluntate
547 2512 691 2566 propria
710 2511 784 2548 illis
803 2510 889 2548 olim
903 2510 1011 2548 talem
1023 2510 1194 2548 concessit
1205 2523 1278 2548 mo-

294 2576 395 2624 dum,
413 2575 473 2612 scd
492 2589 537 2612 ex
555 2572 788 2624 indulgentia,
804 2581 842 2609 ut
869 2571 933 2608 hos
950 2571 1055 2608 etiam
1078 2570 1279 2609 introduce-

296 2646 359 2674 ret.
374 2636 529 2682 Quinam
545 2648 627 2685 ergo
642 2642 722 2671 sunt
731 2632 804 2672 veri
816 2631 1016 2669 adoratores
1028 2631 1045 2669 ἱ)
1060 2631 1131 2677 Qui
1142 2632 1279 2670 cultum

298 2712 366 2735 non
381 2697 456 2734 loco
475 2694 779 2743 circumscrilmnt‚
809 2707 849 2730 ac
880 2695 996 2730 Deum
1016 2693 1051 2730 in
1072 2693 1200 2744 spiritu
1220 2707 1278 2731 co-

297 2760 389 2808 lunt3
408 2757 498 2794 sicut
509 2765 541 2793 ct
571 2755 703 2792 Paulus
722 2755 796 2791 ait:
821 2755 894 2792 Cui
920 2756 1043 2791 servio
1071 2756 1112 2790 in
1142 2756 1279 2805 spiritu

299 2834 394 2866 meo,
409 2822 450 2856 in
465 2817 664 2868 evangelio
681 2817 776 2852 Filii
791 2818 893 2867 ejus,·
909 2823 942 2852 et
958 2815 1099 2862 iterum,
1114 2817 1278 2852 Obsecro

297 2896 382 2929 vos,
402 2891 441 2918 ιιι
458 2880 670 2917 exhibeatis
691 2890 852 2928 corpora
878 2885 1011 2914 vestra
1027 2878 1195 2914 hostiam
1218 2878 1278 2913 vi-

299 2951 462 2988 ventem,
504 2941 589 2978 Deo
626 2938 855 2989 placentem,
899 2938 1133 2975 rationabile
1175 2940 1280 2975 obse-

298 3007 430 3055 quium
447 3009 631 3039 vestrum.
655 2999 745 3035 Cum
764 3006 882 3034 antem
905 2998 1004 3046 dicit,
1024 2999 1086 3036 24.
1116 2999 1278 3049 Spiritus

296 3073 352 3102 est
366 3065 485 3109 Deus,
501 3060 592 3098 nihil
607 3057 706 3096 aliud
725 3071 831 3108 qnam
861 3057 1104 3108 incorporeum
1134 3057 1277 3109 signifi—

297 3135 365 3164 cat.
392 3126 540 3176 Oportet
557 3121 667 3173 igitur
683 3119 877 3170 incorporei
895 3119 1030 3155 cultum
1041 3119 1148 3156 ctiam
1173 3119 1277 3155 taleni

296 3202 382 3235 esse,
401 3196 434 3225 ct
451 3200 514 3239 per
534 3184 570 3221 id
591 3182 687 3234 qnod
707 3181 953 3232 incorporeum
978 3181 1013 3218 in
1038 3181 1138 3218 nobis
1159 3191 1209 3218 cst
1226 3182 1279 3218 of-

297 3255 378 3293 ferri
389 3269 399 3303 ,
420 3253 456 3291 id
474 3261 536 3301 est,
551 3265 613 3302 pei·
631 3249 786 3287 animam
805 3256 836 3285 et
856 3262 917 3299 per
931 3248 1058 3285 inentis
1072 3248 1273 3298 puritatem.

342 3374 357 3397 ⁸¹
376 3371 487 3404 Morel.
507 3373 555 3405 οὖν
572 3374 709 3412 λογισμὸν
725 3374 808 3405 τέως.

340 3437 352 3450 ⁴⁴
371 3423 430 3458 Alii
448 3430 543 3466 εἰπὼν,
560 3427 682 3465 ἀληθείᾳ
699 3424 730 3455 οι)
747 3422 926 3460 cwig-3622&

1346 210 1543 257 Ancum.
1583 227 1934 259 consummov.

1349 310 1428 359 τικῇ
1445 308 1600 358 δυνάμει.
1618 308 1720 346 Ἐπεὶ
1740 303 1822 346 ιὀὖν
1836 312 1905 347 τῶν
1917 308 2081 346 τοιούτων
2095 310 2270 361 λογισμῶν
2288 312 2371 355 τέως

1349 368 1544 415 ἀπέστησεν
1559 367 1680 413 εἰπὼν,
1696 367 1890 406 Πίστευσόν
1908 384 1990 420 μοι,
2003 369 2125 421 γύναι,
2145 370 2203 408 καὶ
2221 371 2265 409 τὰ
2282 371 2370 417 ἑξῆς,

1347 428 1492 480 ἐπάγει·
1509 427 1596 466 υΟτι
1619 432 1640 474 ἡ
1671 428 1826 480 σωτηρία
1854 431 1893 467 ἐκ
1913 433 1981 468 τῶν
2003 429 2178 468 Ἰουδαίων
2196 430 2300 469 ἐστίν.
2321 431 2371 469 txO

1347 489 1381 527 δὲ
1410 489 1524 540 λέγει,
1552 488 1704 526 τοιοῦτόν
1725 491 1819 526 ἐστιν
1832 505 1839 512 ·
1869 489 1891 536 ἢ
1921 489 1974 527 ὅτι
1993 490 2037 527 τὰ
2057 491 2170 541 ἀγαθὰ
2188 494 2230 542 τῇ
2253 493 2368 529 οἰκου-

1346 549 1434 601 μένῃ
1452 553 1578 588 ἐκεῖθεν
1596 549 1714 601 γέγονε
1731 549 1743 600 (
1758 550 1797 587 τὸ
1814 548 1881 601 γὰρ
1898 550 2025 588 εἰδέναι
2043 551 2150 599 Θεὸν,
2170 551 2228 589 καὶ
2248 551 2287 589 τὸ
2303 567 2370 589 κα-

1347 611 1575 662 ταγινώσκειν
1591 611 1756 657 εἰδώλων,
1790 612 1919 648 ἐκεῖθεν
1942 610 2006 657 τὴν
2031 611 2143 663 ἀρχὴν
2169 611 2290 663 ἔσχεν·
2311 613 2370 650 καὶ

1346 672 1389 709 τὰ
1405 671 1495 709 ἄλλα
1515 672 1630 709 πάντα
1648 672 1823 722 δόγματα,
1834 670 1894 725 καὶ
1904 673 1987 722 παρ’
2007 674 2088 721 ὑμῖν
2106 672 2141 709 δὲ
2158 673 2241 710 αὐτὸ
2256 672 2370 718 τὸτῆς

1346 731 1628 783 προσκυνήσεως,
1649 734 1679 769 εἰ
1699 731 1756 769 καὶ
1787 730 1836 782 μὴ
1859 733 1966 783 ὀρθῶς
1980 761 1989 779 ,
2010 732 2079 769 ἀπὸ
2102 735 2184 782 γοῦν
2200 735 2268 770 τῶν
2285 733 2370 771 Ἰου-

1346 793 1450 831 δαίων
1467 794 1530 841 τὴν
1550 794 1663 846 ἀρχὴν
1679 793 1782 831 ἔλαέε
1793 794 1806 844 )
1818 809 1825 816 ·
1843 793 2018 844 σωτηρίαν
2033 787 2091 830 οὖν
2108 793 2130 839 ἢ
2145 798 2254 832 ταῦτα
2269 794 2291 840 ἢ
2305 793 2368 840 τὴν

1346 856 1468 892 ἑαυτοῦ
1485 854 1675 906 παρουσίαν
1687 855 1785 891 καλεῖ
1801 869 1809 876 ·
1827 855 1958 904 μᾶλλον
1977 853 2011 892 δὲ
2028 855 2090 891 οὐκ
2105 853 2145 891 ἄν
2157 869 2208 897 τις
2220 853 2370 905 ἁμάρτοι

1346 916 1525 968 ἀμφότερα
1551 920 1661 954 ταῦτα
1690 915 1865 968 σωτηρίαν
1891 917 2020 960 καλῶν,
2046 915 2088 961 ἣν
2118 909 2213 953 εἶπεν
2235 916 2275 952 ἐκ
2300 919 2368 953 τῶν

1345 977 1521 1015 Ἰουδαίων
1556 971 1655 1015 εἶναι.
1677 975 1796 1028 ΕΌπερ
1827 976 1886 1013 καὶ
1917 978 1934 1013 ὁ
1966 977 2106 1018 Παῦλος
2137 975 2371 1026 αἰνιττόμενος

1345 1036 1461 1088 ἔλεγεν
1479 1053 1486 1060 ·
1509 1036 1571 1081 Ἐξ
1599 1032 1646 1074 ῶν
1663 1040 1681 1075 ὁ
1702 1035 1851 1089 Χριστὸς
1873 1035 1912 1073 τὸ
1933 1036 2024 1074 κατὰ
2053 1036 2187 1088 σάρκα,
2208 1040 2225 1074 ὅ
2245 1036 2292 1073 ὢν
2313 1037 2369 1073 ἐπὶ

1346 1097 1484 1135 πάντων
1502 1097 1602 1140 Θεός.
1620 1097 1726 1149 εΟρᾷς
1743 1101 1817 1140 πῶς
1835 1103 2018 1149 συγκροτεῖ
2036 1096 2099 1144 τὴν
2118 1096 2293 1144 Παλαιὰν,
2310 1097 2369 1135 καὶ

1348 1157 1480 1209 ῥίζαν
1463 1158 1614 1196 οείκνυσι
1630 1160 1697 1195 τῶν
1716 1160 1866 1208 ἀγαθων,
1887 1159 1946 1196 καὶ
1964 1158 2020 1195 δια
2036 1158 2176 1196 πάντων
2192 1159 2254 1196 οὐκ
2271 1161 2370 1196 ἐναν-

1345 1217 1416 1255 τίον
1436 1218 1518 1255 ὄντα
1536 1221 1586 1270 τῷ
1605 1218 1724 1269 νόμῳ·
1716 1247 1726 1265 ,
1759 1217 1830 1268 εἴγε
1853 1219 1892 1255 ἐκ
1913 1219 1982 1255 τῶν
2000 1217 2176 1256 Ἰουδαίων
2196 1218 2260 1265 τὴν
2281 1219 2369 1256 ὑπό-

1345 1282 1438 1317 θεσιν
1459 1282 1547 1316 εἰναι
1568 1279 1708 1317 πάντων
1732 1280 1800 1315 τῶν
1818 1280 1957 1326 ἀγαθων
1978 1293 2094 1329 φησιν.
2115 1278 2205 1316 Ἀλλ’
2231 1279 2369 1330 ἔρχεται

1344 1338 1436 1391 ωρα,
1452 1340 1511 1378 καὶ
1526 1356 1585 1377 νυν
1601 1342 1708 1386 ἐστιν,
1722 1338 1778 1378 ο’τε
1791 1341 1822 1376 οἱ
1839 1338 1994 1386 ἀληθινοὶ
2008 1354 2248 1390 προσκυνηται
2263 1356 2369 1401 προσ

1342 1400 1531 1447 κυνησουσι
1560 1403 1610 1438 τῶ
1642 1400 1769 1452 Πατρί.
1799 1401 2084 1450 Πλεονεκτουμεν
2119 1400 2180 1451 μὲν
2202 1402 2311 1450 ὑμῶν,
2340 1403 2368 1438 ὠ

1342 1461 1461 1512 γύναι,
1491 1461 1575 1513 φησὶ
1593 1491 1601 1510 ,
1639 1478 1688 1513 τῳ
1720 1460 1839 1536 τρρπι)
1869 1477 1931 1507 της
1959 1461 2246 1512 προσκυνήσεως·
2276 1461 2369 1508 πλὴν

1344 1522 1432 1559 ἀλλὰ
1452 1522 1509 1559 καὶ
1528 1525 1624 1565 οὗτος
1644 1522 1773 1565 τέλος
1762 1521 1828 1566 ε’ξει
1846 1520 2058 1559 λοιπόν.οὐ
2074 1521 2142 1573 γὰρ
2158 1521 2202 1559 τὰ
2218 1538 2286 1559 των
2307 1523 2368 1560 τό-

1342 1597 1417 1620 πων
1437 1583 1689 1635 ἀμειφΟήσεται
1711 1582 1827 1633 μόνον,
1846 1582 1935 1620 ἀλλὰ
1950 1582 2008 1619 καὶ
2025 1582 2069 1619 τὰ
2085 1598 2142 1620 του
2162 1581 2291 1634 τρόπου
2306 1599 2369 1629 της

1342 1643 1503 1695 λατρείας
1515 1660 1522 1667 ·
1540 1644 1724 1682 καὶταῦτα
1739 1644 1797 1682 ἐπὶ
1812 1645 1930 1695 θύραις
1947 1642 2286 1695 ἑ’στηκεν.’Έρχεται
2301 1645 2367 1695 γὰρ

1344 1704 1418 1756 ὥρα
1432 1735 1442 1753 ,
1459 1705 1518 1742 καὶ
1534 1709 1592 1742 νῦν
1613 1707 1719 1744 ἐστιν.

1399 1765 1546 1812 Ἐπειδὴ
1562 1766 1629 1818 γὰρ
1652 1769 1683 1805 οἱ
1700 1769 1878 1819 προφῆται
1897 1767 1964 1820 πρὸ
1985 1769 2128 1819 μακρῶν
2149 1766 2265 1819 ἔλεγον
2282 1768 2368 1819 χρό-

1346 1843 1411 1864 νων
1441 1827 1530 1878 ἅπερ
1553 1828 1682 1878 ἔλεγον,
1708 1831 1809 1865 τοῦτο
1834 1830 1984 1879 ἀναιρῶν
2005 1829 2153 1865 ἐνταῦθα
2180 1822 2278 1875 εἶπε,
2300 1828 2369 1866 Καὶ

1346 1892 1405 1925 νῦν
1426 1889 1512 1926 ἐστι.
1536 1888 1596 1934 Μὴ
1619 1887 1785 1940 νομίσῃς,
1812 1888 1916 1940 φησὶ,
1936 1887 2066 1936 ταύτην
2087 1888 2250 1936 τοιαύτην
2282 1883 2369 1926 εἶναι

1347 1949 1410 1995 τὴν
1437 1948 1649 2001 προφητείαν
1670 1951 1717 1992 ὡς
1748 1950 1836 1999 μετὰ
1870 1948 1979 1987 πολὺν
2007 1949 2213 2000 γενήσεσθαι
2234 1949 2369 2001 χρόνον.

1347 2011 1403 2049 Τὰ
1415 2011 1482 2063 γὰρ
1496 2010 1689 2062 πράγματα
1702 2010 1889 2062 ἐφέστηκεν
1902 2011 2049 2057 ἤδη,καὶ
2062 2010 2119 2048 ἐπὶ
2133 2010 2249 2063 θύραις
2264 2010 2370 2057 ἐστὶν,

1346 2071 1436 2110 “Ore
1455 2075 1485 2110 οἱ
1502 2071 1657 2119 ἀληθινοὶ
1676 2072 1914 2124 προσκυνηταὶ
1933 2071 2212 2124 προσκυνήσουσι
2229 2074 2278 2122 τῷ
2294 2072 2371 2108 Πα-

1347 2133 1402 2185 τρὶ
1420 2135 1455 2170 ἐν
1471 2132 1646 2183 πνεύματι
1660 2134 1719 2171 καὶ
1736 2133 1892 2185 ἀληΟείᾳ.
1911 2132 2055 2172 ὓΕἶπὼν
2076 2131 2274 2181 ἀληθινοὺς,
2291 2147 2370 2169 συν-

1347 2194 1487 2238 εξέόαλε
1515 2194 1752 2246 Σαμαρείταις
1772 2194 1966 2238 Ἰουδαίους.
1997 2196 2041 2232 Εἰ
2060 2194 2125 2246 γὰρ
2153 2193 2212 2231 καὶ
2231 2194 2369 2231 ἐκείνων

1348 2256 1509 2307 ἀμείνους
1529 2251 1635 2301 οὗτοι,
1647 2257 1736 2294 ἀλλὰ
1754 2260 1821 2294 τῶν
1840 2256 2035 2306 μελλόντων
2052 2257 2216 2299 ἐλάττους
2231 2257 2367 2307 πολλῷ,

1348 2319 1406 2357 καὶ
1421 2322 1598 2364 τοσοῦτον,
1619 2318 1697 2356 ὅσον
1719 2318 1880 2364 ἀληθείας
1897 2318 2014 2361 τύπος.
2034 2318 2139 2369 Λέγει
2155 2317 2189 2354 δὲ
2209 2317 2289 2368 περὶ
2309 2320 2370 2362 τῆς

1349 2380 1582 2428 Ἐκκλησίας,
1599 2379 1652 2417 ὅτι
1666 2383 1687 2426 ἡ
1706 2379 1837 2427 ἀληθὴς
1853 2380 2087 2430 προσκύνησις
2103 2379 2161 2417 καὶ
2181 2382 2262 2431 Θεῷ
2282 2380 2368 2430 πρέ-

1348 2457 1461 2481 πουσα
1481 2441 1567 2487 αὕτη
1586 2441 1691 2479 ἐστίν.
1713 2441 1781 2478 Καὶ
1799 2441 1865 2492 γὰρ
1894 2443 1910 2478 ὁ
1929 2440 2054 2492 Πατὴρ
2071 2440 2244 2483 τοιούτους
2275 2443 2369 2486 ζητεῖ

1348 2503 1426 2547 τοὺς
1445 2507 1721 2556 προσκυνοῦντας
1739 2502 1852 2541 αὐτόν.
1871 2505 2008 2541 Οὐκοῦν
2031 2504 2061 2539 εἰ
2080 2500 2280 2545 ι’τοιούτους
2299 2503 2367 2539 πά-

1348 2568 1406 2604 λαι
1438 2566 1572 2613 ἐζήτει,
1600 2568 1637 2603 οὐ
1671 2565 1877 2617 βουλόμενος
1905 2564 2046 2607 ἐκείνοις
2066 2563 2288 2616 συνεχώρησε
2311 2566 2368 2603 τὸν

1348 2629 1491 2681 τρόπον,
1519 2628 1608 2665 ἀλλὰ
1636 2625 1935 2678 συγκαταὸαίνων,
1953 2625 2011 2663 καὶ
2031 2624 2087 2662 διὰ
2112 2629 2214 2663 τοῦτο
2234 2625 2290 2663 ἵνα
2310 2625 2369 2664 καὶ

1348 2690 1488 2732 τούτους
1509 2689 1691 2740 εἰσαγάγῃ.
1707 2688 1808 2730 Τίνες
1824 2681 1881 2724 οὖν
1896 2688 1981 2724 εἰσιν
1997 2688 2027 2723 οἱ
2043 2686 2198 2732 ἀληθινοὶ
2216 2702 2369 2738 προσκυ-

1350 2752 1525 2800 νηταίςΟἱ
1542 2752 1631 2801 μήτε
1646 2748 1742 2801 τόπῳ
1763 2747 2016 2799 περικλείοντες
2033 2747 2095 2793 τὴν
2110 2747 2292 2798 λατρείαν,
2311 2748 2370 2785 καὶ

1350 2814 1439 2853 Θεὸν
1460 2815 1495 2850 ἐν
1514 2811 1686 2861 πνεύματι
1704 2808 1949 2861 Οεραπεύοντες
1963 2823 1971 2831 ·
1992 2807 2104 2851 καθὼς
2120 2808 2178 2845 καὶ
2194 2811 2211 2846 ὁ
2230 2808 2370 2852 Παῧλός

1351 2890 1467 2928 φησιν·
1483 2867 1534 2927 ῗῼ
1548 2870 1705 2923 λατρεύω
1721 2871 1755 2907 ἓν
1774 2871 1823 2921 τῷ
1840 2868 2015 2919 πνεύματί
2036 2883 2115 2919 μου,
2136 2870 2170 2905 ἐν
2190 2871 2239 2920 τῷ
2264 2871 2368 2921 εὐαγ-

1350 2936 1454 2988 γελίῳ
1481 2938 1540 2972 τοῦ
1565 2935 1650 2971 Υἷοῧ
1671 2933 1774 2969 αὐτοῦ
1789 2946 1796 2953 ·
1826 2931 1884 2968 καὶ
1905 2929 2021 2977 πάλιν,
2045 2931 2249 2981 Παρακαλῶ
2280 2933 2370 2981 ὑμᾶς

1349 2999 1573 3049 παραστῆσαι
1593 2994 1636 3032 τὰ
1660 2992 1810 3043 σώματα
1827 2993 1923 3042 ὑμῶν
1946 2990 2064 3028 Θυσίαν
2095 2993 2223 3039 ζῶσαν,
2246 2992 2369 3044 εὐάρε-

1351 3074 1430 3097 στον
1457 3060 1507 3109 τῷ
1524 3058 1627 3108 Θεῷ,
1644 3053 1706 3100 τὴν
1725 3052 1867 3104 λογικὴν
1887 3052 2049 3104 λατρείαν
2069 3054 2178 3103 ὑμῶν.
2200 3051 2313 3091 ‘'va
2333 3053 2368 3090 δὲ

1350 3121 1432 3172 εἴπῃ
1448 3148 1457 3166 ,
1478 3119 1625 3167 Πνευμα
1639 3117 1657 3152 ὁ
1675 3113 1786 3161 Οεος,
1807 3113 1902 3151 οὐοὲν
1925 3114 2010 3151 ἄλλο
2030 3114 2147 3161 δηλοῖ,
2164 3113 2186 3160 ἢ
2211 3113 2249 3150 τὸ
2272 3114 2370 3151 ἀσω-

1353 3196 1475 3232 ματον.
1506 3181 1567 3217 Δεῖ
1591 3177 1704 3216 τοίνυν
1734 3191 1794 3212 του
1828 3173 2014 3224 ἀσωμάτου
2040 3191 2098 3212 και
2125 3174 2187 3220 τὴν
2206 3175 2373 3225 λατρείαν

1351 3242 1515 3287 τοιαύτην
1533 3244 1642 3287 εἶναι,
1658 3254 1716 3276 και
1740 3237 1796 3274 δια
1819 3239 1877 3273 τοῦ
1899 3237 1932 3273 ἐν
1948 3239 2031 3286 ἡμῖν
2053 3236 2240 3286 ἀσιιωάτου
2261 3252 2367 3287 προσ-

1410 3364 1424 3386 b
1442 3359 1554 3394 Murci.
1574 3360 1702 3395 τούτους.
