2522 3683
149 388 230 415 Iltitl.

153 708 274 736 [ΜΔΝ.
293 707 338 738 ι3.

163 1393 241 1421 Ibid.
262 1405 286 1421 v.
299 1393 343 1430 14.

178 2809 265 2837 Psal.
279 2803 366 2846 θές-8·

181 2968 365 2999 llebr.3.13.

350 181 443 238 982

348 274 437 326 quid
456 273 525 312 sibi
540 272 622 312 vult
636 271 696 309 illa
718 269 875 309 dilatio?
901 269 920 309 J
927 275 1026 305 ustus
1043 276 1110 317 est,
1131 266 1231 305 novit
1253 279 1328 317 pec-

349 336 525 376 catorem,
546 324 647 362 fortis
667 333 736 368 est,
756 331 869 375 potest
887 319 1095 359 sententiam
1113 333 1216 370 opere
1235 332 1331 356 com-

352 380 448 431 plere
468 395 475 415 z
494 393 557 416 cur
576 391 659 428 ergo
684 385 869 414 cunctatur
882 375 898 411 ἱ)
922 375 1028 410 Deus
1040 372 1164 424 judex
1176 373 1329 423 justus,

347 434 466 483 sortis
493 440 529 468 et
556 432 802 481 longanimis.
827 426 996 478 Explicat
1026 438 1110 463 vero
1141 423 1231 474 quid
1266 422 1334 460 sibi

352 484 438 522 velit
454 483 811 533 illud,Longanimis
824 496 830 516 ε
845 481 947 517 lVlcm
963 478 1133 530 inserens
1153 480 1252 514 iram
1266 489 1336 527 per

355 537 527 588 singulos
544 537 651 573 dies?
677 533 817 572 Modica
846 541 894 569 cst
912 531 1110 568 dictionum
1141 528 1332 580 transposi-

355 589 404 626 tio
421 604 427 624 :
450 590 554 626 Num
576 603 635 639 pel·
661 587 832 637 singulos
846 586 926 621 dies
946 585 1045 620 iram
1072 584 1267 634 inserens?
1288 582 1336 618 Ut

350 655 435 679 vero
461 641 550 679 scias
568 655 648 677 eum
671 640 749 676 ideo
771 638 932 683 differre,
951 634 1050 684 quod
1068 642 1244 685 exspectet
1263 648 1337 685 poe-

353 694 539 731 nitentiam
554 702 651 730 tuam
667 707 674 727 ε
692 693 780 728 Nisi
799 690 973 726 conversi
991 689 1154 739 fueritis
1167 716 1178 732 ,
1197 686 1333 736 inquit,

349 748 525 797 gladium
541 759 652 783 suum
666 744 853 780 vibrabit.
872 742 964 779 Nisi
977 740 1332 790 conversi-fueritis.

352 799 448 849 Ergo
468 799 498 835 si
519 806 766 835 convertamur
779 825 788 841 ,
809 808 878 831 non
895 793 1015 830 statim
1034 792 1176 844 plagam
1194 790 1336 842 experi-

352 865 443 887 mur.
460 850 527 889 Vis
546 850 612 887 Dei
632 861 810 886 suminam
827 845 1048 883 elementiam
1065 843 1216 881 videre?
1242 843 1339 880 Gla-

351 904 459 940 dium
474 916 586 939 suum
604 902 788 939 vibrabit.
806 898 973 936 Nondum
991 896 1103 943 dixit,
1128 895 1251 933 Gladii
1265 895 1339 932 acie

352 964 491 1005 utetur,
522 954 600 1002 scd,
627 955 823 1001 Vibrabit,
849 961 888 989 ut
909 949 1019 1002 gladii
1039 950 1215 998 fulgorem
1237 947 1336 998 aspi-

352 1008 465 1057 ciens,
484 1007 628 1059 plagam
646 1004 849 1058 poenitentia
870 1011 1074 1055 praevertas.
1098 1001 1251 1050 Fulgore
1270 1009 1339 1036 ter-

351 1069 424 1107 ret,
444 1074 513 1097 non
531 1057 636 1097 secat.
660 1060 911 1109 Compescatur
930 1055 1036 1091 timor
1056 1069 1063 1089 z
1086 1053 1232 1104 plagam
1248 1066 1339 1103 prae-

351 1122 467 1151 vertat
482 1111 687 1163 poenitentia
703 1119 775 1147 tua.
794 1110 913 1157 thue
926 1105 1064 1145 Judieis
1079 1118 1226 1156 scopum
1240 1118 1339 1155 pror—

353 1178 412 1202 sus
435 1178 622 1215 cognoscas
638 1162 807 1200 :Arcam
829 1173 941 1198 suam
958 1159 1116 1196 tetendit
1132 1166 1167 1194 et
1183 1158 1340 1208 paravit

354 1218 480 1254 illum.
498 1218 551 1254 Et
571 1219 611 1253 in
632 1230 675 1252 eo
692 1216 848 1266 paravit
868 1225 968 1249 vasa
989 1212 1134 1247 mortis.
1157 1211 1283 1246 Annon
1301 1208 1341 1246 id.

354 1270 487 1307 suflicit
504 1269 549 1306 ad
570 1268 766 1306 terrorem?
787 1279 901 1303 annon
916 1264 1018 1301 illum
1033 1276 1193 1299 sermone
1207 1261 1342 1298 deseri—

355 1322 447 1374 psit,
466 1322 527 1373 qui
550 1321 776 1372 incorporeus
797 1318 874 1356 est?
888 1316 1041 1354 Arcum
1057 1328 1169 1353 suum
1183 1315 1343 1351 tetendit

357 1383 393 1412 et
404 1377 561 1426 paravit
573 1375 695 1411 illum.
709 1374 761 1409 Et
778 1374 819 1408 in
839 1384 882 1407 eo
894 1370 1050 1421 paravit
1065 1381 1164 1404 vasa
1181 1369 1313 1403 mortis
1330 1381 1341 1401 .-

358 1430 520 1478 sagittas
536 1440 626 1464 suas
644 1426 868 1463 ardentibus
888 1423 1035 1474 effecit.
1061 1419 1128 1456 Hie
1147 1433 1210 1456 eeu
1229 1419 1345 1470 pictor

359 1479 506 1530 quidam
525 1479 690 1518 ,Iudicem
720 1477 766 1514 ol)
790 1476 910 1514 oculos
938 1472 1069 1525 posuit.
1103 1471 1227 1521 Cogita
1257 1470 1347 1508 mihi

359 1542 498 1570 tensum
525 1546 666 1579 arcum,
699 1538 839 1581 paratas
869 1539 1015 1574 manus,
1047 1524 1197 1561 alteram
1223 1537 1346 1561 areum

359 1585 565 1637 pellentem,
582 1584 729 1621 alteram
748 1580 917 1619 chordam
938 1578 1136 1616 trahentem
1148 1606 1159 1625 ,
1182 1576 1347 1626 sagittam

359 1651 444 1676 vero
468 1634 779 1685 ext1·e111is‡(ligitis
813 1648 833 1670 a
853 1631 981 1672 ,Iudice
998 1630 1187 1667 detentam.
1209 1629 1348 1666 Tensus

361 1699 412 1727 est
433 1704 535 1726 arcus
551 1720 560 1737 ,
583 1690 693 1726 telum
715 1696 880 1739 paratum
896 1714 906 1733 ,
929 1682 1049 1722 Judex
1076 1680 1275 1732 expeditus.
1296 1682 1349 1718 Ne

361 1756 484 1779 areum
510 1740 750 1785 contemseris,
773 1738 906 1789 quippe
926 1736 985 1786 qui
1004 1744 1128 1791 tensus·
1143 1733 1189 1770 sit
1207 1749 1214 1769 :
1236 1747 1349 1782 neque

1298 185 1474 215 SPURtA.

1400 267 1462 311 τ’ῆς
1482 262 1656 308 ἀναὸολῆς
1676 265 1744 300 τῶν
1760 260 2023 314 ἁμαρτημάτων
2043 261 2083 299 τὸ
2103 261 2233 309 αἴτιον,
2256 260 2306 303 τίς
2322 264 2344 307 ἡ
2360 264 2423 306 τῆς

1400 315 1571 368 τιμωρίας
1591 314 1768 361 ἀναδολή,
1796 313 1938 357 Δίκαιός
1957 316 2049 351 ἐστιν
2062 344 2071 360 ,
2092 307 2161 351 οἶδε
2179 312 2236 351 τὸν
2260 313 2423 364 ἁμαρτά-

1402 384 1523 406 νοντα·
1546 367 1686 421 ἷσχυρόως
1705 368 1811 413 ἐστιν,
1832 368 2018 416 ἐπαγαγεῖν
2039 365 2180 403 δύναται
2199 369 2241 417 τῇ
2261 365 2366 417 ψήφῳ
2385 365 2424 402 τὸ

1402 421 1513 464 τέλος.
1546 420 1611 462 Τίς
1640 423 1696 456 οὐν
1725 423 1747 465 ἦ
1775 422 1836 465 τῆς
1856 418 2028 465 ἀναὸολῆς
2045 417 2157 464 αἰτία,
2177 416 2221 456 ‘O
2241 418 2329 460 Θεὸς
2348 433 2423 468 κρι-

1403 473 1465 520 τὴς
1486 472 1628 519 δίκαιος,
1646 470 1705 509 καὶ
1720 471 1871 522 ἰσχυρὸς,
1892 471 1952 508 καὶ
1968 470 2198 523 μακρόθυμος.
2223 470 2292 508 Καὶ
2312 471 2426 522 ἑρμη-

1403 525 1492 564 νεύει
1518 524 1552 562 τί
1582 524 1646 571 τὸ,
1678 524 1927 576 Μακρόθυμος·
1961 522 2021 570 Μὴ
2055 523 2159 574 ὀργὴν
2185 522 2324 573 ἐπάγων
2350 523 2426 558 καθ’

1406 579 1557 623 ἑκάστην
1577 576 1733 629 ἡμέραν,
1754 575 1889 627 Μικρόν
1918 576 1994 613 ἔστι
2014 575 2105 613 κατὰ
2126 574 2189 621 τὴν
2212 574 2302 619 λέξιν
2319 576 2426 625 ὓπερ-

1406 629 1511 669 Εατόν
1525 646 1532 653 ·
1554 629 1613 675 Μὴ
1635 628 1712 666 καθ’
1733 627 1883 674 ἑκάστην
1903 627 2039 680 ἡμέραν
2058 627 2162 679 ὀργὴν
2179 627 2337 678 ἐπάγων,
2360 628 2428 664 Καὶ

1405 683 1463 721 ἵνα
1489 685 1577 734 γνῷς
1603 681 1723 733 ὅτιπερ
1745 684 1766 726 ἡ
1796 680 1950 727 ἀναέολὴ
1979 684 2041 727 τῆς
2068 679 2237 731 τιμωρίας
2264 679 2430 730 ἀναμένει

1409 751 1469 774 σου
1488 735 1550 781 τὴν
1567 734 1763 785 μετάνοιαν,
1785 732 1872 771 Ἐὰν
1893 733 1941 783 μὴ
1963 734 2212 785 ἐπιστραφῆτε,
2234 732 2338 782 φησὶ,
2366 733 2428 778 τὴν

1410 788 1584 840 ῥομφαίαν
1613 788 1719 824 αὐτοῦ
1753 784 1954 823 στιλὸώσει.
1987 785 2071 823 Ἐὰν
2101 784 2148 834 μὴ
2179 786 2429 836 ἐπιστραφῆτε.

1410 843 1544 878 Οὐκοῦν
1566 839 1624 877 ἐὰν
1646 838 1909 890 ἐπιστρέψωμεν
1925 868 1934 885 ,
1954 840 2014 875 οὐκ
2036 836 2132 880 εὐθὺς
2149 840 2210 883 τῆς
2223 839 2333 886 τομῆς
2351 842 2431 874 πεῖ-

1413 908 1472 944 ραν
1497 892 1682 943 δεχόμεθα.
1725 893 1795 928 Καὶ
1829 890 1945 941 βούλει
1973 894 2033 936 τῆς
2061 889 2321 942 φιλανθρωπίας
2349 890 2430 927 ἰδεῖν

1409 944 1473 990 τὴν
1514 944 1729 998 ὑπὲρὸολήν,
1774 941 1850 988 Τὴν
1887 942 2060 994 ῥομφαίαν
2096 944 2198 980 αὐτοῦ
2233 940 2430 980 στιλὸώσει.

1411 996 1523 1035 Οὔπω
1546 1000 1640 1034 εἶπεν
1655 1026 1663 1042 ,
1693 995 1746 1032 ὅτι
1764 998 1806 1046 τῇ
1829 996 1981 1048 ῥομφαίᾳ
2001 994 2092 1032 κατὰ
2112 994 2225 1045 στόμα
2248 994 2431 1045 γρήσεται,

1413 1048 1517 1092 ἀλλὰ,
1535 1047 1731 1086 Στιλὸώσει
1748 1062 1755 1070 ·
1793 1047 1851 1083 ἵνα
1868 1046 1931 1091 τὴν
1950 1046 2161 1097 λαμπηδόνα
2179 1051 2240 1092 τῆς
2261 1039 2432 1099 ῥομφαίας

1413 1100 1644 1151 θεασάμενος,
1675 1098 1855 1150 προλάὸῃς
1877 1102 1920 1150 τῇ
1952 1098 2117 1150 μετανοίᾳ
2141 1099 2203 1145 τὴν
2232 1099 2342 1148 τομὴν
2373 1103 2434 1145 τῆς

1415 1153 1597 1206 ῥομφαίας.
1639 1154 1695 1203 Τῇ
1725 1151 1911 1189 στιλὸώσει
1939 1151 2057 1203 φοὸεἷ,
2089 1150 2148 1188 καὶ
2168 1153 2205 1188 οὖ
2225 1151 2353 1200 τέμνει.
2389 1152 2435 1190 ‘0

1414 1206 1518 1258 npo'ss‘oq
1539 1204 1778 1251 συστελλέτω,
1807 1203 1871 1250 τὴν
1897 1202 2006 1254 τομὴν
2028 1203 2183 1255 φθανέτω
2204 1219 2264 1241 σου
2282 1206 2304 1249 ἧ
2329 1205 2435 1253 μετά<

1414 1274 1502 1296 νοια.
1538 1257 1609 1295 Καὶ
1637 1256 1694 1294 ἵνα
1713 1257 1768 1294 διὰ
1788 1256 1927 1293 πάντων
1945 1258 2033 1308 γνῷς
2051 1259 2110 1293 τοῦ
2130 1261 2249 1308 κριτοῦ
2271 1255 2328 1293 τὸν
2352 1272 2434 1294 σκο-

1415 1311 1493 1356 πὸν,
1523 1311 1575 1348 Τὸ
1610 1308 1706 1353 τόξον
1735 1309 1838 1346 αὐτοῦ
1859 1308 2003 1346 ἐνέτεινε
2018 1339 2027 1356 ,
2049 1309 2106 1346 καὶ
2126 1309 2316 1359 ἡτοίμασεν
2334 1309 2431 1347 αὐτό.

1416 1363 1488 1400 Καὶ
1508 1363 1541 1399 ἐν
1564 1363 1658 1413 αὐτῷ
1682 1361 1854 1412 ἡτοίμασε
1878 1361 1985 1407 σκεύη
2011 1361 2170 1399 θανάτου.
2209 1363 2291 1412 Οὐχ
2319 1361 2436 1399 ἱκανὸν

1417 1416 1570 1468 φοὸἥσαι
1598 1415 1638 1453 τὸ
1665 1417 1812 1465 σχῆμα;
1837 1415 1874 1451 οὐ
1896 1413 2060 1465 διέγραψε
2079 1416 2127 1466 τῷ
2147 1412 2240 1466 λόγῳ
2264 1415 2321 1452 τὸν
2342 1413 2437 1451 ἀσώ-

1420 1483 1530 1518 ματον
1546 1485 1555 1515 ;
1574 1468 1625 1505 Tb
1644 1467 1740 1510 τόξον
1762 1470 1864 1504 αὐτοῦ
1887 1465 2043 1513 ἐνέτεινε,
2061 1467 2120 1504 καὶ
2134 1466 2323 1516 ἡτοίμασεν
2344 1466 2436 1505 αὐτό.

1419 1521 1489 1558 Καὶ
1511 1523 1544 1558 ἐν
1562 1521 1656 1571 αὐτῷ
1676 1518 1848 1568 ἡτοίμασε
1865 1518 1969 1565 σκεύη
1987 1518 2133 1556 θανάτου
2145 1534 2152 1542 ·
2172 1518 2216 1556 τὰ
2234 1517 2318 1569 βέλη
2336 1521 2440 1556 αὐτοῦ

1418 1579 1489 1616 τοῖς
1509 1572 1707 1623 καιομένοις
1734 1571 1967 1622 ἐξειργάσατο.
2000 1573 2174 1608 Ἐνταῦθα
2204 1571 2361 1622 καθάπερ
2388 1587 2440 1614 τις

1419 1625 1569 1676 γραφεὺς
1589 1624 1648 1662 ὑπ’
1667 1624 1743 1676 ὄψιν
1758 1623 1869 1675 ἤγαγε
1884 1623 1939 1660 τὸν
1957 1623 2091 1675 κριτήν.
2121 1623 2307 1669 Ἐννόησόν
2326 1639 2385 1673 μοι
2401 1624 2440 1661 τὸ

1420 1678 1514 1722 τόξον
1531 1676 1730 1727 τεταμένον,
1748 1675 1808 1718 τὰς
1825 1682 1945 1728 χεῖρας
1961 1675 2251 1725 διεσκευασμένας
2265 1691 2272 1698 ·
2295 1675 2357 1722 τὴν
2380 1675 2441 1726 μὲν

1421 1729 1618 1780 ὠθουμένην
1638 1728 1677 1766 τὸ
1695 1728 1790 1772 τόξον
1809 1755 1819 1773 ,
1839 1727 1902 1773 τὴν
1919 1727 1954 1764 δὲ
1974 1728 2094 1779 ἑτέραν
2115 1728 2361 1778 ἐπισπωμένην
2380 1727 2442 1774 τὴν

361 1794 577 1846 poenitentiae
599 1807 698 1844 spem
718 1790 912 1842 abjeceris,
933 1788 1059 1838 sagitta
1075 1799 1168 1823 enlm
1189 1785 1349 1822 nondum
1362 1800 1408 1824 289
1421 1783 1542 1835 νευράν
1557 1797 1565 1805 ·
1597 1781 1636 1819 τὸ
1666 1780 1764 1832 βέλος
1794 1780 1912 1831 ἄκροις
1935 1781 2113 1822 δακτύλοις
2130 1779 2226 1832 παρὰ
2246 1786 2305 1818 τοῦ
2324 1786 2442 1833 κριτοῦ

361 1847 488 1885 emissa
505 1856 566 1884 est.
588 1846 682 1883 Cave
700 1844 784 1881 item
804 1857 846 1879 ne
861 1850 1005 1893 propter
1027 1852 1203 1876 summam
1223 1839 1345 1888 longa·
1378 1837 1398 1865 Α
1421 1834 1673 1886 κατεχόμενον.
1701 1832 1914 1872 Διατέταται
1933 1833 1972 1870 τὸ
1992 1831 2101 1879 τόξον,
2118 1832 2156 1870 τὸ
2178 1832 2275 1884 βέλος
2296 1832 2444 1883 ἕτοιμον,

362 1899 560 1937 nimitatem
586 1898 701 1948 segnis
738 1894 883 1942 evadas,
915 1908 980 1930 neu
1013 1901 1047 1929 te
1078 1904 1216 1942 semper
1251 1891 1349 1929 volu-

362 1952 519 2004 ptatibus
536 1951 716 1988 dedas.Nc
731 1948 842 1993 dicas,
866 1945 1013 1983 Interim
1028 1944 1127 1980 fruar
1142 1942 1349 1994 eupiditate,

363 2005 504 2042 interim
522 2004 818 2054 utarjuventutc:
838 1998 951 2037 veniet
965 1996 1117 2035 subinde
1136 1995 1350 2047 poenitentiae

364 2066 503 2109 tempus
520 2072 528 2102 ;
547 2070 622 2093 cras
639 2052 880 2107 poenitentiam
899 2064 1002 2101 agam
1019 2065 1030 2099 3
1053 2048 1240 2095 senectutis
1259 2057 1352 2085 tem-

363 2124 449 2161 pore
479 2109 593 2147 vitam
625 2120 846 2158 componam.
882 2106 989 2143 Vanae
1030 2111 1110 2139 sunt
1145 2100 1352 2152 hujusmodi

364 2162 618 2212 cogitatione53
644 2160 737 2197 foeda
766 2159 825 2196 illa
856 2166 913 2194 tua
945 2153 1150 2206 cupiditatis
1180 2152 1347 2190 consilia:

366 2215 460 2252 malo
495 2213 696 2251 consiliario
725 2211 835 2248 uteris
864 2209 1058 2259 voluptate.
1081 2205 1202 2253 Dicis,
1237 2205 1354 2243 Hodie

367 2276 550 2319 peccatum
568 2266 756 2303 admittam
773 2294 781 2307 ,
801 2276 876 2300 eras*
899 2259 1140 2313 poeuitcntiam
1161 2271 1276 2309 agam.
1301 2262 1353 2295 An

367 2320 534 2357 dominus
553 2333 587 2354 es
605 2318 675 2355 diei
699 2314 888 2354 crastinae?
910 2313 988 2364 quis
1010 2311 1075 2348 tibi
1100 2311 1170 2348 diei
1193 2310 1353 2348 crastinae

368 2372 540 2423 sponsor?
556 2371 594 2408 Si
614 2371 802 2420 diligenter
821 2366 955 2414 audias,
971 2378 1082 2414 neque
1100 2372 1194 2401 totus
1214 2362 1355 2399 hodier-

369 2439 434 2462 nus
456 2425 531 2462 dies
543 2433 593 2461 est
610 2433 688 2461 tuus
705 2438 712 2458 z
733 2423 808 2473 ejus
828 2433 910 2471 pars
926 2416 1111 2470 praeteriit,
1132 2430 1214 2467 pars
1231 2430 1355 2466 super-

369 2489 420 2514 est
438 2493 444 2513 :
483 2477 544 2514 illa
561 2476 637 2526 jam
657 2488 725 2512 non
746 2483 805 2511 tua
823 2481 886 2521 cst,
907 2472 982 2507 haee
1001 2468 1159 2506 nondum
1175 2477 1248 2505 tua.
1272 2468 1354 2504 Ais:

370 2530 484 2566 Fruar
512 2528 617 2565 hodie
635 2527 842 2578 voluptate,
871 2538 946 2560 cras
972 2521 1214 2574 poenitentiam
1236 2533 1352 2571 agam.

372 2581 479 2624 Quod
498 2581 606 2617 habes
623 2578 799 2630 voluptati
816 2608 824 2626 ,
842 2575 939 2628 quod
959 2589 1027 2612 non
1048 2584 1151 2612 tuum
1170 2581 1231 2621 est,
1248 2572 1359 2624 poeni-

374 2634 490 2670 tentia}
518 2633 699 2684 deputas?
722 2633 802 2668 Meo
835 2628 952 2681 potius
973 2627 1120 2664 consilio
1152 2635 1273 2662 utere:
1296 2625 1360 2661 ho-

376 2685 536 2723 diernam
554 2683 650 2723 diem
670 2684 881 2736 poenitentiae
896 2711 904 2727 ,
926 2688 1067 2732 peceato
1098 2692 1140 2715 ne
1169 2677 1361 2715 crastinam

377 2738 523 2787 quidem
549 2738 690 2789 deputa.
727 2735 807 2773 ldeo
845 2734 992 2786 pulchre
1023 2731 1145 2769 divina
1177 2730 1360 2781 Scriptura

377 2790 528 2827 diversis
550 2805 612 2827 nos
631 2788 747 2826 modis
761 2803 780 2825 a
801 2795 941 2839 peccato
964 2793 1126 2822 revocat:
1148 2784 1288 2827 Hodie,
1309 2781 1362 2818 in-

380 2843 457 2893 quit
475 2872 482 2887 ‚
505 2845 538 2879 si
558 2856 691 2879 vocem
713 2843 793 2892 ejas
809 2840 1010 2876 audieritis
1027 2867 1038 2882 ,
1063 2837 1181 2873 nolite
1196 2835 1362 2871 obdura-

378 2910 420 2932 re
441 2895 558 2932 corda
584 2902 737 2939 vestra,
761 2895 858 2930 sicut
886 2894 927 2928 in
952 2890 1271 2927 aracerbatione:
1303 2895 1336 2924 et
1352 2916 1363 2935 ,

378 2948 661 2984 Adhortamini
702 2946 953 2994 vosmetipsos
994 2943 1114 2978 donec
1149 2941 1261 2977 hodie
1294 2953 1363 2975 no-

378 3003 561 3037 minatur.
580 2999 672 3035 Nam
695 2997 759 3033 hoc
792 3009 932 3046 quoque
960 2995 1052 3031 mala
1078 3006 1168 3044 saepe
1199 2991 1363 3028 diabolus

377 3062 452 3089 arte
466 3051 562 3089 facit.
581 3052 669 3088 Cum
695 3049 854 3085 animum
872 3047 969 3084 videt
990 3046 1025 3083 in
1046 3054 1270 3097 peccatorum
1288 3058 1363 3080 sen-

379 3119 459 3142 sum
476 3103 609 3149 venire,
628 3116 669 3139 ac
682 3100 847 3152 supplicii
868 3100 973 3136 linem
996 3098 1149 3148 cogitare
1164 3127 1173 3145 ,
1193 3096 1280 3133 tales
1296 3096 1365 3132 im-

380 3156 491 3194 mittit
515 3155 743 3207 cogitationes
762 3169 768 3188 :
790 3151 918 3190 Junior
943 3165 1037 3197 sum,
1059 3150 1124 3187 erit
1151 3148 1363 3201 poenitentiae

381 3218 531 3260 tempus,
551 3206 691 3245 interim
710 3205 816 3243 hodie
840 3212 919 3240 utar
937 3202 1168 3254 praesentibus
1182 3231 1192 3249 ,
1222 3200 1363 3238 interim

380 3261 471 3298 lianc
499 3260 665 3297 obtinebo
688 3258 810 3305 litem,
835 3256 937 3292 illum
964 3254 1070 3291 talem
1102 3253 1274 3301 ulciscar,
1296 3252 1362 3289 hae

377 3312 573 3365 eupiditate
595 3313 691 3349 fruar
705 3340 716 3360 ,
738 3324 779 3348 ae
807 3308 951 3346 demum
974 3304 1217 3358 poenitentiam
1242 3317 1358 3355 agam.

378 3365 487 3404 Venit
505 3365 633 3403 iterum
649 3363 724 3402 dies
741 3361 905 3409 crastina,
921 3357 1130 3407 easdemque
1150 3356 1215 3393 tibi
1229 3356 1362 3393 immit-

1422 1891 1439 1925 ὃ
1471 1887 1592 1939 κριτὴς
1622 1885 1802 1938 εὐτρεπής.
1846 1884 1906 1931 Μὴ
1940 1885 2205 1937 καταφρονήσῃς
2235 1889 2295 1923 τοῦ
2329 1886 2443 1930 τόξου·

1421 1939 1564 1978 τέταται
1583 1940 1668 1992 γάρ·
1691 1937 1781 1989 μήτε
1803 1939 1959 1990 ἀπογνῷς
1977 1937 2182 1987 μετανοίας·
2203 1938 2242 1976 τὸ
2259 1937 2325 1989 γὰρ
2348 1939 2445 1989 βέλος

1423 1992 1520 2030 οὔπω
1550 1992 1729 2043 βέὸληται.
1760 1989 1864 2028 Ἀλλὰ
1893 1992 1940 2040 μὴ
1966 1993 2149 2041 χαυνωθῇς
2169 1990 2225 2028 διὰ
2252 1991 2315 2037 τὴν
2338 1994 2446 2042 ὑπερ-

1424 2044 1529 2090 &ok->w
1547 2047 1609 2090 τῆς
1626 2043 1878 2095 μακροθυμίας,
1899 2043 1986 2092 μηδὲ
2006 2044 2176 2093 βουληθῇς
2206 2043 2259 2080 ἀεὶ
2279 2059 2446 2096 παρακα-

1423 2098 1538 2149 τέχειν
1558 2097 1682 2134 σαυτὸν
1704 2102 1779 2139 ταῖς
1800 2097 1950 2142 ἡδοναῖς.
1972 2094 2031 2140 Μὴ
2051 2095 2163 2146 εἴπῃς,
2182 2095 2266 2138 τέως
2286 2094 2446 2133 ἀπολαύ-

1425 2167 1474 2188 σω
1503 2152 1565 2195 τῆς
1591 2148 1794 2199 ἐπιθυμίας,
1826 2147 1913 2191 τέως
1932 2147 2112 2199 χρήσομαι
2138 2151 2180 2198 τῇ
2203 2147 2354 2195 νεότητι,
2373 2148 2448 2194 ἥξει

1427 2205 1502 2254 μετ’
1538 2202 1652 2254 ὀλίγον
1690 2200 1874 2252 μετανοίας
1905 2201 2045 2253 καιρὸς,
2075 2199 2191 2252 αὔριον
2225 2200 2446 2250 μετανοήσω,

1425 2255 1506 2308 περὶ
1525 2256 1564 2293 τὸ
1591 2259 1700 2306 γῆρας
1732 2252 1971 2305 ἀσφαλίσομαι
1999 2252 2061 2299 τὴν
2095 2252 2198 2298 ζωήν.
2237 2252 2394 2291 Μάταιοι
2419 2256 2450 2291 οἱ

1427 2311 1574 2345 τοιοῦτοι
1603 2306 1842 2358 διαλογισμοὶ,
1875 2304 1986 2355 σαθρά
2014 2320 2074 2342 σου
2104 2304 2148 2341 τὰ
2174 2308 2235 2350 τῆς
2264 2304 2449 2354 ἐπιθυμίας

1430 2359 1668 2411 βουλεύματα,
1693 2361 1836 2411 πονηρῷ
1862 2356 2034 2409 κέχρησαι
2054 2356 2240 2408 συμὸούλῳ
2261 2360 2303 2403 τῆ
2331 2358 2449 2404 ἡδονῆ.

1428 2412 1569 2464 Λέγεις,
1596 2411 1733 2458 ποιήσω
1761 2414 1822 2457 τὴν
1838 2409 2024 2464 Νὰμαρτίαν
2055 2410 2217 2461 σήμερον,
2244 2400 2303 2446 καὶ
2332 2401 2449 2462 αὔριον

1432 2464 1652 2516 μετανοήσω.
1683 2463 1806 2515 Κύριος
1826 2466 1854 2500 εἰ
1879 2466 1941 2508 τῆς
1961 2462 2094 2515 αὔριον,
2116 2462 2167 2503 τίς
2183 2476 2237 2499 σοι
2252 2465 2313 2508 τῆς
2333 2461 2450 2514 αὔριόν

1431 2521 1524 2556 ἐστιν
1547 2515 1737 2567 ἐγγυητής,
1764 2514 1849 2553 Ἐὰν
1873 2515 2027 2566 ἀκριίῐῶς
2051 2513 2220 2564 ἀκούσῃς,
2249 2514 2324 2552 οὐδὲ
2345 2517 2366 2560 ἡ
2390 2515 2451 2560 σή-

1434 2586 1536 2621 μερον
1582 2571 1644 2615 ὅλη
1684 2569 1749 2614 σή·
1787 2567 1846 2605 καὶ
1883 2570 1944 2613 τῆς
1982 2566 2134 2618 σήμερον
2173 2566 2213 2604 τὸ
2241 2566 2302 2616 μὲν
2338 2582 2451 2618 παρε-

1431 2624 1582 2669 λήλυθε,
1613 2622 1652 2659 τὸ
1689 2621 1725 2658 δὲ
1761 2620 1900 2669 μέλλει·
1935 2619 1973 2657 τὸ
2008 2619 2069 2669 μὲν
2105 2620 2167 2656 οὐκ
2205 2618 2278 2656 ἔστι
2308 2618 2383 2664 σὸν,
2413 2619 2453 2656 τὸ

1434 2675 1469 2713 δὲ
1507 2674 1603 2713 οὔπω
1637 2673 1706 2711 σόν.
1752 2673 1896 2723 Λέγεις,
1930 2671 2081 2723 σήμερον
2118 2670 2254 2717 ποιήσω
2281 2670 2344 2715 τὴν
2373 2672 2453 2717 ἡδο-

1434 2727 1517 2775 νὴν,
1545 2727 1603 2764 καὶ
1634 2724 1836 2776 μετανοήσω
1856 2727 1898 2775 τῇ
1917 2723 2046 2775 αὔριον.
2082 2722 2131 2760 OO
2152 2723 2265 2774 ἔχεις,
2294 2726 2336 2774 τῇ
2367 2724 2452 2770 ἡδο-

1434 2784 1497 2830 νῇ,
1522 2779 1561 2817 τὸ
1590 2778 1790 2831 ἀλλότριον,
1807 2781 1850 2829 τῇ
1877 2776 2062 2827 μετανοίᾳ,
2090 2775 2195 2826 ἸΞμοὶ
2217 2777 2347 2825 μᾶλλον
2364 2779 2454 2828 ’χρῆ-

1436 2848 1494 2870 σαι
1514 2831 1712 2883 συμβούλῳ,
1728 2830 1767 2867 τὸ
1787 2830 1936 2880 σήμερον
1956 2833 1998 2879 τῇ
2016 2828 2198 2879 μετανοίᾳ,
2224 2831 2266 2878 τῇ
2285 2827 2320 2864 δὲ
2342 2820 2454 2880 ἁμαρ-

1438 2884 1495 2937 τίᾳ
1516 2885 1604 2935 μηδὲ
1626 2884 1663 2921 τὸ
1682 2882 1811 2936 αὔριον.
1846 2882 1914 2919 Διὰ
1935 2885 2034 2919 τοῦτο
2059 2881 2174 2923 καλῶς
2200 2883 2216 2917 ὁ
2253 2883 2339 2922 θεῖος
2356 2879 2455 2931 λόγος

1439 2937 1611 2988 διαφόρως
1638 2939 1731 2985 ἡμᾶς
1759 2937 1806 2978 εἰς
1837 2934 2026 2980 ἀνάκλησιν
2046 2936 2107 2978 τῆς
2126 2931 2298 2984 ἁμαρτίας
2321 2933 2455 2968 ἀνακα-

1437 2989 1612 3038 λούμενος,
1658 2988 1841 3039 Σήμερον,
1871 2986 1994 3038 φησὶν,
2023 2984 2082 3022 ἐὰν
2113 2988 2175 3030 τῆς
2204 2987 2319 3036 φωνῆς
2351 2986 2454 3022 αὐτοῦ

1440 3041 1633 3087 ἀκούσητε,
1660 3039 1708 3090 μὴ
1730 3038 1946 3090 σκληρύνητε
1968 3037 2029 3080 τὰς
2054 3036 2196 3088 καρδίας
2221 3039 2335 3086 ὑμῶν,
2356 3039 2402 3078 ὡς
2420 3037 2455 3073 ἐν

1439 3096 1488 3151 τῷ
1504 3094 1793 3144 παραπικρασμῷ
1805 3106 1812 3113 ·
1830 3090 1901 3138 καὶ,
1920 3091 2167 3140 Παρακαλεῖτε
2184 3088 2365 3134 ἀλλήλους,
2393 3087 2457 3132 ἕως

1438 3151 1475 3185 οὗ
1495 3147 1533 3184 τὸ
1553 3145 1704 3197 σήμερον
1721 3145 1894 3181 καλεῖται.
1928 3143 2029 3179 Ποιεῖ
2047 3141 2114 3192 γὰρ
2132 3140 2191 3178 καὶ
2208 3144 2308 3178 τοῦτο
2328 3140 2457 3178 πολλά-

1437 3215 1491 3242 κις
1511 3202 1528 3237 ὃ
1557 3196 1715 3239 διάὸολος
1741 3194 1972 3246 κακοτέχνως.
1999 3192 2112 3231 “Όταν
2139 3192 2193 3243 ἴδῃ
2212 3191 2327 3244 ψυχὴν
2349 3192 2456 3244 ἀρξα-

1440 3251 1543 3302 μένην
1585 3247 1804 3286 αἷσθοίνεσθαι
1841 3250 1908 3284 τῶν
1939 3245 2228 3298 ἁμαρτημάτων,
2264 3243 2457 3294 ἀρξαμένην

1438 3309 1525 3341 νοεῖν
1541 3305 1602 3348 τῆς
1620 3299 1790 3351 τιμωρίας
1806 3299 1845 3336 τὸ
1866 3298 1981 3345 τέλος,
2010 3296 2184 3340 τοιούτους
2209 3295 2377 3346 ἐμὸάλλει
2398 3297 2457 3333 λο-

1437 3354 1599 3405 γισμούς·
1623 3351 1785 3403 νεώτερός
1808 3352 1900 3401 εἰμι,
1929 3349 2047 3400 καιρὸν
2069 3348 2139 3400 ἔχω
2158 3346 2352 3398 μετανοίας,
2373 3347 2456 3390 τέως
