2481 3678
677 245 717 275 lm·
755 247 804 276 JO
809 247 965 276 ANNEM
999 245 1152 275 1103111„

97 325 308 376 αρι(1μοῗι’·μεν
329 341 396 364 των
414 325 543 376 <psum
568 341 626 362 και
647 327 761 365 πάντα
788 329 882 364 αὐτῶ
898 327 941 365 τὰ
960 331 1007 377 ἡυ
1006 326 1114 377 ,ἕτερα

95 386 345 438 ἐγχειριζομεν,
368 386 427 424 καὶ
450 388 553 424 αὐτοῦ
576 387 741 436 mamm
723 404 744 433 η
767 388 921 440 ἡμέτερα
940 381 1027 425 εἶναί
1046 402 1113 437 φα-

96 462 170 495 μεν·
202 448 260 484 καὶ
277 446 353 487 οὐδὲ
378 445 486 489 οὕτως
506 447 635 497 ἧγούυιε
623 452 683 486 Οα
703 448 876 486 ἀντίδοσιν
894 447 990 491 ἀξίαν
1019 447 1113 496 αὗτῳ

95 507 235 545 διδόναι.
249 507 332 545 Ἐπὶ
350 505 384 544 δὲ
401 510 461 544 τοῦ
480 507 632 559 Χριστοῦ
647 507 724 547 οὐδὲ
740 512 841 549 τοῦτο
853 508 893 546 τὸ
909 507 1033 559 μέτρον
1051 509 1112 552 τῆς

94 567 356 617 εὐγνωμοσύνης
376 567 605 619 φυλάττομεν·
631 570 707 607 ἀλλ’
727 571 853 612 ἐκεῖνος
880 569 942 618 μὲν
970 567 1033 613 τὴν
1052 568 1114 618 ψυ-

93 627 160 678 χὴν
179 627 298 673 ἔθηκεν
322 627 408 680 ὑπὲρ
428 630 544 678 ἡμῶν,
566 629 679 668 καὶτὸ
697 625 785 680 αἷμα
803 630 842 668 τὸ
861 628 976 678 τίμιον
997 626 1112 679 ἐξέχεε

94 689 136 726 δι’
155 691 262 738 ἡμᾶς,
279 688 355 732 τοὺς
374 691 438 727 οὐκ
456 690 570 734 εὔνους
589 690 666 728 οὐδὲ
685 689 832 742 ἀγαθοὺς
851 687 1112 741 γεγενημένους·

43 792 49 796 ,
91 752 192 800 ἡμεῖς
209 750 244 787 δὲ
264 750 342 788 οὐδὲ
363 751 535 802 χρήματα
557 751 683 803 χέομεν
702 752 744 788 δι’
767 750 922 797 ἑαυτοὺς,
944 750 1033 788 ἀλλὰ
1052 765 1112 787 πε-

94 813 262 861 ριορῶμεν
284 812 387 850 αὐτὸν
414 812 542 862 γυμνὸν
568 812 626 851 καὶ
648 811 738 856 ξένον
758 811 845 864 ὑπὲρ
859 814 960 862 ἡμῶν
981 811 1111 848 ἀποθα-

90 869 203 909 νόντα.
223 871 293 910 Καὶ
313 872 364 916 τίς
382 877 476 924 ἡμᾶς
488 875 550 919 τ’ἧς
565 871 758 924 μελλούσης
777 871 997 924 ἐξαιρήσεται
1011 871 1114 911 κολά-

93 946 204 978 σεως;
229 933 274 971 Εἰ
293 933 360 1009 γὰρ
380 934 429 985 μὴ
450 938 467 974 6
485 935 574 979 Θεὸς
587 965 597 981 ,
619 933 698 972 ἀλλ’
713 936 814 984 ἡμεῖς
831 932 971 976 ἑαυτους
986 933 1112 972 ἐκολά-

93 995 209 1043 ζομεν,
229 998 296 1046 ἀρα
315 996 378 1033 οὐκ
397 995 436 1033 ἂν
457 997 534 1034 καθ’
555 997 687 1034 ἑαυτῶν
706 994 768 1076 *ta-hv
788 996 901 1047 ψῆφον
925 994 1110 1047 ἐξηνέγκα-

94 1069 179 1104 μεν,
200 1058 267 1107 ἀρα
286 1071 348 1094 ουκ
368 1056 408 1093 ἂν
427 1056 467 1094 τὸ
485 1073 547 1104 της
565 1056 703 1109 γεέννης
723 1054 898 1098 ³{0tu‘t’0ug
932 1055 1114 1094 κατεδικά-

94 1131 202 1166 σαμεν
229 1120 316 1169 πῦρ,
344 1117 401 1155 τὸν
429 1118 517 1172 ὑπὲρ
545 1121 645 1170 ἡμων
671 1134 733 1164 την
759 1117 874 1170 ψυχην
901 1117 1002 1156 Οέντα
1019 1118 1113 1169 λιμῷ

92 1176 279 1227 τηκόμενον
301 1180 553 1231 περιορῶντες;
583 1178 654 1217 Καὶ
680 1178 714 1216 τί
738 1178 830 1229 λέγω
855 1178 1042 1231 χρήματα,
1068 1179 1114 1216 Εἰ

94 1237 161 1288 γὰρ
191 1238 316 1290 μυρίας
343 1239 483 1291 εἴχομεν
511 1239 638 1292 ψυχὰς,
665 1239 731 1291 οὐχ
750 1240 887 1282 ἁπάσας
907 1238 993 1291 ὑπὲρ
1010 1240 1113 1277 αὐτοῦ

96 1301 203 1335 Οεῖναι
237 1301 367 1353 ἐχρῆν,
404 1300 529 1338 Καίτοι
561 1316 599 1351 γε
630 1299 706 1338 οὐδὲ
733 1298 841 1344 οὕτως
870 1298 961 1344 ἄξιόν
989 1315 1022 1337 τι
1052 1302 1113 1346 τῆς

95 1359 292 1410 εὐεργεσίας
313 1361 525 1411 ἐποιήσαμεν
545 1361 599 1399 ἄν.
628 1360 672 1399 Ὁ
694 1360 755 1412 μὲν
771 1360 837 1412 γὰρ
854 1360 1002 1413 πρώτως
1019 1363 1113 1413 εὔερ-

94 1423 216 1469 γετῶν,
253 1421 402 1473 φανερὰν
432 1421 664 1459 ἐπιδείκνυται
691 1420 755 1468 τὴν
773 1421 1008 1473 χρηστότητα·
1036 1425 1054 1460 6
1079 1423 1112 1460 δὲ

95 1481 341 1532 εὖεργετηθεὶς,
362 1481 383 1518 ὅ
399 1497 433 1518 τι
454 1481 493 1518 ἂν
514 1482 653 1533 ἀντιδῷ,
673 1481 813 1533 ὀφειλὴν
834 1481 1055 1528 ἀποδίδωσιν,
1077 1483 1114 1519 οὐ

92 1541 196 1593 χάριν
231 1541 466 1579 κατατίθεται·
500 1541 559 1580 καὶ
597 1540 750 1592 μάλιστα
781 1541 863 1579 ὅταν
895 1545 912 1580 6
943 1541 1113 1593 κατάρξας

93 1603 234 1656 ἐχθροὺς
254 1605 439 1655 εὐεργετῶν
454 1602 469 1623 b
489 1603 555 1650 εἴη,
571 1603 630 1641 καὶ
645 1605 662 1640 6
679 1603 868 1647 ἀντιδιδοὺς
885 1603 942 1641 καὶ
960 1606 1007 1648 εἰς
1022 1606 1114 1655 εὔερ-

92 1663 195 1714 γέτην
226 1667 457 1711 κατατιθηται
486 1664 530 1702 τὰ
560 1663 747 1716 γινόμενα,
779 1664 838 1701 καὶ
870 1665 971 1708 αὐτὸς
1000 1666 1112 1703 αὐτῶν

93 1725 251 1778 ἀπολαύη
282 1725 400 1764 πάλιν.
433 1725 525 1764 Ἀλλ’
553 1729 647 1776 ἡμας
674 1726 733 1763 οὖο
720 1724 751 1763 6

94 1789 170 1825 ἀλ)
198 1786 306 1830 οὕτως
335 1786 439 1837 εσμὲν
470 1786 686 1838 ἀγνώμονες,
714 1788 760 1829 ὡς
780 1786 931 1831 οἰκέταις
961 1788 1023 1839 μὲν
1054 1788 1113 1826 καὶ

781 1729 893 1764 ταῦτα
920 1727 1112 1779 ἐφέλκεται·

93 1848 248 1897 ἡμιόνοις
273 1848 332 1886 καὶ
359 1848 478 1892 ἵπποις
506 1848 732 1922 περιδέῤῥαια
751 1855 867 1901 χρυσᾶ
888 1850 1112 1901 περιτιθέναι,

92 1926 149 1948 τον
177 1910 212 1948 66
241 1914 288 1949 Δε
275 1911 424 1957 Εσπότην
456 1910 598 1987 γυμνὸν
617 1910 816 1962 περιιόντα,
847 1911 906 1949 καὶ
940 1911 1043 1964 θύρας
1075 1916 1112 1952 ἐκ

93 1975 203 2024 Ουρῶν
233 1971 434 2022 ἇμείὸοντα,
461 1972 519 2009 καὶ
550 1971 603 2010 ἀει
635 1971 720 2024 πρὸς
750 1978 824 2016 ταῖς
858 1971 1019 2017 ἐξόδοις<
1011 1989 1111 2012 ιστα-

95 2049 193 2072 υενον
215 2049 274 2071 και
298 2039 419 2085 χεῖρας
445 2033 640 2071 ἐκτείνοντα
667 2041 851 2086 περιορᾶν,
880 2034 1050 2078 πολλάκις
1078 2038 1111 2076 δὲ

93 2095 151 2134 καὶ
181 2098 307 2141 ἀπηνεῖ
337 2095 475 2145 βλέπειν
508 2094 610 2132 αὐτὸν
637 2096 817 2147 ὀφθαλμῷ·
849 2095 963 2134 καίτοι
989 2113 1025 2149 γε
1055 2099 1112 2137 καὶ

91 2160 192 2195 τοῦτο
211 2156 295 2195 αὐτὸ
313 2156 356 2194 ’δι’
375 2160 468 2207 ἡμᾶς
487 2155 662 2207 ὑπομένει.
696 2156 827 2200 Ἡδέως
845 2158 911 2210 γὰρ
931 2166 1045 2212 πεινᾷ,
1058 2160 1113 2197 ἵνα

92 2216 132 2255 σὺ
149 2219 298 2269 τραςιῇς·
315 2217 373 2255 καὶ
389 2217 516 2268 γυμνὸς
529 2216 711 2269 περίεισιν,
730 2216 786 2255 ἵνα
802 2233 855 2256 σοι
870 2219 1038 2272 παράσχῃ
1053 2225 1112 2260 τοῦ

89 2277 152 2321 τῆς
180 2274 373 2327 ἀφθαρσίας
401 2274 588 2326 ἐνδύματος
617 2274 680 2321 τὴν
707 2275 882 2315 ὑπόθεσιν.
924 2277 1015 2317 Ἀλλ’
1037 2280 1112 2318 οὐδὲ

91 2334 179 2373 οὕτω
229 2335 388 2387 προΐεσθε
435 2338 504 2373 τῶν
543 2335 719 2389 ὑμετέρων
756 2338 874 2376 οὐδέν·
911 2338 1002 2377 ἀλλὰ
1044 2343 1111 2378 τῶν

93 2396 240 2447 ἱματίων
286 2397 329 2434 τὰ
375 2396 438 2447 μέν
486 2399 559 2435 ἐστι
598 2397 818 2450 σητόζὶρωτα,
852 2399 896 2437 τὰ
929 2399 965 2438 δὲ
1009 2401 1113 2453 ἄχθος

90 2460 139 2510 τῷ
175 2458 349 2511 κιὸωτίῳ,
384 2458 442 2495 καὶ
479 2458 625 2510 περιττὴ
665 2459 800 2510 φροντὶς
835 2467 904 2504 τοῖς
940 2462 1112 2512 κεκτημέ-

90 2535 174 2562 νοις·
207 2522 224 2556 6
262 2518 297 2556 66
326 2519 384 2556 καὶ
416 2522 526 2556 ταῦτα
561 2519 618 2557 καὶ
650 2519 694 2557 τὰ
726 2519 816 2557 ἄλλα
854 2521 970 2559 πάντα
1004 2523 1110 2560 δεδω-

91 2579 185 2624 κὼς,
218 2580 345 2630 γυμνὸς
382 2579 561 2630 περίεισιν.
619 2580 711 2617 Ἀλλ’
750 2582 811 2617 οὐκ
844 2582 879 2617 ἐν
916 2583 966 2632 τῷ
999 2582 1111 2619 >tigm-

90 2641 154 2692 τίῳ
172 2641 260 2678 αὐτὰ
278 2639 493 2688 ἀποτίθεσῡε,
516 2639 593 2677 ἀλλ“
609 2639 705 2678 αὐτοὶ
719 2640 1011 2692 περιὸεὸλημένοι
1030 2645 1112 2680 καλ-

90 2702 279 2747 λωπίζεσΟΞ
296 2718 306 2749 ;
336 2700 440 2748 Εἰπὲ,
468 2701 502 2738 τί
533 2701 573 2739 τὸ
604 2701 708 2739 πλέον
741 2703 821 2751 ὑμῖν
856 2702 924 2739 ἀπὸ
955 2702 1108 2752 τούτων,

91 2763 168 2801 Ἵνα
193 2763 231 2801 τὸ
251 2765 318 2800 τῶν
341 2762 514 2814 ἀγοραίων
534 2761 588 2814 ἴδῃ
610 2764 739 2808 πλῆθος
759 2764 865 2812 ὑμᾶς,
895 2763 964 2800 Καὶ
982 2763 1017 2800 τί
1034 2769 1109 2802 τοῦ·

86 2841 146 2872 το,
165 2827 218 2863 Οὐ
244 2824 310 2876 γὰρ
328 2823 386 2861 τὸν
402 2823 642 2876 περικείμενόν
664 2839 703 2862 σε
722 2827 832 2862 ταῦτα
854 2824 1105 2874 θαυμάσονται,

91 2886 180 2924 ἀλλὰ
205 2886 263 2923 τὸν
283 2890 352 2928 τοῖς
372 2885 546 2934 δεομένοις
565 2884 778 2936 παρέχοντα.
806 2883 916 2923 εΏστε
945 2887 974 2923 εἷ
992 2886 1108 2937 βούλει

85 2946 349 2997 Θαυμάζεσῡαι,
381 2944 516 2997 ἑτέρους
540 2944 761 2996 περιὲάλλων
777 2974 786 2992 ,
817 2947 948 2995 μᾶλλον
975 2946 1107 2997 μυρίων

84 3007 266 3059 ἀπολαύσῃ
295 3007 439 3057 κρότων.
469 3006 560 3045 Τότε
594 3021 632 3044 σε
662 3006 721 3044 καὶ
738 3008 755 3043 6
779 3006 867 3050 Θεὸς
887 3007 1107 3046 ἐπαινέσεται

84 3073 172 3124 μετὰ
188 3075 256 3111 τῶν
272 3072 474 3124 ἀνθρώπων.
508 3072 595 3110 Νυνὶ
612 3071 647 3110 δὲ
664 3071 882 3110 ἐπαινέσεται
902 3074 963 3123 μὲν
985 3073 1105 3120 οὐδεὶς,

82 3158 99 3166 ’
84 3141 289 3193 ρΟονήσουσι
323 3139 358 3177 δε
390 3138 562 3187 ἅπαντες,
590 3155 629 3177 το
655 3155 698 3189 με
701 3155 717 3176 ν
738 3143 841 3190 σῶμα
867 3141 1166 3208 κοσμούμενον153

1140 2105 1164 2132 l)

1193 243 1337 274 xxvii.
1377 229 1432 273 al.
1471 245 1595 275 xxvi.
2086 235 2162 278 181

1186 324 1254 361 bus
1271 323 1526 375 anteponimus,
1546 333 1578 362 et
1599 325 1634 361 in
1658 324 1791 362 intimis
1811 326 1932 363 amicis
1954 340 2167 366 annumera—

1186 400 1278 434 mus,
1299 395 1418 424 nostra
1436 387 1555 424 omnia
1570 387 1638 439 ipsi
1655 387 1843 439 tradimus,
1857 397 1889 425 et
1911 402 1948 425 ea
1968 389 2080 441 ipsius
2100 405 2172 429 esse

1186 448 1300 499 magis
1327 463 1434 499 quam
1451 458 1568 488 nostra
1586 449 1757 499 dicimu33
1786 464 1898 501 neque
1928 451 1979 488 sic
2006 461 2172 503 putamus

1184 507 1333 560 dignam
1347 509 1538 562 rependere
1555 511 1683 550 vicem.
1699 510 1796 562 Erga
1811 511 1993 550 Christum
2013 527 2097 551 vero
2114 527 2171 551 ne-

1186 585 1253 622 que
1272 572 1368 610 hunc
1391 573 1482 625 grati
1501 574 1611 612 animi
1630 574 1777 612 modum
1799 588 1993 613 servamus.
2016 576 2082 613 Illc
2095 577 2171 614 ani—

1185 647 1281 672 mam
1306 649 1372 687 pro
1390 635 1493 673 nobis
1510 637 1641 689 posuit,
1675 646 1708 675 et
1735 646 1878 689 propter
1898 652 1960 676 nos
1978 638 2170 690 pretiosum

1186 696 1394 747 sanguinem
1412 696 1550 746 effudit,
1571 712 1648 748 nos,
1663 699 1824 749 inquam,
1846 699 1907 750 qui
1928 713 1992 737 nec
2011 699 2096 737 boni
2109 715 2171 738 nec

1186 757 1278 806 grati
1297 771 1457 808 eramus;
1474 773 1537 796 nos
1550 773 1633 798 vero
1645 774 1687 797 ne
1705 759 1741 797 in
1762 769 1919 798 nostram
1938 759 2082 811 quidem
2101 762 2170 800 uti-

1186 817 1322 856 litatem
1339 819 1506 871 pecunias
1518 820 1754 870 effundimus3
1771 820 1833 859 sed
1854 835 1935 859 eum
1949 822 2010 873 qui
2026 837 2090 875 pro
2110 837 2171 862 no-

1187 877 1242 916 bis
1260 888 1422 917 mortuus
1434 888 1500 930 est,
1520 889 1554 918 et
1571 880 1708 918 nudum
1728 890 1761 919 et
1778 882 2005 934 peregrinum
2020 882 2172 936 despici-

1187 953 1280 978 mus.
1304 940 1437 992 Ecquis
1456 955 1519 980 nos
1537 956 1557 979 a
1576 942 1695 980 futuro
1714 943 1891 995 supplicio
1910 944 2171 985 eximet?Nam

1187 1002 1216 1040 si
1231 1016 1300 1041 non
1324 1005 1421 1042 Deus
1440 1019 1518 1056 nOS,
1542 1005 1603 1044 sed
1624 1020 1688 1044 nos
1706 1006 1775 1058 ipsi
1803 1007 2025 1059 puniremus,
2055 1023 2170 1048 annon

1188 1073 1308 1102 contra
1327 1079 1389 1103 nos
1401 1066 1578 1105 calculum
1596 1067 1797 1106 ferremus?
1812 1082 1929 1106 annon
1945 1083 2008 1107 nos
2018 1070 2111 1122 ipsos
2126 1072 2171 1110 ad

1188 1127 1355 1178 gehennae
1377 1130 1494 1181 ignem
1514 1130 1839 1182 condemnaremus,
1862 1132 1957 1183 quod
1989 1148 2084 1185 eum,
2110 1136 2172 1186 qui

1188 1188 1343 1227 animam
1364 1204 1430 1242 pro
1449 1191 1552 1228 nobis
1580 1192 1712 1243 posuit,
1739 1192 1831 1230 fame
1845 1193 2078 1232 tabescentem
2090 1210 2171 1234 con-

1189 1250 1434 1289 temserimus?
1451 1251 1497 1289 Et
1513 1252 1599 1303 quid
1620 1253 1788 1304 pecunias
1813 1255 1996 1292 memoro?
2021 1256 2059 1294 Si
2078 1257 2171 1295 enim

1191 1312 1288 1350 mille
1302 1313 1511 1352 haberemus
1537 1314 1689 1363 animas,
1715 1329 1830 1353 annon
1858 1317 1938 1354 illas
1970 1331 2089 1357 omnes
2107 1334 2172 1371 pro

1189 1373 1253 1413 illo
1268 1388 1398 1426 ponere
1410 1375 1593 1427 oportuit?
1612 1375 1764 1414 Etiamsi
1783 1390 1825 1414 ne
1850 1377 1900 1415 sic
1923 1392 2063 1429 quoque
2085 1380 2172 1430 quid

1189 1435 1360 1473 beneficio
1370 1445 1467 1474 tanto
1482 1436 1632 1487 dignum
1651 1438 1865 1477 fecissemus.
1884 1440 1977 1477 Nam
1996 1441 2057 1491 qui
2075 1441 2174 1493 prior

1188 1495 1400 1533 beneficium
1410 1496 1522 1547 ponit,
1543 1498 1770 1536 manifestum
1782 1513 1856 1550 prae
1874 1514 1909 1537 se
1923 1501 1990 1537 fert
2005 1502 2174 1541 bonitatis

1189 1556 1379 1605 indicium3
1400 1557 1462 1608 qui
1479 1567 1599 1596 autem
1615 1559 1790 1598 beneficio
1804 1561 1975 1611 afficitur,
1998 1563 2174 1614 quidquid

1191 1618 1331 1657 tandem
1347 1619 1499 1670 dederit,
1515 1620 1677 1658 debitum
1692 1620 1824 1670 reddit,
1847 1636 1915 1660 non
1927 1623 2077 1674 gratiam
2088 1625 2171 1677 init,

1189 1681 1345 1719 maxime
1378 1695 1462 1720 vero
1492 1696 1574 1719 cum
1602 1682 1662 1720 ille
1688 1682 1785 1734 prior
1812 1683 1993 1722 beneficus
2022 1685 2176 1725 inimicis

1188 1740 1281 1780 dona
1304 1743 1449 1791 confert,
1472 1752 1506 1780 ct
1531 1743 1562 1780 is
1593 1743 1656 1794 qui
1683 1743 1856 1796 rependit,
1878 1744 2091 1784 benefactori
2113 1762 2176 1786 suo

1188 1802 1282 1842 dona
1306 1804 1483 1855 retribuit,
1513 1804 1645 1856 quibus
1673 1805 1779 1843 etiam
1802 1805 1905 1844 donis
1936 1807 2011 1860 ipse
2036 1824 2177 1861 quoque

1188 1865 1334 1903 fruitur.
1359 1867 1497 1905 Verum
1512 1866 1570 1904 his
1583 1880 1652 1904 non
1668 1881 1866 1917 movemur,
1887 1883 1997 1920 usquc
2011 1870 2098 1910 adeo
2119 1872 2174 1910 in-

1189 1927 1293 1979 grati,
1325 1936 1363 1965 ut
1391 1927 1514 1977 servis,
1544 1928 1667 1977 mulis,
1696 1928 1798 1979 equis
1829 1930 2046 1982 operimenta
2069 1947 2174 1972 aurea

1188 1988 1499 2040 circumponamus
1505 2005 1515 2038 3
1534 1989 1729 2028 Dominum
1743 2004 1827 2028 vero
1841 2000 2014 2042 nostrum,
2036 1993 2174 2032 nudum

1190 2059 1375 2100 errantem,
1418 2050 1575 2088 ostiatim
1614 2050 1886 2103 mendicantem,
1932 2053 1969 2090 in
2011 2055 2175 2107 compitis

1191 2122 1336 2152 stantem
1353 2123 1386 2152 et
1406 2129 1532 2152 manus
1560 2114 1807 2153 extendentem
1833 2115 2083 2169 despiciamus,
2104 2119 2175 2158 imo

1192 2188 1281 2227 saepe
1302 2175 1411 2214 torvis
1425 2175 1627 2213 intueamur
1643 2176 1756 2213 oculis
1773 2191 1780 2212 :
1795 2176 1931 2215 etiamsi
1954 2188 2096 2231 propter
2114 2194 2177 2218 nos

1190 2233 1285 2271 hisce
1306 2234 1410 2272 malis
1425 2248 1459 2272 se
1472 2234 1652 2286 subjiciat.
1678 2235 1848 2273 Libenter
1867 2237 1961 2274 enim
1984 2238 2107 2288 esurit,
2139 2248 2175 2275 ut

1189 2303 1228 2332 tu
1246 2295 1430 2345 nutriaris,
1448 2295 1564 2333 nudus
1578 2295 1755 2346 circumit,
1773 2306 1811 2333 ut
1821 2297 1886 2334 tibi
1903 2298 2177 2350 incorruptionis

1190 2365 1325 2395 vestem
1357 2357 1522 2395 conferat.
1550 2357 1652 2395 Nihil
1678 2366 1795 2394 tamen
1825 2372 1888 2397 vos
1915 2359 2087 2409 erogatis:
2116 2359 2176 2397 sed

1190 2417 1399 2455 vestimenta
1417 2426 1536 2455 vestra
1555 2417 1625 2454 alia
1650 2433 1669 2455 a
1696 2417 1800 2455 tineis
1828 2417 2014 2468 roduntur,
2035 2419 2118 2470 alia,
2139 2420 2175 2458 in

1190 2492 1270 2515 arca
1282 2478 1477 2528 recondita,
1493 2478 1679 2530 superfluae
1695 2492 1787 2516 curae
1801 2479 2063 2530 possidentibus
2073 2491 2173 2520 sunt:

1189 2537 1276 2575 dum
1297 2538 1327 2575 is
1346 2539 1407 2588 qui
1428 2548 1461 2576 et
1481 2538 1556 2575 haec
1576 2547 1609 2575 et
1623 2538 1694 2575 alia
1710 2538 1828 2575 omnia
1848 2538 1998 2591 largitus
2021 2551 2086 2587 est,
2110 2556 2175 2579 nu-

1189 2598 1257 2636 dus
1271 2598 1489 2636 obambulat.
1502 2600 1640 2637 Verum
1655 2597 1733 2636 haec
1743 2612 1812 2637 non
1828 2598 1864 2637 in
1874 2614 1955 2638 arca
1969 2601 2173 2651 reconditis,

1187 2660 1249 2698 sed
1271 2661 1328 2698 his
1347 2660 1535 2712 magnifice
1562 2660 1783 2699 induimini?
1812 2662 1923 2712 Quid,
1940 2679 2074 2716 quaeso,
2088 2665 2172 2704 hinc

1186 2735 1210 2757 1
1212 2721 1289 2758 obis
1307 2721 1390 2773 plus
1409 2720 1567 2759 accedit?
1587 2722 1636 2759 Ut
1652 2722 1845 2761 forensium
1855 2724 1959 2762 turba
1975 2739 2038 2763 105
2055 2726 2313 2779 suspi,con1m
2326 2737 2375 2754 ⁰⁰³

1186 2782 1278 2820 ciat?
1299 2781 1441 2833 Ecquid
1458 2782 1551 2820 hoc?
1565 2784 1645 2821 Non
1661 2784 1754 2821 enim
1788 2785 1845 2823 his
1865 2785 2033 2824 indutum
2055 2787 2169 2826 admi·
2184 2778 2234 2805 ’μυ
2265 2768 2370 2839 ,12:33³
2365 2780 2373 2795 ¹

1183 2851 1322 2893 rantur,
1345 2842 1406 2880 sed
1420 2857 1499 2880 eum
1524 2843 1587 2894 qui
1605 2844 1722 2895 egenis
1739 2844 1903 2897 largitur.
1922 2847 2046 2898 Itaque
2058 2848 2087 2886 si
2109 2863 2168 2887 ve·
2225 2860 2371 2896 [‘{1111‘01‘02

1183 2904 1227 2941 lis
1243 2903 1472 2942 admirationi
1488 2918 1576 2954 esse,
1597 2905 1686 2944 alios
1700 2905 1820 2957 indue,
1830 2916 1862 2945 et
1879 2907 1929 2946 sic
1950 2909 2048 2947 mille
2066 2910 2167 2962 plau-
2183 2891 2340 2928 'mgl'gum'

1183 2965 1280 3003 sibus
1302 2965 1503 3017 excipieris.
1530 2966 1634 3004 Tunc
1658 2976 1692 3005 te
1722 2968 1819 3006 Deus
1857 2983 1939 3007 cum
1964 2970 2168 3010 hominibus

1182 3026 1354 3064 laudabit.
1376 3027 1505 3065 Contra
1522 3042 1606 3066 vero
1621 3028 1649 3066 si
1670 3043 1768 3067 secus
1789 3043 1887 3081 agas,
1910 3045 2012 3069 nemo
2031 3041 2063 3069 te
2089 3032 2166 3070 lau-

1181 3087 1296 3137 dabit,
1315 3087 1377 3126 sed
1402 3102 1524 3126 omnes
1543 3088 1609 3126 tibi
1633 3089 1860 3141 invidebunt,
1883 3091 1970 3129 dum
1993 3092 2166 3131 ridebunt

1182 3161 1309 3200 colpus
1325 3158 1503 3200 oinatum,
1526 3149 1681 3188 animam
1701 3165 1786 3188 1010
1800 3151 2008 3202 neglectam.
2032 3154 2164 3204 Hujus-

81 3211 238 3259 ὁρωντες,
256 3223 317 3253 την
339 3206 374 3244 δὲ
393 3205 536 3258 ψυχὴν’
518 3208 680 3257 ημεληυε
672 3206 743 3253 'm
763 3206 899 3257 ἔχοντα.
912 3209 1025 3251 Ουτος
1044 3224 1101 3246 και
1132 3220 1153 3247 Α
1181 3208 1277 3247 modi
1291 3210 1663 3248 οι·113ῑι11111110’“10111005
1682 3221 1858 3250 sectantur
1861 3228 1964 3264 ,quae
1980 3228 2070 3265 scepe
2088 3229 2162 3252 ina-

124 3320 136 3333 ³
155 3308 296 3341 §toret
287 3318 398 3346 εαυτοῗες
415 3312 515 3342 κατεδ,

125 3364 140 3385 '³
164 3362 239 3403 [εἴη’
258 3367 305 3394 καὶ
320 3366 333 3395 ὁ
348 3368 412 3395 ἀντ.
427 3364 456 3394 ἑὲ
474 3367 521 3394 καὶ
541 3366 577 3398 εἰς
595 3365 634 3393 ε).
652 3366 845 3395 κατατίθεται
859 3366 897 3394 τὰ
909 3363 1084 3403 &Gigas-au...

79 3417 231 3448 ἀπολαύει.
252 3414 302 3444 Ιι3
322 3421 408 3444 reete
435 3411 550 3447 Snvil..
569 3420 597 3443 et
619 3411 702 3444 Cod.
734 3413 818 3452 7⁹6,
848 3413 903 3454 qui
932 3419 1041 3445 tamen
1061 3417 1089 3447 ὗε

1155 3311 1293 3343 omittit.
1312 3312 1389 3343 Mox
1407 3311 1504 3343 iidem
1520 3324 1594 3344 cum
1612 3312 1696 3346 Cod.
1717 3315 1778 3344 705
1797 3318 1877 3346 ἀλλ’).
1894 3320 2009 3347 πάντων
2027 3321 2163 3358 ἀγνωμο-

1158 3370 1300 3408 veen-(⁴01,
1321 3370 1554 3406 02a3r2:;,u.2:·2,..
1580 3371 1783 3410 περιτιθέντες.
1805 3372 1851 3399 τὶν
1871 3369 1899 3399 ῧῖῐ
1922 3370 1975 3399 ὖ...
1997 3379 2162 3413 ’,τερνορῶμῃ

1162 3441 1168 3450 .
1192 3432 1212 3454 ς-
1223 3441 1242 3448 .-
1262 3416 1449 3459 β)ε’πο>τε,;-1
