2481 3678
136 575 218 603 Pauli
232 575 280 601 Sa-

96 618 237 643 mosateni

94 658 217 685 insania.

101 1448 190 1476 Joan.
202 1444 286 1482 5..44

109 1936 290 1969 Joan.8.56.

113 2125 225 2154 Mauh.
246 2134 295 2154 22.

111 2166 162 2205 43-
180 2164 231 2205 ιι-

116 2489 184 2515 Act.
210 2485 297 2523 324.

120 2853 304 2893 laedo-22.

157 2976 309 3012 Propheta!

123 3017 269 3054 quomodo

297 240 357 286 56

293 336 381 374 dum
401 336 497 374 illius
516 348 588 374 esse
606 348 708 387 opus,
720 333 857 372 etiamsi
875 346 978 371 sensu
992 343 1137 383 prorsus
1149 336 1276 377 careat,

292 397 430 435 etiamsi
448 396 613 435 inimicus
635 404 668 433 et
686 394 913 433 adversarius
929 392 1051 444 gloriae
1067 390 1135 429 Dei
1152 391 1211 437 sit⁷
1227 398 1278 426 at-

295 467 409 495 tamen
434 458 520 495 velit
546 457 648 503 nolit,
667 455 886 494 conditorem
908 463 987 491 ante
1012 451 1156 503 opificia
1172 450 1279 487 fnisse

296 518 457 555 confiteri
479 527 632 568 cogetur.
653 515 893 563 Quamobrem
917 512 1041 550 mirari
1063 525 1201 563 semper
1220 525 1280 547 su-

295 579 349 616 bit
366 579 468 615 Pauli
485 576 701 616 Samosateni
719 575 903 621 insaniam,
921 571 1099 624 quomodo
1116 580 1188 609 tam
1204 585 1280 608 ma-

746 254 765 284 S
775 274 784 283 .
822 253 929 283 JOAN
941 251 1004 281 MS
1040 247 1283 278 CHRYSOST.

296 639 428 677 nifcstae
455 638 596 676 veritati
623 637 791 674 obsistere
809 634 974 687 potuerit,
991 647 1134 682 seseque
1158 640 1282 684 sponte

295 699 514 751 przecipitem
549 697 698 735 dederit.
722 698 845 746 Neque
874 694 971 732 enim
993 708 1039 732 ex
1065 691 1280 744 ignorantia,

294 760 356 797 sed
368 760 419 797 rei
434 759 630 796 admodum
649 772 778 809 gnarus
797 755 942 804 erravit,
959 769 1027 793 non
1046 768 1146 792 secus
1163 766 1204 792 ac
1218 754 1284 792 Ju-

295 821 375 859 daei.
394 820 708 867 Quemadmodum
738 819 833 857 enim
858 818 924 867 illi,
942 826 980 855 ut
1002 815 1209 854 hominibus
1229 829 1284 852 as·
1306 826 1330 856 E

295 892 528 930 sentarentur,
543 896 665 919 sanam
689 880 881 933 prodidere
904 877 1024 927 fidem,
1044 876 1145 930 gnari
1165 875 1285 928 ipsum

295 944 529 995 Unigenitum
560 943 627 981 Dei
648 957 734 991 esse,
759 941 965 994 principum
997 953 1082 978 vero
1118 947 1214 976 metu
1246 937 1287 975 id

297 1018 366 1041 non
391 1004 594 1042 confitentes
612 1034 621 1052 ,
642 1018 684 1041 ne
712 1017 757 1040 cx
779 1015 960 1055 synagoga
983 1000 1192 1053 ejicerentur
1211 1014 1218 1034 :
1238 998 1288 1036 ita

297 1074 331 1102 et
363 1065 468 1102 illum
503 1065 539 1102 in
575 1063 736 1101 mulieris
769 1062 970 1115 cujuspiam
1001 1059 1170 1112 gratiam,
1192 1058 1288 1096 salu-

297 1134 369 1162 tem
403 1140 506 1163 suam
536 1125 703 1176 inquiunt
745 1123 958 1176 prodidisse.
999 1120 1133 1160 Gravis
1169 1119 1287 1168 enim,
1311 1134 1337 1162 Α

299 1188 419 1238 gravis
438 1197 531 1225 certe
548 1197 582 1224 et
602 1186 716 1224 inanis
744 1184 865 1237 gloria:
885 1183 1058 1236 tyrannis,
1077 1195 1154 1231 quae
1178 1179 1290 1232 possit

299 1248 405 1285 ctiam
422 1248 639 1300 sapientium
670 1247 792 1284 oculos
823 1258 1013 1290 exczecare,
1029 1242 1097 1280 nisi
1121 1241 1286 1292 vigilent.

300 1310 393 1346 Nam
414 1309 443 1346 si
460 1323 607 1347 munera
625 1307 664 1344 id
682 1314 844 1359 possunt,
862 1305 975 1342 multo
994 1303 1108 1354 magis
1131 1302 1189 1339 hic
1207 1302 1292 1339 affe-

301 1380 378 1408 ctus
396 1371 499 1422 longe
515 1368 716 1408 violentior.
726 1367 865 1405 Idcirco
879 1368 899 1406 J
904 1382 922 1403 u
929 1365 1015 1403 daeis
1031 1364 1173 1402 dicebat
1186 1363 1292 1401 Chri-

302 1441 376 1470 stus
404 1448 411 1468 :
442 1432 641 1483 Quomodo
664 1431 822 1481 potestis
852 1428 1018 1473 credere,
1036 1429 1102 1476 qui
1124 1426 1292 1478 gloriam

303 1495 350 1530 ab
380 1494 600 1530 hominibus
624 1492 812 1541 accipitis,
830 1498 867 1527 et
891 1489 1070 1540 gloriam,
1090 1500 1176 1538 quae
1192 1500 1217 1523 a
1233 1499 1292 1523 so·-

305 1554 343 1590 lo
364 1554 447 1591 Deo
466 1562 533 1600 est,
557 1565 633 1589 non
654 1552 851 1602 quaeritis?
870 1550 931 1586 10.
949 1550 1003 1586 Et
1023 1548 1188 1584 mundus
1206 1561 1292 1584 eum

305 1630 382 1653 non
402 1616 594 1666 cognovit.
614 1612 683 1649 Hic
705 1611 882 1649 mundum
903 1618 1007 1649 vocat
1023 1607 1294 1646 multitudinem

304 1685 511 1728 corruptam
543 1684 575 1712 et
603 1673 750 1712 terrenis
780 1673 884 1710 rebus
912 1671 1119 1719 inhiantem,
1136 1670 1292 1718 turbam,

305 1739 453 1790 vulgus,
471 1737 697 1789 insipientem
719 1734 906 1787 populum.
928 1733 1021 1770 Nam
1043 1731 1110 1769 Dei
1132 1730 1239 1768 amici
1261 1740 1295 1769 et

306 1799 537 1839 admirabiles
562 1798 634 1837 viri
656 1811 776 1835 omnes
800 1795 932 1848 ipsum,
952 1794 1060 1831 etiam
1083 1802 1163 1830 ante
1180 1792 1297 1830 incar-

309 1862 503 1907 nationem,
527 1868 708 1898 noverant.
730 1860 784 1896 De
809 1855 1011 1909 patriarcha
1030 1854 1163 1907 quippe
1181 1853 1299 1892 nomi-

308 1925 419 1963 natim
433 1922 522 1961 dicit
539 1921 701 1959 Christus
715 1935 722 1956 ε
741 1920 945 1958 Abraham
959 1925 1071 1968 pater
1084 1925 1215 1954 vester
1229 1929 1299 1953 ex-

309 1986 484 2031 sultavit,
505 1992 546 2020 ut
560 1983 709 2019 videret
726 1982 824 2018 diem
840 1992 964 2016 meum
979 1993 990 2014 .-
1001 1985 1036 2015 et
1056 1978 1172 2023 vidit,
1186 1985 1221 2013 et
1235 1990 1301 2028 ga-

313 2051 412 2085 visus
434 2055 503 2084 est.
522 2046 576 2082 De
599 2042 740 2081 Davide
768 2050 888 2079 autem
911 2039 1054 2079 Judaeos
1079 2037 1262 2077 confutans
1289 2053 1296 2074 ε

316 2107 514 2159 Quomodo
529 2119 616 2157 ergo
637 2105 769 2142 David
782 2106 821 2140 in
834 2102 975 2153 Spiritu
989 2109 1105 2139 vocat
1117 2114 1203 2138 eum
1221 2100 1301 2137 Do-

314 2171 476 2212 minum,
492 2169 622 2204 dicens
643 2181 654 2201 .·
678 2166 789 2203 Dixit
804 2164 996 2200 Dominus
1018 2163 1187 2199 Domino
1206 2175 1301 2209 meo,

312 2231 408 2269 Sede
436 2243 461 2266 a
490 2229 634 2265 dextris
665 2228 784 2263 meis?
817 2226 865 2262 Ac
894 2238 986 2276 saepe
1014 2223 1086 2260 illis
1115 2222 1301 2270 obsistens,

313 2294 478 2344 Moysem
492 2297 674 2328 memorat.
690 2290 743 2326 De
759 2286 906 2337 reliquis
920 2300 1004 2324 vero
1020 2284 1203 2337 prophetis
1219 2298 1304 2335 apo-

313 2354 435 2392 stolus.
456 2353 588 2389 Omnes
616 2349 711 2388 enim
738 2348 929 2402 prophetas
954 2362 975 2384 a
1004 2346 1170 2385 Samuele
1201 2345 1306 2383 illum

315 2413 534 2466 cognovisse,
551 2421 585 2449 et
612 2411 807 2449 adventum
838 2410 913 2461 ejus
939 2408 1003 2446 diu
1031 2417 1110 2446 ante
1138 2420 1306 2461 praenun-

316 2475 419 2513 tiasse
452 2473 540 2511 dicit
569 2473 694 2510 Petrus
719 2470 776 2509 his
804 2469 924 2509 verbis
946 2471 1030 2507 :Et
1062 2481 1191 2506 omnes
1219 2481 1305 2519 pro-

314 2538 440 2588 phetae
461 2548 485 2571 a
500 2534 679 2573 Samuele
703 2541 738 2569 et
755 2533 933 2580 deinceps
947 2531 1015 2582 qui
1033 2529 1188 2581 loquuti
1204 2538 1306 2577 sunt,

319 2599 652 2635 annuntiaverunt
675 2595 756 2631 dies
776 2595 882 2631 istos.
903 2591 1036 2631 Jacobo
1055 2599 1173 2628 autem
1195 2598 1228 2627 et
1245 2604 1308 2642 pa-

318 2657 377 2706 tri,
393 2669 525 2693 necnon
555 2663 588 2692 ct
613 2669 680 2691 avo
708 2654 795 2705 ejus,
817 2661 850 2690 et
879 2651 979 2690 visus
997 2660 1031 2689 et
1050 2651 1223 2701 loquutus
1244 2659 1308 2697 est,

320 2719 434 2769 iisque
455 2717 566 2754 multa
585 2724 618 2753 et
641 2729 767 2765 magna
794 2728 828 2752 se
850 2713 1020 2751 daturum
1041 2721 1092 2750 est
1113 2711 1308 2764 pollicitus,
1331 2716 1354 2748 C

320 2794 399 2831 quae
424 2779 530 2816 etiam
549 2785 765 2826 exsequutus
784 2784 846 2812 est.
869 2774 1059 2820 Quomodo
1079 2788 1174 2826 ergo,
1190 2773 1309 2824 inqui-

320 2856 367 2889 es,
389 2840 463 2892 ipse
494 2837 609 2886 dixit,
637 2835 756 2874 Multi
783 2836 976 2885 propheta?
1008 2836 1218 2873 voluerunt
1245 2836 1311 2872 vi-

322 2903 411 2938 dere
430 2913 511 2947 quoe
537 2898 692 2944 videtis,
712 2904 747 2933 ec
779 2908 857 2931 non
882 2895 1087 2943 viderunt,
1119 2904 1153 2932 et
1175 2896 1311 2932 audire

324 2976 408 3013 quae
430 2960 590 3006 auditis,
609 2966 645 2994 et
670 2970 748 2993 non
765 2956 999 2992 audierunt?
1022 2957 1146 2992 Annon
1168 2955 1312 2993 fuerunt

323 3024 398 3076 ejus
417 3019 628 3073 cognitionis
644 3015 860 3070 participes?
881 3016 1039 3052 Fuerunt
1055 3025 1147 3053 certe
1170 3031 1177 3052 z
1200 3016 1310 3067 idque

368 3173 380 3187 ‘⁸
405 3159 518 3194 Morel.
534 3165 696 3204 ἐξήμαρτε.
716 3155 818 3189 ὃᾶνίὶ.
834 3163 867 3187 et
880 3155 954 3187 Mss.
972 3159 1139 3199 ἡμάρτανε.

368 3217 384 3241 tl
401 3217 494 3248 Unus
512 3220 664 3255 ὁμογενὴς,
689 3208 786 3241 male.
805 3205 906 3248 Quod
931 3216 1009 3237 mox
1031 3204 1115 3236 dicit
1133 3203 1335 3248 Chrysosto-

327 3280 409 3305 nnis,
429 3265 566 3299 Paulum
587 3265 840 3296 samosatenum
858 3260 891 3290 in
910 3256 1053 3289 mulieris
1072 3256 1244 3299 cujusdam
1262 3268 1337 3297 gra·

330 3322 423 3359 tiam,
443 3323 555 3361 γυναικί
571 3331 626 3351 τινι
643 3319 852 3360 χαριζόμενον,
872 3309 1010 3342 salutem
1023 3320 1115 3340 suam
1132 3307 1334 3350 prodidisse3

327 3370 368 3402 de.
384 3370 529 3402 Zenobia
550 3367 824 3411 Palmyrenorum
843 3361 953 3404 regina
972 3359 1109 3402 intelligi
1127 3358 1244 3401 debet,
1259 3371 1330 3402 quae

329 3421 462 3454 Paulum
481 3422 732 3451 samosatenum
757 3411 960 3456 aliquamdiu
979 3409 1136 3453 protexit.
1156 3409 1254 3450 Quod
1273 3421 1329 3442 au-

1323 247 1526 277 ARCHIEP.
1564 246 1648 276 CON
1657 244 1906 276 STANTINOP
1915 264 1924 273 .

1346 331 1472 380 γενοῦς.
1491 326 1535 367 Ὁ
1561 326 1628 380 γὰρ
1648 326 1798 371 ἀκούσας
1817 325 1869 365 ὅτι
1895 325 1992 378 ἔργον
2014 326 2117 363 αὐτοῦ
2132 320 2209 361 τόδε
2228 321 2268 359 τὸ
2287 327 2371 369 πᾶν,

1347 388 1410 426 κᾶν
1433 387 1564 441 σφόδρα
1584 387 1788 434 ἀναίσθητος
1808 381 1853 438 ᾗ,
1875 384 1938 424 κᾶν
1960 384 2100 438 ἐχθρὸς,
2123 382 2187 420 κᾶν
2206 380 2371 431 πολέμιος

1347 452 1409 496 τῆς
1428 448 1526 496 δόξης
1539 452 1598 487 τοῦ
1610 450 1718 496 Θεοῦ,
1737 448 1876 490 πάντως
1894 446 1953 484 καὶ
1968 445 2055 483 ἑκὼν
2071 444 2131 482 καὶ
2147 443 2239 481 ἄκων
2259 443 2370 492 ἀναγ-

1348 509 1560 556 κασθήσεται
1579 509 1647 562 πρὸ
1673 511 1741 546 τῶν
1763 507 1871 560 ἔργων
1892 508 2106 557 ὁμολογῆσαι
2128 504 2185 542 τὸν
2211 501 2371 548 ποιητήν.

1348 570 1456 610 ‘'Oosv
1478 587 1535 621 μοι
1559 570 1618 608 καὶ
1641 569 1827 620 θαυμάζειν
1845 567 1973 605 ἔπεισιν
1996 566 2048 603 ἀεὶ
2067 564 2129 612 τὴν
2151 562 2292 602 Παύλου
2312 565 2373 600 τοῦ

1351 630 1586 683 Σαμοσατέως
1619 630 1758 682 μανίαν,
1788 632 1862 671 πῶς
1890 628 1975 680 πρὸς
2001 626 2064 674 τὴν
2096 625 2186 665 οὕτω
2220 622 2373 676 φανερὰν

1352 693 1515 739 ἀλήθειαν
1532 691 1736 743 ἀντιὸλέψαι
1752 690 1941 741 ἐτόλμησε,
1961 688 2020 726 καὶ
2034 686 2122 726 ἑκὼν
2139 686 2257 724 ἑαυτὸν
2274 699 2376 722 κατε-

1353 754 1553 807 κρήμνισεν.
1578 752 1669 791 Οὐδὲ
1687 752 1754 805 γὰρ
1776 754 1919 803 ἀγνοῶν,
1944 748 2034 787 ἀλλὰ
2053 748 2113 786 καὶ
2128 747 2259 799 σφόδρα
2279 743 2376 787 εἰδὼς

1354 815 1577 868 οὴμάρτανε,
1611 814 1733 851 ταύτὸν
1755 812 1874 851 παθὼν
1902 818 1972 855 τοῖς
1997 809 2187 852 Ἰουδαίοις.
2208 806 2378 858 Καθάπερ

1355 876 1422 930 γὰρ
1438 878 1558 914 ἐκεῖνοι
1584 875 1668 928 πρὸς
1690 872 1890 927 ἀνθρώπους
1908 875 2072 925 ὁρῶντες,
2088 871 2127 909 τὸ
2145 872 2206 915 τῆς
2228 868 2378 911 πίστεως

1355 936 1560 991 προύδωκαν
1578 935 1670 988 ὑγιὲς
1684 964 1693 980 ,
1715 933 1840 977 εἰδότες
1864 932 1924 984 μὲν
1947 932 1998 971 ὅτι
2019 932 2118 974 αὐτός
2138 934 2230 970 ἐστιν
2249 929 2265 950 ¹¹

2280 932 2296 967 ὁ
2319 944 2380 980 μο-

1356 996 1494 1049 νογενὴς
1515 997 1598 1041 Υἱὸς
1628 999 1687 1034 τοῦ
1719 997 1829 1042 Θεοῦ,
1859 994 1915 1032 διὰ
1947 993 1982 1032 δὲ
2012 992 2090 1036 τοὺς
2117 992 2288 1043 ἄρχοντας
2318 991 2381 1041 οὐχ

1358 1059 1621 1109 ὁμολογοῦντες,
1639 1056 1696 1094 ἵνα
1721 1055 1768 1107 μὴ
1793 1055 2056 1106 ἀποσυνάγωγοι
2079 1053 2265 1104 γένωνται·
2294 1049 2381 1088 οὕτω

1360 1119 1418 1156 καὶ
1438 1123 1555 1156 τοῦτον
1584 1117 1720 1169 γυναικί
1747 1133 1814 1154 τινι
1842 1115 2082 1169 χαριζόμενον,
2114 1113 2176 1161 τὴν
2209 1110 2382 1163 σωτηρίαν

1361 1178 1463 1231 φασὶν
1481 1177 1671 1215 ἀποδόσθαι
1687 1177 1750 1224 τὴν
1766 1179 1901 1215 ἑαυτοῦ.
1919 1177 2036 1214 Δεινὸν
2053 1175 2120 1226 γὰρ
2131 1205 2140 1222 ,
2157 1174 2261 1216 ὄντως
2278 1171 2383 1210 δεινὸν

1360 1242 1422 1285 τ’ῆς
1457 1237 1648 1282 κενοδοξίας
1681 1242 1703 1284 ἠ
1735 1237 1913 1290 τυραννὶς,
1947 1236 2006 1274 καὶ
2039 1239 2150 1287 σοφῶν
2191 1231 2386 1286 ὀφθαλμοὺς

1362 1300 1548 1351 ἐκτυφλοῦν
1569 1299 1699 1346 ἱκανὸν,
1717 1297 1797 1336 ὅταν
1820 1297 1868 1348 μὴ
1898 1297 2062 1349 νηφωσιν.
2092 1298 2136 1334 Ei
2155 1296 2222 1348 γὰρ
2237 1299 2258 1341 ἡ
2282 1297 2387 1347 δωρο-

1363 1359 1461 1398 δοκία
1482 1364 1581 1398 τοῦτο
1602 1359 1714 1411 ἶσχιύει
1726 1389 1735 1406 ,
1754 1360 1874 1410 πολλῷ
1899 1359 2028 1408 μᾶλλον
2043 1357 2082 1395 τὸ
2096 1355 2222 1402 ταύτης
2241 1353 2389 1406 βιαιότε-

1365 1437 1421 1474 ρον
1436 1420 1556 1464 πάθος.
1575 1419 1643 1457 Διὰ
1661 1424 1761 1457 τοῦτο
1782 1418 1841 1456 καὶ
1857 1417 2034 1461 Ἰουδαίοις
2054 1417 2167 1469 ἔλεγεν
2184 1420 2201 1454 ὃ
2219 1414 2387 1469 Χριστός·

1364 1483 1446 1525 Πῶς
1467 1481 1610 1519 δύνασθε
1629 1479 1815 1527 πιστεύειν,
1837 1479 1936 1523 δόξαν
1959 1478 2057 1531 παρὰ
2079 1476 2270 1530 ἀνθρώπιον
2290 1479 2389 1527 λαμ-

1364 1542 1544 1590 ὅάνοντες,
1568 1541 1628 1579 καὶ
1649 1540 1711 1588 τὴν
1730 1539 1828 1584 δόξαν
1844 1539 1906 1587 τὴν
1932 1539 2029 1592 παρὰ
2044 1543 2103 1577 τοῦ
2120 1539 2222 1590 μόνου
2241 1540 2331 1576 Θεοῦ
2352 1539 2390 1576 οὖ

1363 1605 1560 1650 ζητοῦντες;
1580 1601 1650 1640 Καὶ
1670 1604 1687 1639 ὃ
1705 1601 1834 1652 κόσμος
1866 1601 1967 1639 αὐτὸν
1998 1603 2059 1639 οὐκ
2086 1600 2185 1652 ἔγνω.
2215 1598 2390 1637 Ἐνταῦθα

1362 1664 1490 1716 κόσμον
1506 1664 1545 1702 τὸ
1565 1662 1695 1710 πλῆθός
1711 1679 1794 1715 φησι
1808 1694 1817 1711 ,
1833 1663 1873 1701 τὸ
1893 1661 2140 1716 διεφθαρμένον
2157 1661 2217 1699 καὶ
2231 1667 2302 1704 τοῖς
2315 1660 2391 1713 γηΐ-

1362 1743 1431 1770 νοις
1445 1725 1680 1780 προστετηκὸς
1699 1725 1906 1778 πράγμασι,
1935 1725 1991 1762 τὸν
2020 1725 2175 1776 χυδαῖον,
2200 1724 2260 1761 καὶ
2275 1740 2390 1776 ταρα-

1364 1786 1481 1840 χώδη,
1497 1786 1556 1824 καὶ
1577 1785 1719 1832 ἀνόητον
1739 1785 1835 1823 λαόν.
1853 1785 1914 1829 Ὡς
1931 1784 1965 1823 οῗ
1977 1801 2015 1836 γε
2032 1788 2090 1823 τοῦ
2107 1786 2198 1822 Θεοῦ
2220 1784 2312 1836 φίλοι
2331 1783 2392 1822 καὶ

1367 1846 1560 1899 θαυμαστοὶ
1584 1846 1711 1890 πάντες
1740 1846 1841 1884 αὐτὸν
1863 1845 2062 1898 ἐπέγνωσαν
2093 1845 2153 1883 καὶ
2177 1845 2322 1897 πρὸτῆς
2341 1847 2392 1883 ἐν·

1368 1907 1496 1961 σάρκου
1511 1906 1712 1960 παρουσίας.
1729 1907 1799 1945 Καὶ
1824 1907 1904 1960 περὶ
1928 1906 1989 1957 μὲν
2009 1911 2068 1944 τοῦ
2086 1906 2307 1959 πατριάρχου
2332 1905 2392 1944 καὶ

1370 1969 1468 2012 αὐτὸς
1488 1967 1661 2019 ὄναμαστί
1680 1984 1782 2019 φησιν
1809 1970 1827 2006 ὃ
1848 1967 2017 2020 Χριστὸς,
2037 1967 2090 2006 ὅτι
2109 1966 2269 2020 Ἀδραὰμ
2287 1969 2304 2004 ὁ
2326 1983 2394 2004 πα-

1369 2046 1435 2082 τ·,ρ
1466 2032 1561 2080 ὑμῶν
1598 2028 1860 2080 ἠγαλλιάσατο,
1893 2027 1949 2066 ἵνα
1983 2027 2039 2080 ἴδῃ
2071 2027 2134 2075 τὴν
2163 2027 2298 2080 ἡμέραν
2330 2026 2393 2074 τὴν

1371 2091 1458 2141 ἐμήν
1470 2106 1477 2113 ·
1498 2089 1558 2128 καὶ
1574 2083 1642 2126 εἶδε
1656 2089 1716 2127 καὶ
1733 2089 1855 2143 ἐχάρη.
1875 2089 1944 2127 Καὶ
1961 2089 2040 2142 περὶ
2055 2094 2115 2127 τοῦ
2129 2088 2239 2127 Δαυὶδ
2253 2088 2289 2126 δὲ
2310 2088 2396 2127 Ἰου-

1372 2151 1486 2194 δαίους
1506 2149 1656 2201 ἐλέγχων
1687 2149 1799 2201 ἔλεγε·
1830 2152 1914 2193 Πῶς
1942 2144 1997 2188 οῦν
2020 2151 2130 2188 Δαυὶδ
2156 2153 2189 2189 ἐν
2215 2149 2396 2201 Πνεύματι

1371 2210 1499 2262 Κύριον
1523 2210 1621 2248 αὐτὸν
1642 2211 1741 2247 καλεῖ
1761 2209 1891 2261 λέγων·
1916 2203 2009 2249 εἶπεν
2029 2214 2046 2249 ὃ
2067 2210 2191 2264 Κύριος
2212 2213 2262 2263 τῷ
2278 2209 2397 2263 Κυρίῳ

1375 2286 1438 2321 μου
1451 2300 1460 2317 ,
1477 2270 1582 2308 κάθου
1602 2271 1640 2307 ἐκ
1661 2269 1778 2314 δεξιῶν
1800 2286 1885 2321 μου,
1913 2272 1984 2310 Καὶ
2003 2274 2182 2325 πολλαχοῦ
2198 2272 2282 2325 πρὸς
2303 2269 2396 2309 ἐκεί-

1374 2346 1450 2373 νους
1467 2330 1649 2382 ἱστάμενος
1670 2331 1847 2376 Μωϋσέως
1876 2333 2070 2383 μέμνηται·
2092 2333 2170 2386 περὶ
2190 2332 2226 2371 δὲ
2240 2334 2308 2370 τῶν
2324 2334 2399 2370 λοι-

1375 2394 1449 2429 πῶν
1473 2395 1658 2445 προφητῶν
1674 2396 1691 2431 ὃ
1707 2391 1906 2437 ἀπόστολος.
1927 2394 2070 2437 Πάντας
2085 2393 2154 2445 γὰρ
2168 2393 2245 2436 τοὺς
2261 2392 2399 2446 προφή-

1376 2470 1437 2498 τας
1468 2454 1537 2492 ἀπὸ
1564 2453 1735 2504 Σαμουὴλ
1757 2454 1942 2505 ἐγνωκέναι
1972 2455 2074 2507 φησὶν
2093 2459 2110 2493 ὁ
2130 2455 2263 2508 Πέτρος
2283 2454 2400 2502 αὐτὸν,

1377 2515 1436 2552 καὶ
1470 2514 1532 2562 τὴν
1564 2513 1756 2567 παρουσίαν
1789 2517 1890 2553 αὐτοῦ
1923 2515 2098 2569 πόρρωθεν
2126 2521 2400 2568 προαναφωνεῖν,

1378 2575 1468 2614 οὕτω
1488 2575 1598 2627 λέγων
1611 2591 1618 2598 ·
1641 2576 1710 2613 Καὶ
1730 2576 1856 2619 πάντες
1882 2579 1912 2614 οἱ
1932 2580 2108 2629 προφῆται
2136 2576 2204 2614 ἀπὸ
2231 2575 2402 2627 Σαμουὴλ

1379 2637 1521 2675 καὶτῶν
1540 2639 1684 2682 καθεςῆς
1704 2635 1776 2674 ὅσοι
1796 2636 1982 2684 ἐλάλησαν,
2002 2637 2062 2674 καὶ
2090 2636 2322 2689 κατήγγειλαν
2341 2636 2403 2679 τὰς

1718 2696 1816 2712 ΝΝΧ)

1379 2697 1512 2749 ἡμέρας
1525 2697 1664 2741 ταύτας.
1679 2699 1712 2735 Τ
1714 2715 1742 2749 ῳ
1757 2712 1792 2735 οε
1822 2696 1937 2735 lamb&
1952 2697 2011 2735 καὶ
2024 2701 2074 2749 τῷ
2089 2697 2194 2750 πατρὶ
2209 2700 2259 2749 τῷ
2272 2697 2403 2745 τούτου,

1380 2758 1497 2809 ὥσπερ
1518 2751 1574 2796 οῦν
1603 2757 1662 2795 καὶ
1684 2760 1733 2809 τῷ
1761 2756 1917 2809 πάππῳ,
1940 2757 1999 2795 καὶ
2016 2758 2123 2809 ἐφάνη
2146 2758 2205 2794 καὶ
2223 2757 2402 2809 διελέχθη,

1380 2819 1565 2858 καὶπολλὰ
1586 2818 1646 2856 καὶ
1667 2817 1804 2869 μεγάλοι
1824 2817 1995 2869 ὑπέσχετο
2018 2817 2139 2856 δώσειν
2159 2817 2272 2869 ἀγαθὰ
2287 2848 2296 2866 ,
2315 2818 2404 2870 ἅπερ

1381 2880 1436 2924 οῦν
1469 2884 1529 2922 καὶ
1560 2885 1606 2927 εἷς
1628 2882 1726 2936 ἔργον
1746 2882 1917 2934 ἐξήνεγκε.
1948 2884 2032 2927 Πῶς
2060 2876 2130 2931 οῦν,
2159 2883 2274 2935 φησὶν,
2306 2885 2406 2928 αὐτὸς

1379 2953 1475 3002 ἔλεγε
1487 2966 1494 2973 ·
1521 2949 1654 2987 Πολλοὶ
1669 2952 1845 3001 προφῆται
1862 2948 2084 2999 ἐπεθύμησαν
2103 2950 2185 2987 ἰδεῖν
2202 2950 2223 2987 ἃ
2239 2950 2404 3001 βλέπετε,

1382 3016 1443 3054 καὶ
1457 3018 1517 3054 οὐκ
1535 3008 1635 3062 εἶδον,
1650 3014 1711 3051 καὶ
1729 3017 1873 3053 ἀκοῦσαι
1891 3014 1913 3051 ἃ
1930 3014 2076 3062 ἐκούετε,
2094 3015 2153 3053 καὶ
2166 3018 2228 3054 οὐκ
2242 3015 2407 3063 ἤκουσαν,

1404 3164 1471 3188 tem
1487 3153 1580 3196 dicit,
1599 3153 1735 3186 Paulum
1752 3155 1785 3185 in
1803 3154 1946 3186 mulieris
1964 3154 2049 3187 illius
2066 3156 2219 3198 gratiam,
2236 3162 2268 3187 et
2290 3163 2406 3187 contra

1403 3218 1503 3250 quam
1521 3208 1588 3248 ipse
1611 3203 1774 3238 sentiebat
1794 3205 1941 3238 haeresim
1966 3206 2054 3238 illam
2079 3206 2271 3249 protulisse,
2297 3206 2407 3240 nescio

1403 3271 1445 3291 an
1459 3258 1540 3290 alius
1557 3269 1701 3301 unquam
1718 3258 1850 3289 dixerit.
1870 3260 1963 3290 Inter
1977 3259 2039 3291 alia
2053 3268 2163 3291 autem
2178 3259 2311 3291 dicebat
2324 3260 2404 3291 Pau-

1403 3308 1452 3342 lus
1466 3310 1702 3342 Samosatenus
1718 3309 1837 3340 Filium
1856 3311 1888 3341 in
1904 3311 2000 3343 Patre
2017 3311 2150 3354 quidem
2161 3322 2247 3353 esse,
2267 3311 2323 3343 sed
2341 3323 2405 3345 non

1395 3365 1605 3402 ἐνοπὸστατον,
1625 3371 1691 3392 nou
1706 3359 1904 3403 hypostasin
1925 3360 2046 3395 habere
2063 3374 2169 3404 suam,
2186 3361 2276 3406 quod
2290 3362 2333 3395 ad
2348 3364 2407 3396 Sa·-

1397 3411 1485 3444 bellii
1503 3411 1637 3444 haeresin
1651 3411 1840 3444 accedebat.
