2450 3683
286 207 362 236 xiv
1212 200 1419 231 MONiTUM

287 288 444 337 ignavici
461 299 589 323 eorum
609 287 675 336 qui
696 287 855 322 aberant
880 298 904 320 a
923 286 1117 321 concione.
1140 283 1200 320 De
1217 282 1377 333 psalmis
1397 278 1599 324 canendis,
1622 285 1657 315 et
1677 279 1782 328 quod
1797 278 1971 316 nuilieres
1994 277 2092 314 nihil
2108 289 2219 314 sexus
2239 278 2358 327 impe-

289 350 370 386 diat
390 350 594 398 quominus
615 348 773 384 virtutis
787 359 938 383 cursum
958 345 1180 395 suscipiant.

342 413 528 448 Initium:
551 409 611 452 Ὡς
630 409 756 455 ἡδίστη
775 412 796 454 ἡ
816 410 884 445 τῶν
906 408 1054 458 Γραφῶν
1077 405 1287 455 ἀνάγνωσις,
1312 405 1369 443 καὶ
1388 406 1554 454 λειμῶνος
1574 402 1701 444 παντὸς
1729 402 1855 449 ἡδίων,
1879 401 1937 439 καὶ
1958 401 2182 453 παραδείσου.
2213 398 2361 436 Titulus

290 473 465 510 concionis
484 480 733 523 argumentum
751 470 835 508 satis
853 470 966 507 affert.

1289 588 1360 626 Vl.

342 714 488 764 Ὁμιλία
515 716 656 765 ρηθεῖσα
675 713 709 748 ἐν
731 715 801 753 τοῖς
821 709 1027 752 ἀποστόλοις
1050 710 1084 746 ἐν
1102 710 1144 760 τῇ
1161 706 1278 759 ἡμέρᾳ
1301 706 1488 746 Θεοδοσίου
1515 705 1698 757 βασιλέως,
1719 706 1803 757 πρὸς
1822 706 1899 749 τοὺς
1918 706 2108 747 καλοῦντας
2127 703 2268 746 ἑαυτοὺς
2287 704 2357 741 Κα-

291 776 429 827 θαροὺς,
451 776 575 827 ἑτέρων
592 773 624 812 δ’
646 773 844 812 ἐπισκόπων
865 772 1069 824 εἰρηκότων.
1100 771 1275 809 Homilia
1293 772 1427 809 habita
1444 773 1484 807 in
1499 769 1662 808 ecclesia
1682 770 1958 820 Apostolorum
1972 798 1980 814 ,
1998 770 2039 804 in
2070 768 2131 804 die
2161 767 2365 805 Theodosii

289 842 548 889 Imperatoris,
568 838 751 887 adversus
765 850 827 874 eos
847 838 916 887 qui
933 848 1013 874 sese
1032 835 1220 873 Calliaros
1233 836 1312 873 sive
1332 834 1495 871 mundos
1511 841 1667 870 vocant.
1692 834 1840 870 Habita
1861 840 2068 884 postquam
2086 831 2162 868 duo
2183 832 2267 882 jam
2288 834 2366 881 epi-

290 913 391 951 scopi
414 902 635 937 concionati
653 907 792 936 essent.

343 965 525 1001 Initium:
549 961 650 1006 Καλὴ
672 963 740 998 τῶν
757 958 945 1011 εἰρηκότων
959 961 981 1005 ἡ
998 958 1155 1011 ξυνωρὶς,
1177 962 1236 996 τοῦ
1258 957 1320 1009 μὲν
1337 957 1393 995 διὰ
1408 959 1476 995 τῶν
1498 958 1586 1008 βοῶν
1606 955 1668 1002 τὴν
1689 955 1836 993 manebit
1855 955 2025 1002 ἕλκοντος,
2046 957 2105 992 τοῦ
2124 954 2233 997 δὲτὰς
2251 956 2362 1007 ἀπαρ-

290 1027 354 1079 χὰς
370 1028 437 1063 τῶν
452 1024 562 1075 λόγων
584 1022 811 1064 ἀνατιθέντος.
827 1021 914 1058 Erat
929 1020 1092 1071 quaedam
1107 1020 1296 1058 constituta
1309 1019 1383 1056 dies
1396 1019 1442 1055 ad
1457 1017 1702 1055 celebrandam
1718 1017 1925 1054 memoriam
1941 1015 2133 1053 Theodosii
2156 1016 2281 1066 Magni
2294 1017 2368 1055 Im-

289 1087 471 1140 peratoris,
487 1087 589 1137 cujus
612 1084 733 1122 laudes
749 1082 919 1136 prscdicat
936 1083 1036 1120 initio
1053 1082 1231 1121 concionis
1253 1082 1540 1134 Chrysostomus.
1571 1081 1610 1117 In
1635 1079 1752 1117 medio
1779 1089 1896 1116 autem
1911 1079 2030 1116 hiatus
2056 1087 2119 1128 est,
2140 1078 2229 1129 proh
2253 1078 2369 1128 dolor,

290 1151 430 1189 duobus
448 1149 574 1187 excisis
590 1147 821 1199 manuscripti
843 1146 948 1184 foliis.
967 1145 1106 1184 Deinde
1122 1155 1241 1183 contra
1257 1144 1439 1182 haereticos
1456 1143 1534 1180 illos
1548 1143 1621 1193 agit
1634 1142 1695 1192 qui
1718 1156 1753 1179 se
1775 1142 1947 1179 catharos
1973 1156 2033 1179 scu
2047 1141 2198 1179 mundos
2212 1141 2369 1193 appella-

290 1214 385 1251 bant.
406 1213 506 1264 Saepe
520 1211 702 1250 eveniebat
713 1219 763 1257 ut,
790 1218 976 1259 antequam
995 1208 1276 1258 Chrysostomus
1307 1205 1496 1243 homiliam
1510 1219 1611 1241 suam
1626 1204 1769 1241 haberet
1787 1203 1833 1241 ad
1855 1204 2044 1256 populum,
2065 1203 2157 1241 alius
2180 1204 2368 1256 episeopus

291 1275 564 1314 concionaretur.
582 1273 649 1310 Hie
665 1286 746 1310 vero
760 1271 832 1308 duo
852 1269 1007 1322 episcopi
1023 1269 1227 1308 concionem
1243 1267 1489 1320 Chrysostomi
1504 1275 1757 1319 praevenerant.

1285 1448 1382 1487 VII.

345 1573 491 1622 Ὁμιλία
510 1574 675 1623 λεχθεῖσα
695 1573 730 1609 ἐν
749 1573 798 1622 τῷ
818 1571 889 1620 ναῷ
906 1571 968 1614 τῆς
988 1568 1087 1620 ἁγίας
1107 1567 1344 1610 Ἀναστασίας.
1364 1568 1535 1604 Homilia
1565 1568 1700 1604 habita
1720 1568 1760 1602 in
1791 1565 1929 1615 templo
1959 1573 2102 1602 sunctce
2134 1564 2370 1611 Anastasia&

347 1637 507 1673 Initium
529 1650 538 1669 .·
562 1633 700 1686 Βραχὺς
728 1633 791 1683 μὲν
811 1635 880 1670 τῶν
900 1631 1080 1683 παρόντων
1100 1634 1118 1669 ὁ
1133 1631 1316 1681 σύλλογος,
1341 1630 1449 1681 μέγας
1468 1629 1503 1667 δὲ
1519 1632 1536 1666 ὁ
1554 1628 1673 1671 πόθος·
1695 1627 1812 1679 διόπερ
1833 1626 1909 1664 οὐδὲ
1930 1630 1947 1664 ὁ
1971 1626 2143 1676 σύλλογος·
2165 1626 2307 1678 βραχύς.
2332 1627 2373 1663 In

290 1700 358 1737 hoc
380 1707 496 1735 autem
510 1705 717 1748 argumento
733 1711 794 1748 per
811 1704 918 1732 totam
944 1694 1147 1731 concionem
1173 1693 1325 1741 insistit,
1341 1707 1410 1730 non
1425 1702 1498 1730 tam
1522 1689 1746 1743 spectandum
1767 1703 1840 1727 csse
1858 1688 2061 1726 auditorum
2080 1687 2369 1736 multitudinem,

295 1775 401 1812 (piam
419 1759 562 1798 illorum
581 1759 768 1807 servorem,
788 1771 959 1807 amorem,
978 1755 1137 1794 discendi
1152 1755 1384 1794 desiderium.

1278 1923 1402 1962 VIII.

350 2047 496 2098 Ὀμιλία
514 2049 676 2098 λεχθεῖσα
695 2047 729 2083 ἐν
743 2048 785 2097 τῇ
803 2044 973 2095 ἐκκλησίᾳ
990 2046 1032 2095 τῇ
1055 2043 1110 2081 ἐπὶ
1134 2044 1295 2089 Παῦλον,
1311 2042 1448 2081 Γότθων
1469 2042 1704 2093 ἀναγνόντων,
1722 2041 1781 2079 καὶ
1801 2042 2036 2094 πρεσὸυτέρου
2052 2042 2181 2081 Γότθου
2198 2059 2372 2095 προσομι-

298 2111 466 2157 λήσαντος
486 2110 593 2157 (forte
608 2108 944 2161 προομιλήσαντος).
962 2106 1134 2144 Homilia
1152 2107 1288 2143 habita
1314 2109 1354 2143 in
1373 2106 1536 2143 ecclesia
1555 2105 1699 2151 Pauli,
1733 2106 1891 2143 Gottliis
1924 2107 2148 2158 legentibus,
2170 2116 2374 2158 postquam

302 2175 468 2212 Gotthus
487 2174 688 2224 presbyter
703 2173 951 2208 concionatus
961 2169 1114 2220 suerat.

350 2237 532 2272 Initium:
551 2233 772 2283 Ἐζὶουλόμην
793 2237 955 2283 παρεῖναι
971 2230 1152 2276 Ἕλληνας
1171 2230 1337 2282 τήμερον,
1358 2230 1448 2267 ὥστε
1473 2231 1542 2267 τῶν
1572 2229 1842 2280 ἀνεγνωσμένων
1870 2230 2018 2267 ἀκοῦσαι
2041 2229 2100 2267 καὶ
2128 2233 2248 2279 μαθεῖν
2280 2230 2376 2277 πόση

299 2301 358 2335 τοῦ
378 2296 632 2348 σταυρωθέντος
647 2299 668 2341 ἡ
689 2294 798 2346 ἰσχύς.
819 2295 1008 2345 Comparat
1022 2292 1223 2329 doctrinam
1240 2293 1450 2330 Graecorum
1466 2290 1747 2340 idololatrarum,
1766 2291 1941 2341 etiamque
1964 2291 2273 2343 philosophorum,
2291 2307 2379 2343 quos

299 2359 424 2396 acriter
440 2357 587 2404 mordet,
607 2355 859 2394 cumdoetrinn
880 2354 1029 2391 Christi.
1052 2353 1219 2404 Dicitque
1243 2353 1342 2390 illam
1361 2353 1466 2390 etiam
1488 2352 1583 2404 apud
1605 2354 1749 2390 Graecos
1772 2353 1867 2404 ipsos
1883 2366 1970 2404 pene
1997 2352 2185 2403 interiissc,
2207 2354 2295 2391 dnm
2308 2353 2378 2391 do—

301 2419 411 2456 ctrina
432 2418 566 2455 Christi
580 2418 676 2468 viget
695 2416 799 2453 etiam
818 2414 914 2467 apud
934 2415 1103 2452 barbaras
1123 2423 1156 2452 et
1178 2414 1281 2465 longe.
1300 2423 1449 2451 remotas
1467 2413 1645 2463 nationcs;
1663 2414 1846 2452 occasione
1869 2414 2003 2451 scilicet
2022 2414 2239 2452 Gotthorum
2266 2415 2300 2452 in
2325 2430 2379 2453 ce-

305 2480 406 2517 clesia
426 2479 616 2531 legentium
630 2487 663 2515 ct
684 2476 979 2515 concionantium.

1317 2598 1387 2636 IX.

363 2730 434 2766 Τοῦ
455 2729 579 2773 αὐτοῦ,
608 2727 687 2778 περὶ
707 2730 765 2763 τοῦ
787 2726 834 2776 μὴ
867 2728 933 2764 δεῖν
966 2730 1012 2770 εἰς
1041 2726 1293 2779 ἱπποδρομίας,
1316 2728 1403 2775 μηδὲ
1425 2729 1471 2770 εἰς
1491 2726 1617 2779 θέατρα
1641 2725 1852 2763 ἀναὸαίνειν.
1875 2726 1943 2763 Καὶ
1962 2725 2121 2771 λυπήσας
2141 2724 2276 2772 αὐτοὺς,
2303 2719 2377 2762 εἶτα

309 2795 351 2843 τῇ
373 2791 508 2836 συνάξει
527 2794 568 2842 τῇ
590 2792 664 2841 μετ’
686 2789 818 2835 ἐκείνην
836 2789 897 2834 τὴν
920 2790 1107 2840 κυριακὴν,
1128 2791 1390 2843 παραχωρήσας
1410 2792 1519 2827 εἰπεῖν
1539 2788 1720 2839 ἐπισκόπῳ
1736 2789 1804 2825 ἀπὸ
1830 2787 2006 2830 Γαλατίας
2034 2787 2234 2839 ἀφιγμένῳ,
2255 2787 2314 2825 καὶ
2331 2803 2384 2825 σι-

309 2855 420 2905 γήσας
435 2855 492 2892 καὶ
513 2857 547 2892 ἐν
564 2853 674 2904 τούτῳ
690 2851 849 2897 λυπήσας
862 2881 870 2895 ,
890 2851 1018 2896 ταύτην
1042 2852 1157 2903 εἴρηκε
1178 2853 1239 2900 τὴν
1260 2853 1398 2904 ὁμιλίαν
1416 2854 1450 2890 ἐν
1467 2854 1509 2903 τῇ
1531 2850 1666 2902 μεγάλῃ
1690 2850 1858 2901 ἐκκλησίᾳ
1878 2852 1924 2893 εἷς
1943 2850 2004 2895 τὸ,
2023 2849 2067 2887 ‘0
2092 2850 2218 2901 Πατήρ
2236 2866 2300 2900 μου
2322 2849 2386 2893 ἕως

311 2918 390 2969 ἄρτι
409 2917 601 2969 ἐργάζεται,
622 2914 719 2965 κάγὼ
738 2914 940 2965 ἐργάζομαι.
966 2915 1169 2964 Ejusdem,
1188 2918 1293 2967 quod
1321 2916 1501 2953 accedere
1527 2928 1604 2950 non
1628 2921 1799 2963 oporteat
1818 2914 1870 2949 ad
1893 2913 2088 2950 Circenses
2111 2913 2239 2960 ludos,
2261 2926 2387 2963 neque

310 2982 363 3017 ad
380 2982 541 3017 theatra.
566 2980 738 3028 Cumque
758 2977 849 3013 illos
877 2989 1034 3012 moerorc
1051 2978 1272 3028 affecisset,
1294 2979 1353 3025 (in
1371 2978 1601 3028 praecedenti
1620 2975 1803 3012 ‘videlicet
1821 2977 2024 3023 concione)
2040 2976 2255 3026 deindeque
2270 2977 2312 3012 in
2330 2987 2386 3011 se-

313 3044 449 3094 quenti
465 3044 661 3086 concione,
685 3053 769 3091 quae
793 3047 878 3088 post
896 3038 1006 3075 illam
1027 3038 1272 3075 Dominicam
1293 3040 1540 3091 liubitafuit,
1571 3038 1696 3074 locum
1717 3037 1975 3073 concionandi
2011 3038 2180 3074 cessisset
2213 3037 2385 3087 episcopo

313 3107 379 3156 qui
392 3119 439 3142 ex
456 3104 616 3142 Galatia
635 3109 818 3149 venerat,
842 3103 995 3151 ipseque
1016 3102 1210 3147 tacuisset,
1229 3109 1346 3149 atque
1365 3105 1406 3138 in
1433 3103 1504 3138 hoc
1532 3101 1648 3136 etiam
1676 3099 1808 3136 dolore
1832 3099 2046 3151 a[fecisset,
2065 3100 2166 3136 hanc
2184 3101 2225 3134 in
2244 3111 2387 3149 magna

314 3166 494 3204 Ecclesia
510 3167 642 3202 habuit
670 3162 872 3200 homiliam
888 3164 930 3198 in
947 3162 1049 3198 illud
1062 3177 1072 3197 .·
1095 3163 1199 3198 Pater
1220 3175 1319 3199 meus
1335 3177 1444 3212 usque
1463 3161 1567 3200 modo
1583 3169 1758 3213 operatur,
1779 3169 1812 3197 et
1827 3174 1890 3211 ego
1905 3175 2042 3212 operor.

366 3228 525 3265 Initium
539 3242 551 3263 .-
572 3224 712 3277 Eodem
735 3223 948 3275 καθηψάμην
967 3225 1062 3274 ὑμῶν
1084 3222 1207 3275 πρῴην
1227 3223 1306 3274 περὶ
1327 3224 1478 3275 θεάτρων
1498 3223 1557 3262 καὶ
1577 3221 1811 3274 ἱπποδρομίας
1837 3223 2046 3274 διαλεχθείς·
2067 3223 2124 3260 διὰ
2145 3225 2246 3259 τοῦτο
2270 3220 2385 3273 χαίρω

316 3290 374 3328 καί
394 3289 622 3341 εὖφραίνομαι
641 3285 730 3324 κατὰ
744 3285 807 3332 τὴν
825 3284 1059 3332 ἀποστολικὴν
1079 3284 1209 3337 φωνήν.
1231 3284 1319 3331 Quoe
1337 3285 1372 3322 in
1390 3285 1493 3323 titulo
1515 3286 1676 3324 seruntur
1692 3284 1748 3322 hic
1768 3283 1932 3335 pluribus
1961 3285 2134 3336 explicat,
2164 3281 2387 3333 ostenditque

317 3363 423 3399 (piam
438 3363 573 3387 neeesse
587 3349 630 3387 sit
647 3347 839 3398 aliquando
853 3346 1032 3384 auditores
1044 3346 1161 3384 acrius
1179 3345 1358 3384 incessere.
