2481 3678
619 213 659 242 IN
697 214 905 244 sommum
944 214 1096 245 ιιοΜιι.
1136 214 1330 246 xxxvm.
1370 201 1430 245 al.
1471 216 1649 246 xxxvn.
2081 203 2168 250 253

99 295 200 332 λάῧοι
218 309 289 341 τις,
313 293 431 346 ὥσπερ
450 295 524 330 ἐστὶ
544 294 726 345 πρόχειρον
748 295 922 343 ἐκλαὸεῖν,
942 295 1118 341 σκόπησον

98 355 216 399 ἡλίκον
237 356 355 407 ἕψεται
374 354 413 392 τὸ
432 353 571 392 ἄτοπον.
589 354 682 393 Οὐοὲ
702 355 769 407 γὰρ
784 350 890 404 εἶπεν,
913 355 966 394 ὅτι
984 356 1028 394 τὰ
1055 355 1118 405 μὲν

97 415 240 453 ούναται
268 417 326 466 ἀφ’
350 417 472 453 ἑαυτοῦ
502 420 625 461 ποιεῖν,
645 415 688 454 τὰ
716 415 751 454 ’δὲ
774 419 811 455 οὐ
841 416 1004 463 δύναται,
1027 415 1116 454 ἀλλὰ

95 475 242 514 καθόὶου
256 479 369 514 εἶπεν·
386 476 474 513 06
455 475 598 513 ούναται
620 478 637 513 ὁ
657 477 713 514 Y‘
693 492 739 520 ιος
763 483 873 515 ποιεῖν
906 479 965 528 ἀφ’
994 479 1116 514 ἑαυτοῦ

96 536 193 574 οὐδεν

149 596 192 634 Γ
198 596 336 650 ρωμεθα
361 598 473 636 τοίνυν
501 599 560 638 τὸν
593 600 817 651 ἀντιλέγοντα
845 597 999 642 τούτοις·
1023 597 1117 636 οὐδὲν

97 660 155 695 οὖν
174 660 232 710 ἀφ’
255 660 377 697 ἑαυτοῦ
399 659 540 698 δύναται
558 667 668 699 ποιεῖν
691 665 709 699 ὁ
726 660 829 707 Υἱὸς,
850 658 926 697 εἰπέ
942 673 1025 710 μοι,
1045 658 1119 697 Κᾶν

97 717 196 769 Εἴπῃ,
216 735 270 756 ΟΤΙ.
301 720 377 758 0602-
365 736 410 766 -ν,
433 736 599 773 ἐροῦμεν,
628 721 681 759 ὁτι
707 737 766 758 και
789 719 857 770 μην
887 734 926 757 ‘to
959 718 1005 770 μέ
1005 735 1129 771 (ἱστοῦ

96 780 165 816 τῶν
188 781 359 830 ἀγαθων
343 782 400 833 αφ’
422 784 544 819 ἑαυτοῦ
573 781 765 828 πεποίηκε·
794 780 854 819 καὶ
875 783 940 832 βοᾷ
964 781 1121 828 Παῦλος,

97 840 231 892 λέγων·
251 841 348 885 ο’ος
333 858 366 880 εν
387 857 502 895 μορφῃ
532 844 658 881 Θεοῦε
645 841 826 918 υπάρχων,
849 843 916 894 οὐχ
937 842 1121 894 ἇρπαγμον

97 901 255 976 ἡγήσατο
271 903 311 941 τὸ
330 907 418 940 εἶναι
431 903 490 941 ἴσα
504 904 606 956 Θεῳ,
624 904 700 942 ἀλλ’
718 903 837 942 ἑαυτὸν
855 902 1022 951 ἐκένωσε,
1039 918 1123 953 μορ-

1191 308 1307 344 secus;
1327 295 1390 333 sed
1413 295 1607 346 generatim
1629 295 1716 333 dicit
1740 311 1746 331 :
1767 295 1828 333 19.
1852 298 1941 334 Non
1964 306 2085 347 potest
2107 301 2173 336 Fi-

1191 355 1265 393 lius
1287 370 1313 393 a
1331 359 1530 407 semetipso
1548 357 1922 409 quidquamsacere.

1243 597 1280 634 4.
1294 596 1598 647 Interrogabimus
1625 609 1710 648 ergo
1729 596 2041 648 contradicentem,
2057 597 2175 636 Nihil-

1192 671 1234 695 ne
1253 667 1366 710 potest
1383 672 1403 696 a
1422 658 1609 710 semetipso
1625 658 1738 696 facere
1757 657 1900 696 Filius?
1924 659 1962 697 Si
1990 658 2177 712 responde-

1192 719 1254 768 rit,
1270 719 1394 769 Nihil,
1412 733 1624 771 reponemus
1641 735 1648 755 :
1664 719 1771 770 Atqui
1786 719 1986 757 maximum
2003 720 2179 758 bonorum

1192 794 1256 833 per
1277 781 1506 833 semetipsum
1531 781 1634 828 fecit,
1667 780 1706 818 id
1736 780 1832 832 quod
1862 781 1997 819 Paulus
2023 781 2175 829 clamat,

1198 843 1273 892 Qui
1303 857 1389 880 eum
1414 846 1456 880 in
1468 844 1610 896 forma
1638 844 1714 880 Dei
1742 851 1860 889 esset,
1896 857 1973 880 non
1997 846 2177 895 rapinam
2193 854 2326 893 Philipp.
2344 862 2377 884 2.

1194 906 1407 943 arbitratus
1435 913 1492 943 est
1521 918 1602 943 esse
1620 918 1659 943 se
1679 905 1869 956 [equalem
1897 906 2004 952 Deo,
2028 906 2095 944 sed
2120 919 2177 943 se·
2189 896 2219 926 6·

97 961 164 1014 φὴν
182 962 302 1001 δούλου
322 962 415 1001 λαξ
393 980 452 1002 ων
472 963 543 1002 Και
558 964 663 1002 πάλιν
684 963 785 1008 αὐτὸς
803 967 821 1002 ὃ
841 962 992 1016 Χριστὸς
1010 964 1121 1002 ἀλλα-
1144 966 1170 997 D
1193 968 1394 1017 metipsum
1409 967 1848 1018 examinavic,formam
1858 968 1957 1004 servi
1970 969 2175 1017 accipiens.

96 1027 180 1074 χοῦ·
197 1023 378 1068 Ἐξουσίαν
401 1025 471 1077 ἔχω
486 1029 595 1064 θεῖναι
610 1025 673 1073 τὴν
697 1024 812 1077 ψυχήν
831 1041 914 1076 μου,
937 1024 996 1062 καὶ
1026 1024 1123 1069 ἐξου-

96 1083 174 1121 σίαν
201 1083 272 1136 ἔχω
291 1085 411 1124 λαὸεῖν
439 1085 561 1134 αὐτὴν,
592 1085 651 1124 καὶ
681 1086 790 1129 οὐδεὶς
820 1085 910 1136 αἴρει
931 1084 1039 1132 αὐτὴν
1061 1087 1122 1123 ἀπ’

96 1145 182 1195 ἐμοῦ
195 1161 202 1169 ·
226 1145 293 1198 ἐγὼ
315 1146 438 1197 τίθημι
458 1147 564 1194 αὐτὴν
582 1149 642 1185 ἀπ’
664 1148 828 1197 ἐμαυτοῦ.
851 1147 961 1199 (Ορᾷς
980 1146 1040 1184 καὶ
1060 1150 1123 1184 θα-

96 1206 200 1244 νάτου
225 1207 284 1246 καὶ
316 1209 405 1254 ζωῆς
437 1207 590 1253 ἐξουσίαν
611 1208 754 1260 ἔχοντα,
774 1208 833 1246 καὶ
859 1207 923 1255 τὴν
951 1207 1122 1253 τοσαύτην

94 1268 292 1318 οἰκονομίαν
304 1270 362 1321 ἀφ’
383 1271 505 1307 ἑαυτοῦ
524 1269 780 1321 ἐργασάμενον;
796 1268 867 1307 Καὶ
884 1268 919 1307 τί
934 1268 1027 1319 λε’γω
1042 1269 1123 1321 περὶ

96 1332 155 1366 τοῦ
176 1330 348 1380 Χριστοῦ,
367 1329 490 1380 ‘Haste
509 1330 589 1382 γὰρ,
605 1324 652 1367 ὧν
679 1331 774 1368 οὐδὲν
804 1329 1041 1380 εὐτελέστερον
1064 1330 1125 1381 γε’-

96 1391 179 1428 νοιτ’
195 1388 249 1437 ἂν,
264 1390 378 1428 πολλὰ
392 1392 449 1442 ἀφ’
466 1393 599 1428 ἑαυτῶν
614 1391 830 1442 πράττομεν,
848 1390 907 1428 καὶ
922 1390 1047 1428 κακίαν
1066 1392 1123 1442 ἀφ’

96 1452 229 1488 ἑαυτῶν
249 1450 466 1502 αἱρούμενοι,
487 1451 544 1488 καὶ
572 1450 700 1502 ἀρετὴν
716 1453 773 1502 ἀφ’
797 1453 930 1488 ἑαυτῶν
947 1451 1123 1502 μετερχό-

96 1525 205 1586 μἩενοι.
236 1512 280 1548 Εἰ
303 1512 340 1549 δὲ
368 1511 415 1561 μὴ
437 1514 494 1563 ἀφ’
514 1514 658 1557 ἑαυτων,
679 1510 766 1559 μηόε
787 1510 943 1554 ἐξουσίαν
963 1511 1099 1562 ἔχοντες
1114 1538 1124 1557 ‚

95 1572 164 1610 οὔτ’
181 1574 228 1615 εἷς
246 1571 386 1623 γέενναν
404 1571 661 1624 ἁμαρτάνοντες
680 1570 881 1629 ἐμπεσούμε
868 1575 946 1619 τ,θα
963 1571 1041 1609 οὔτε
1061 1574 1124 1622 βα-

96 1632 228 1676 σιλείας
257 1637 503 1685 κατορθοῦντες
527 1634 603 1670 ἐπι
594 1631 787 1683 ευξόμεθα.
820 1632 930 1670 Οὐδεν
954 1636 1011 1670 οὖν
1038 1634 1124 1671 ἄλλο

98 1709 171 1731 εστι
197 1693 258 1742 τὸ,
291 1693 364 1746 Ἀφ’
388 1696 509 1732 ἑαυτοῦ
535 1695 572 1732 06
597 1693 740 1732 δύναται
761 1700 871 1732 ποιεῖν
895 1693 971 1732 οὐδὲ
975 1710 1007 1742 ν,
1029 1694 1052 1739 ἢ
1072 1694 1124 1732 ὅτι

95 1754 191 1793 οὐδὲν
208 1751 363 1792 ’ἐναντίον
383 1757 433 1807 τῷ
456 1755 593 1807 Πατρὶ,
613 1754 708 1794 οὐδὲν
729 1755 922 1809 ἀλλότριον,
950 1754 1047 1793 οὐδὲν
1067 1754 1124 1799 ξέ-

96 1830 165 1861 νον,
195 1815 214 1853 8
242 1814 397 1866 μάλιστα
423 1815 486 1862 τὴν
508 1815 654 1862 ἰσότητα
687 1816 946 1867 ἐνδεικνυμένου
973 1816 1034 1854 καὶ
1060 1816 1122 1864 τὴν

97 1876 230 1924 πολλὴν
250 1876 453 1929 συμφωνίαν
473 1876 559 1916 ἐστί.
578 1877 650 1916 Καὶ
676 1877 766 1921 τίνος
793 1877 907 1917 ἕνεκεν
933 1879 996 1916 οὐκ
1017 1872 1124 1926 εἶπεν,

95 1935 150 1975 ὅτι
170 1936 265 1976 οὐδὲν
282 1937 434 1976 ἐναντίον
459 1943 572 1984 ποιεῖ,
594 1939 670 1976 ἀλλ’
700 1938 754 1976 ὅτι
782 1940 835 1976 06
866 1938 1026 1986 δύναται,
1045 1937 1124 1976 Ἵνα

97 2000 278 2036 κάντεῦθεν
294 1998 385 2050 δείξῃ
405 1998 510 2037 πάλιν
524 1999 563 2037 τὸ
583 1999 854 2050 ἀπαράλλακτον
875 2000 933 2038 καὶ
947 1999 1010 2047 τὴν
1027 2000 1125 2053 ἀκρί-

98 2057 194 2096 &stow
213 2062 276 2105 τῆς
296 2059 465 2106 ἰσότητος.
487 2062 541 2098 06
560 2059 627 2112 γὰρ
643 2060 820 2099 ἀσθένειαν
843 2062 948 2100 αὐτοῦ
966 2077 1121 2113 κατηγο-

1192 1029 1241 1068 Et
1274 1043 1399 1068 rursus
1435 1029 1512 1082 ipse
1556 1029 1720 1068 Christus
1764 1028 1851 1067 alibi
1891 1044 1899 1065 ε
1943 1031 2180 1068 Potestatem
2198 1044 2281 1073 psal,
2312 1050 2376 1072 ιω,

1194 1091 1317 1129 habeo
1338 1092 1509 1143 ponendi
1527 1094 1702 1129 animam
1721 1104 1847 1128 meam
1857 1120 1869 1137 ‚
1899 1099 1934 1128 el
1954 1099 2182 1142 potestatem
2196 1083 2244 1114 28·

1194 1153 1318 1190 habeo
1348 1153 1525 1190 sumendi
1556 1167 1664 1198 eam,
1696 1161 1733 1190 et
1767 1166 1878 1190 nemo
1911 1153 2013 1190 tollit
2043 1166 2129 1190 eam
2158 1167 2183 1190 a

1195 1227 1256 1251 me
1277 1229 1290 1250 .·
1311 1227 1380 1265 ego
1396 1226 1498 1265 pono
1525 1227 1612 1251 eam
1633 1226 1658 1250 a
1679 1215 1832 1265 meipso.
1854 1212 1986 1253 Viden'
2005 1221 2038 1250 et
2059 1212 2182 1250 mortis

1195 1282 1229 1311 et
1247 1273 1330 1312 vitae
1349 1282 1557 1325 potestatem
1575 1273 1785 1323 habentem,
1810 1273 1872 1323 qui
1892 1281 2026 1311 tantam
2045 1287 2182 1311 oecono-

1198 1334 1308 1371 miam
1329 1348 1349 1371 a
1368 1334 1556 1385 semetipso
1585 1333 1679 1371 fecit.
1710 1332 1853 1384 Ecquid
1878 1333 1997 1371 dicam
2015 1333 2060 1371 de
2080 1334 2185 1371 Chri-

1196 1401 1249 1430 sto
1261 1392 1279 1429 i'
1295 1393 1368 1430 Nos
1386 1392 1494 1440 enim,
1515 1392 1645 1443 quibus
1660 1392 1752 1430 nihil
1772 1392 1893 1443 vilius,
1913 1393 2025 1430 multa
2041 1407 2061 1430 a
2082 1393 2185 1430 nobis

1196 1452 1283 1504 ipsis
1300 1452 1462 1503 *facimus
1475 1482 1486 1502 ,
1511 1467 1531 1490 a
1550 1452 1654 1491 nobis
1675 1453 1763 1504 ipsis
1788 1453 2003 1503 nequitiam,
2032 1468 2051 1490 a
2084 1454 2185 1491 nobis

1195 1512 1284 1564 ipsis
1311 1512 1482 1550 virtutem
1507 1512 1711 1563 deligimus.
1743 1512 1853 1559 Quod
1879 1513 1907 1550 si
1937 1526 2006 1550 non
2035 1528 2054 1550 a
2084 1513 2186 1551 nobis

1198 1573 1306 1626 ipsis,
1343 1587 1457 1623 neque
1486 1582 1698 1626 potestatem
1723 1573 1941 1611 habeamus:
1981 1587 2118 1624 neque,
2153 1575 2181 1611 si

1169 1648 1175 1659 ¹
1196 1635 1476 1688 peccaverimus,
1501 1635 1538 1673 in
1558 1635 1756 1687 gehennam
1782 1634 1994 1685 incidemus,
2012 1649 2140 1685 neque,
2159 1636 2187 1672 si

1194 1697 1289 1735 bona
1319 1710 1425 1748 opera
1457 1695 1665 1745 fecerimus,
1694 1709 1844 1747 regnum
1873 1695 2040 1733 caelorum
2068 1709 2187 1734 conse—

1194 1772 1360 1810 quemur.
1393 1757 1494 1796 Nihil
1525 1757 1628 1795 aliud
1657 1771 1741 1809 ergo
1775 1766 1826 1795 est
1849 1757 2026 1807 illud‚A
2051 1767 2186 1797 Semet-

1195 1823 1277 1872 ipso
1303 1834 1381 1858 non
1410 1828 1536 1871 potest
1543 1820 1684 1872 facere
1700 1820 1936 1872 quidquam,
1961 1834 2071 1871 quam
2092 1820 2188 1870 quod

1197 1882 1289 1920 nihil
1318 1882 1431 1934 possit
1457 1882 1559 1919 Patri
1589 1881 1811 1920 contrarium
1828 1881 1962 1930 facere,
1991 1882 2082 1919 nihil
2100 1882 2189 1919 alie-

1196 1958 1302 1993 num,
1324 1942 1417 1980 nihil
1436 1941 1682 1995 peregrinum,
1707 1941 1747 1979 id
1772 1941 1868 1992 quod
1886 1941 2043 1980 maxime
2071 1956 2187 1992 aequa-

1195 2005 1333 2043 litatem
1357 2014 1391 2043 et
1417 2003 1645 2045 concordiam
1664 2017 1832 2055 magnam
1856 2003 2022 2042 ostendit.
2052 2004 2101 2042 Et
2126 2018 2190 2042 cur

1197 2082 1266 2106 non
1304 2067 1420 2116 dixit,
1455 2066 1557 2105 Nihil
1586 2066 1804 2104 contrarium
1831 2066 1940 2117 facit,
1979 2066 2060 2115 sed,
2096 2068 2188 2104 Non

101 2125 151 2171 ρεῖ
169 2119 208 2157 τὸ
228 2123 344 2172 ῥῆμα,
377 2120 468 2159 ἀλλὰ
500 2120 559 2159 καὶ
583 2120 716 2168 πολλὴν
748 2123 853 2161 αὐτοῦ
881 2121 945 2169 τὴν
976 2122 1122 2173 δύναμιν
1138 2153 1185 2177 222
1194 2133 1348 2181 potest?
1373 2130 1425 2168 Ut
1463 2127 1548 2166 hinc
1577 2141 1721 2166 rursum
1749 2127 1912 2166 ostendat
1944 2127 2187 2166 omnimodam

100 2188 282 2233 μαρτυρεῖ.
304 2181 408 2220 Ἐπεὶ
426 2182 485 2220 καὶ
504 2183 660 2235 ἀλλαχοῦ
679 2183 761 2236 περὶ
778 2187 838 2221 τοῦ
858 2183 998 2236 Πατρός
1018 2200 1122 2236 φησιν
1150 2192 1176 2220 Α
1196 2191 1448 2242 aequalitatem.
1478 2191 1558 2229 Non
1577 2189 1673 2228 enim
1700 2189 1997 2238 imbecillitatem,
2026 2189 2086 2228 sed
2113 2204 2187 2227 ma-

97 2244 116 2278 ὁ
142 2243 302 2285 Παῦλος·
331 2242 410 2281 Ἵνα
441 2242 498 2281 διὰ
517 2242 577 2280 ούο
596 2244 813 2296 πραγμάτων
831 2245 1102 2296 ἀμεταθέτων,’
1087 2261 1122 2283 εν

97 2306 147 2346 οἱς
165 2302 333 2342 ἀδύνατον
351 2303 546 2356 ψεύσασθαι
565 2304 669 2343 Θεόν·
688 2306 748 2344 καὶ
770 2306 843 2344 πάλ
836 2322 889 2355 ιν,
903 2308 948 2345 Εἰ
974 2307 1121 2359 ἀρνησό-

96 2367 206 2412 μεθα,
239 2365 366 2407 ἐκεῖνος
395 2364 518 2408 πιστὸς
549 2365 659 2415 μένει·
689 2366 904 2417 ἀρνήσασθαι
931 2368 1052 2406 ἑαυτὸν
1083 2369 1121 2406 06

98 2424 252 2463 δύναται.
270 2425 340 2463 Καὶ
359 2427 397 2464 οὔ
418 2425 527 2472 δήπου
545 2431 668 2465 ατοῦτο
685 2427 739 2475 τὸ,
755 2426 948 2477 Ἀδύνατον,
969 2430 1121 2475 δηλωτι-

97 2486 155 2523 κὸν
186 2485 380 2530 ἀσθενείας,
409 2486 498 2524 ἀλλὰ
531 2486 707 2535 δυνάμεώς
732 2489 832 2537 ἐστι,
855 2489 914 2526 καὶ
946 2490 1123 2539 δυνάμεως

98 2546 242 2597 ἀφάτου.
257 2545 307 2584 Ὃ
322 2540 379 2583 οῦν
395 2546 503 2597 λέγει,
521 2547 622 2584 τοῦτό
642 2549 728 2586 ἐστι·
745 2549 886 2587 πάντων
902 2550 1123 2593 ἀνεπίδεκτος

95 2609 118 2653 ἡ
137 2606 235 2645 οὐσία
253 2607 366 2654 ἐκείνη
381 2610 449 2645 τῶν
469 2607 633 2646 τοιούτων
655 2608 763 2647 ἐστίν,
787 2609 923 2662 εὨσπερ
941 2609 1009 2662 γὰρ
1039 2609 1122 2649 ὅταν

95 2667 254 2719 λε’γωμεν
273 2668 332 2706 καὶ
350 2671 383 2719 ἡι
406 2674 452 2711 εἰς
464 2699 473 2717 ,
489 2668 657 2707 ἀδύνατον
675 2669 733 2708 τὸν
751 2670 840 2709 Θεὸν
861 2671 1039 2722 ἁμαρτεῖν,
1061 2672 1122 2708 οὐκ

95 2729 272 2768 ἀσθένειαν
305 2733 409 2769 αὐτοῦ
435 2735 718 2783 κατηγοροῦμεν,
743 2731 834 2770 ἀλλὰ
865 2731 1014 2785 ἅῤῥητόν
1044 2747 1122 2770 τινα

98 2790 243 2842 δύναμιν
261 2793 365 2830 αὐτοῦ
386 2795 626 2846 μαρτυροῦμεν
640 2807 648 2814 ·
667 2791 757 2830 οὕτω
786 2792 826 2840 δὴ
844 2793 902 2831 καὶ
923 2793 1025 2836 αὐτὸς
1041 2793 1121 2831 ὅταν

97 2852 177 2904 εἴπῃ
193 2880 202 2898 ,
227 2854 280 2891 06
310 2853 460 2904 δύναμαι
480 2854 540 2891 ἀπ’
569 2855 720 2903 ἐμαυτοῦ
749 2861 860 2892 ποιεῖν
889 2854 1000 2902 οὐδὲν,
1021 2857 1124 2893 τοῦτο

96 2912 216 2964 λέγει,
235 2913 288 2952 δ’τι
307 2914 474 2952 ἀδύνατον
491 2914 550 2952 καὶ
570 2914 813 2968 ἀνεῃιίφητόν
830 2917 922 2955 ἐστιν
937 2916 1000 2967 ἐμὲ
1019 2918 1123 2962 ποιῆ-

98 2974 157 3011 σαί
183 2990 217 3011 τι
243 2974 395 3012 ἐναντίον
412 2977 463 3027 τῷ
485 2975 614 3027 Πατρί.
635 2976 706 3014 Καὶ
739 2975 795 3014 ἵνα
816 2977 928 3030 μάθῃς
948 2977 1000 3016 ὅτι
1023 2975 1123 3015 τοῦτο’

99 3037 174 3072 ἐστι
200 3034 456 3087 τὸλεγόμενον,
484 3035 528 3074 τὰ
556 3037 633 3084 ἑξῆς
652 3037 876 3087 ἐπελθόντες,
897 3038 1025 3090 ἴδωμεν
1053 3038 1125 3076 τίσι

98 3101 286 3154 ψηφίζεται
312 3106 330 3141 ὃ
356 3102 526 3154 Χριστός·
546 3103 692 3157 πότερον
720 3110 792 3149 τοῖς
820 3109 904 3159 παρ’
925 3108 1027 3157 ἡμῶν
1063 3107 1125 3144 λε-

101 3173 246 3220 χθεῖσιν,
261 3169 284 3215 ἢ
303 3176 374 3213 τοῖς
392 3169 502 3223 1’παρ’
521 3172 615 3222 ὑμῖν.
632 3171 683 3210 Σὺ
703 3171 766 3222 μὲν
786 3171 852 3224 γὰρ
870 3171 937 3224 φῂς
951 3172 1013 3219 τὴν
1033 3172 1128 3217 ἕξου-

147 3292 160 3306 a
178 3282 239 3315 Alii
259 3290 348 3319 τοῦτο
358 3291 405 3326 τὸ,
424 3288 456 3319 οὗ
477 3288 611 3327 ὃυναται,
640 3289 750 3324 ὃηλωτ.
766 3285 869 3319 Paulo
883 3294 960 3331 post
975 3286 1078 3320 Savil·
1096 3291 1111 3323 ὃ

106 3351 162 3379 γαρ
180 3340 257 3377 λ-γῐι
273 3342 403 3372 τοιοῦτόν
420 3343 508 3376 ἐστιν,
521 3344 566 3373 ὅτι
583 3341 780 3377 ἀνεπίδεκτος.

150 3389 166 3413 ὓ
184 3392 255 3432 παρ
274 3389 564 3432 opat-1.S1nspicatur
580 3390 801 3433 Saxiliusleg·
805 3389 907 3423 ndum
922 3396 996 3437 ms)
1022 3395 1112 3435 ὑμῶν,

1195 2267 1302 2304 gnam
1328 2253 1404 2304 ejus
1423 2251 1620 2303 potentiam
1640 2249 1785 2288 indicat.
1816 2250 1909 2288 Nam
1937 2250 2025 2288 alibi
2047 2263 2186 2300 quoque

1195 2315 1240 2353 de
1259 2316 1363 2353 Patre
1384 2314 1471 2352 dicit
1498 2313 1653 2350 Paulus:
1687 2314 1738 2350 Ut
1754 2326 1823 2363 per
1850 2312 1947 2349 duas
1970 2325 2030 2349 res
2050 2313 2183 2349 immo-
2197 2317 2379 2347 Πεῡιιᾱιῗς.

1195 2377 1310 2422 biles,
1335 2379 1378 2413 in
1393 2376 1531 2426 quibus
1551 2372 1786 2425 impossibile
1802 2380 1857 2410 est
1870 2374 2025 2409 mentiri
2038 2372 2182 2416 Deum,-

1194 2446 1228 2475 ct
1254 2449 1400 2474 rursum
1422 2450 1430 2470 :
1453 2435 1493 2473 Si
1526 2435 1813 2484 negaverimus,
1849 2431 1917 2469 ille
1937 2431 2077 2482 fidelis
2098 2445 2180 2469 ma-
2196 2450 2225 2469 2.
2248 2442 2327 2470 Tim.
2350 2449 2380 2469 εΔ

1195 2506 1257 2535 net
1269 2513 1284 2542 ,·
1307 2508 1447 2547 negare
1466 2496 1632 2544 seipsum
1652 2505 1730 2529 non
1746 2499 1884 2542 potest.
1902 2490 2011 2538 Illud,
2033 2493 2179 2543 Impos-
2200 2491 2234 2511 ¹²

1192 2558 1304 2595 sibile
1318 2564 1374 2594 est
1383 2585 1395 2602 ‚
1413 2567 1589 2604 nusquam
1602 2551 1883 2591 imbecillitatem
1897 2551 2078 2603 significat
2089 2582 2100 2602 ,
2120 2553 2182 2591 sed

1192 2617 1410 2670 potentiam,
1430 2624 1463 2652 et
1481 2613 1678 2666 potentiam
1703 2612 1933 2651 ineffabilem.
1966 2612 2043 2651 Hoc
2063 2623 2181 2652 autem

1193 2678 1370 2730 significat
1391 2692 1398 2713 :
1419 2676 1483 2713 illa
1509 2673 1706 2713 substantia
1738 2687 1793 2711 res
1823 2673 2033 2725 hujusmodi
2064 2675 2181 2713 nullas

1192 2738 1363 2778 admittit.
1397 2734 1714 2783 Quemadmodum
1746 2734 1840 2772 enim
1882 2748 1966 2772 cum
2001 2734 2178 2784 dicimus,

1193 2799 1412 2854 impossihile
1429 2807 1480 2836 est
1493 2799 1610 2837 Deum
1623 2810 1768 2849 peccare
1782 2825 1792 2845 ,
1812 2809 1882 2834 non
1900 2796 2179 2835 imbecillitatem

1194 2864 1264 2917 ipsi
1281 2862 1496 2909 tribuimus,
1518 2859 1582 2898 sed
1600 2858 1817 2897 ineffabilem
1835 2858 2031 2909 quamdam
2056 2869 2178 2911 poten-

1195 2927 1282 2965 tiam
1300 2924 1553 2963 testificamur:
1573 2923 1624 2960 sic
1642 2921 1749 2959 etiam
1768 2934 1850 2958 cum
1869 2920 1957 2958 dicit
1974 2921 2071 2972 ipse,
2091 2923 2180 2960 Non

1193 3000 1348 3040 possum
1373 2998 1399 3023 a
1425 2986 1566 3035 meipso
1582 2984 1724 3035 faeere
1749 2982 1983 3033 quidquam,
2009 2981 2076 3019 hoc
2112 2983 2180 3020 sibi

1196 3048 1293 3089 vult:
1313 3048 1463 3086 Prorsus
1485 3043 1708 3097 impossibile
1724 3051 1776 3080 est
1792 3051 1831 3079 ut
1849 3042 1947 3080 Patri
1964 3043 2180 3081 contrarium

1196 3109 1386 3162 quidpiam
1415 3105 1558 3145 faciam.
1580 3106 1630 3143 Ut
1648 3117 1732 3144 vero
1756 3103 1874 3141 discas
1896 3102 1992 3140 illud
2009 3103 2060 3141 sic
2080 3104 2181 3141 intel-

1196 3170 1385 3224 ligendum
1403 3182 1495 3218 esse,
1516 3165 1696 3218 sequentia
1722 3164 1946 3217 explorantes
1962 3194 1972 3211 ,
1995 3164 2182 3202 videamus

1176 3288 1224 3320 Et
1242 3287 1286 3318 ‘na
1313 3292 1401 3317 certe
1422 3281 1597 3327 legendum
1624 3279 1765 3312 videtur.
1785 3277 1852 3313 Sed
1879 3287 1992 3310 omnes
2018 3278 2093 3310 Mss.
2113 3284 2186 3325 παρ’

1180 3343 1248 3383 ὑμῖν
1266 3336 1402 3370 habeut-

1964 3428 2023 3462 23.
