<?xml version="1.0" encoding="UTF-8"?>
<!DOCTYPE html PUBLIC "-//W3C//DTD XHTML 1.0 Transitional//EN"
    "http://www.w3.org/TR/xhtml1/DTD/xhtml1-transitional.dtd">
<html xmlns="http://www.w3.org/1999/xhtml" xml:lang="en" lang="en">
 <head>
  <title>
</title>
<meta http-equiv="Content-Type" content="text/html;charset=utf-8" />
  <meta name='ocr-system' content='tesseract 3.04.00' />
  <meta name='ocr-capabilities' content='ocr_page ocr_carea ocr_par ocr_line ocrx_word'/>
</head>
<body>
  <div class='ocr_page' id='page_1' title='image "./operaomniaquaeex08johnuoft/operaomniaquaeex08johnuoft_0048.png"; bbox 0 0 2481 3678; ppageno 0'>
   <div class='ocr_carea' id='block_1_1' title="bbox 100 794 284 824">
    <p class='ocr_par' dir='ltr' id='par_1_1' title="bbox 100 794 284 824">
     <span class='ocr_line' id='line_1_1' title="bbox 100 794 284 824; baseline -0.016 0"><span class='ocrx_word' id='word_1_1' title='bbox 100 794 190 824; x_wconf 69' lang='lat' dir='ltr'><strong>[sehr.</strong></span> <span class='ocrx_word' id='word_1_2' title='bbox 213 802 236 822; x_wconf 85' lang='lat'><strong>1.</strong></span> <span class='ocrx_word' id='word_1_3' title='bbox 256 801 284 822; x_wconf 79' lang='lat'><strong>2.</strong></span> 
     </span>
    </p>
   </div>
   <div class='ocr_carea' id='block_1_2' title="bbox 99 2143 260 2171">
    <p class='ocr_par' dir='ltr' id='par_1_2' title="bbox 99 2143 260 2171">
     <span class='ocr_line' id='line_1_2' title="bbox 99 2143 260 2171; baseline 0 -1"><span class='ocrx_word' id='word_1_4' title='bbox 99 2143 173 2171; x_wconf 85' lang='lat' dir='ltr'><em>Gen.</em></span> <span class='ocrx_word' id='word_1_5' title='bbox 193 2150 260 2171; x_wconf 76' lang='lat'>101.</span> 
     </span>
    </p>
   </div>
   <div class='ocr_carea' id='block_1_3' title="bbox 304 212 358 241">
    <p class='ocr_par' dir='ltr' id='par_1_3' title="bbox 304 212 358 241">
     <span class='ocr_line' id='line_1_3' title="bbox 304 212 358 241; baseline -0.037 0"><span class='ocrx_word' id='word_1_6' title='bbox 304 212 358 241; x_wconf 87' lang='lat'><strong>22</strong></span> 
     </span>
    </p>
   </div>
   <div class='ocr_carea' id='block_1_4' title="bbox 292 289 1334 3038">
    <p class='ocr_par' dir='ltr' id='par_1_4' title="bbox 292 289 1286 2666">
     <span class='ocr_line' id='line_1_4' title="bbox 299 289 1278 342; baseline 0.001 -15"><span class='ocrx_word' id='word_1_7' title='bbox 299 290 459 342; x_wconf 79' lang='lat' dir='ltr'><strong>gnificat,</strong></span> <span class='ocrx_word' id='word_1_8' title='bbox 492 289 680 342; x_wconf 88' lang='lat' dir='ltr'><strong>ipsumque</strong></span> <span class='ocrx_word' id='word_1_9' title='bbox 706 290 848 328; x_wconf 86' lang='lat' dir='ltr'><strong>finitum</strong></span> <span class='ocrx_word' id='word_1_10' title='bbox 858 307 868 341; x_wconf 64' lang='grc' dir='ltr'>ς</span> <span class='ocrx_word' id='word_1_11' title='bbox 889 305 971 330; x_wconf 90' lang='lat' dir='ltr'><strong>cum</strong></span> <span class='ocrx_word' id='word_1_12' title='bbox 990 301 1109 330; x_wconf 86' lang='lat' dir='ltr'><strong>autem</strong></span> <span class='ocrx_word' id='word_1_13' title='bbox 1127 290 1171 329; x_wconf 88' lang='lat' dir='ltr'><strong>de</strong></span> <span class='ocrx_word' id='word_1_14' title='bbox 1189 292 1278 337; x_wconf 91' lang='lat' dir='ltr'><strong>Deo,</strong></span> 
     </span>
     <span class='ocr_line' id='line_1_5' title="bbox 299 350 1284 403; baseline 0 -15"><span class='ocrx_word' id='word_1_15' title='bbox 299 351 530 388; x_wconf 66' lang='lat' dir='ltr'><strong>:eternitatem</strong></span> <span class='ocrx_word' id='word_1_16' title='bbox 551 350 694 389; x_wconf 89' lang='lat' dir='ltr'><strong>indicat.</strong></span> <span class='ocrx_word' id='word_1_17' title='bbox 714 352 808 390; x_wconf 91' lang='lat' dir='ltr'><strong>Satis</strong></span> <span class='ocrx_word' id='word_1_18' title='bbox 834 366 918 403; x_wconf 85' lang='lat' dir='ltr'><strong>ergo</strong></span> <span class='ocrx_word' id='word_1_19' title='bbox 937 361 1010 389; x_wconf 79' lang='lat' dir='ltr'><strong>erat</strong></span> <span class='ocrx_word' id='word_1_20' title='bbox 1028 352 1079 400; x_wconf 90' lang='lat' dir='ltr'><strong>ei,</strong></span> <span class='ocrx_word' id='word_1_21' title='bbox 1102 351 1164 402; x_wconf 91' lang='lat' dir='ltr'><strong>qui</strong></span> <span class='ocrx_word' id='word_1_22' title='bbox 1182 350 1284 389; x_wconf 87' lang='lat' dir='ltr'><strong>audi-</strong></span> 
     </span>
     <span class='ocr_line' id='line_1_6' title="bbox 299 411 1284 464; baseline -0.001 -15"><span class='ocrx_word' id='word_1_23' title='bbox 299 421 352 449; x_wconf 90' lang='lat' dir='ltr'><strong>ret</strong></span> <span class='ocrx_word' id='word_1_24' title='bbox 371 413 520 449; x_wconf 80' lang='lat' dir='ltr'><strong>Terram</strong></span> <span class='ocrx_word' id='word_1_25' title='bbox 535 442 545 461; x_wconf 91' lang='lat'><strong>,</strong></span> <span class='ocrx_word' id='word_1_26' title='bbox 566 422 598 450; x_wconf 90' lang='lat' dir='ltr'><strong>et</strong></span> <span class='ocrx_word' id='word_1_27' title='bbox 629 412 832 461; x_wconf 86' lang='lat' dir='ltr'>Hominem,</span> <span class='ocrx_word' id='word_1_28' title='bbox 853 412 943 449; x_wconf 88' lang='lat' dir='ltr'><strong>nihil</strong></span> <span class='ocrx_word' id='word_1_29' title='bbox 975 412 1130 464; x_wconf 86' lang='lat' dir='ltr'><strong>amplius</strong></span> <span class='ocrx_word' id='word_1_30' title='bbox 1150 411 1194 449; x_wconf 90' lang='lat' dir='ltr'><strong>de</strong></span> <span class='ocrx_word' id='word_1_31' title='bbox 1212 411 1284 448; x_wconf 87' lang='lat' dir='ltr'><strong>illis</strong></span> 
     </span>
     <span class='ocr_line' id='line_1_7' title="bbox 301 473 1284 525; baseline -0.001 -14"><span class='ocrx_word' id='word_1_32' title='bbox 301 474 472 525; x_wconf 82' lang='lat' dir='ltr'><strong>cogitare,</strong></span> <span class='ocrx_word' id='word_1_33' title='bbox 501 487 609 524; x_wconf 87' lang='lat' dir='ltr'><strong>quam</strong></span> <span class='ocrx_word' id='word_1_34' title='bbox 644 483 778 511; x_wconf 85' lang='lat' dir='ltr'><strong>naturae</strong></span> <span class='ocrx_word' id='word_1_35' title='bbox 810 483 932 510; x_wconf 82' lang='lat' dir='ltr'><strong>creatae</strong></span> <span class='ocrx_word' id='word_1_36' title='bbox 965 473 1159 512; x_wconf 82' lang='lat' dir='ltr'><strong>conveniat.</strong></span> <span class='ocrx_word' id='word_1_37' title='bbox 1191 473 1284 510; x_wconf 89' lang='lat' dir='ltr'><strong>Nam</strong></span> 
     </span>
     <span class='ocr_line' id='line_1_8' title="bbox 299 533 1285 586; baseline 0.001 -15"><span class='ocrx_word' id='word_1_38' title='bbox 299 535 393 585; x_wconf 89' lang='lat' dir='ltr'><strong>quod</strong></span> <span class='ocrx_word' id='word_1_39' title='bbox 413 535 545 572; x_wconf 88' lang='lat' dir='ltr'><strong>factum</strong></span> <span class='ocrx_word' id='word_1_40' title='bbox 563 543 626 582; x_wconf 88' lang='lat' dir='ltr'><strong>est,</strong></span> <span class='ocrx_word' id='word_1_41' title='bbox 645 533 821 584; x_wconf 81' lang='lat' dir='ltr'><strong>quidquid</strong></span> <span class='ocrx_word' id='word_1_42' title='bbox 838 533 978 571; x_wconf 86' lang='lat' dir='ltr'><strong>tandem</strong></span> <span class='ocrx_word' id='word_1_43' title='bbox 998 534 1056 582; x_wconf 82' lang='lat' dir='ltr'><strong>sit,</strong></span> <span class='ocrx_word' id='word_1_44' title='bbox 1072 534 1108 571; x_wconf 92' lang='lat' dir='ltr'><strong>in</strong></span> <span class='ocrx_word' id='word_1_45' title='bbox 1127 543 1285 586; x_wconf 84' lang='lat' dir='ltr'><strong>tempore</strong></span> 
     </span>
     <span class='ocr_line' id='line_1_9' title="bbox 299 595 1284 647; baseline 0 -14"><span class='ocrx_word' id='word_1_46' title='bbox 299 596 356 633; x_wconf 70' lang='lat' dir='ltr'><strong>vel</strong></span> <span class='ocrx_word' id='word_1_47' title='bbox 375 595 502 633; x_wconf 81' lang='lat' dir='ltr'><strong>saeculo</strong></span> <span class='ocrx_word' id='word_1_48' title='bbox 520 595 652 632; x_wconf 82' lang='lat' dir='ltr'><strong>factum</strong></span> <span class='ocrx_word' id='word_1_49' title='bbox 673 604 748 632; x_wconf 88' lang='lat' dir='ltr'><strong>est:</strong></span> <span class='ocrx_word' id='word_1_50' title='bbox 765 603 800 632; x_wconf 83' lang='lat' dir='ltr'><strong>at</strong></span> <span class='ocrx_word' id='word_1_51' title='bbox 822 595 936 633; x_wconf 89' lang='lat' dir='ltr'><strong>Filius</strong></span> <span class='ocrx_word' id='word_1_52' title='bbox 956 595 1040 645; x_wconf 91' lang='lat' dir='ltr'><strong>Dei,</strong></span> <span class='ocrx_word' id='word_1_53' title='bbox 1061 609 1130 633; x_wconf 92' lang='lat' dir='ltr'><strong>non</strong></span> <span class='ocrx_word' id='word_1_54' title='bbox 1148 605 1284 647; x_wconf 87' lang='lat' dir='ltr'><strong>tempo-</strong></span> 
     </span>
     <span class='ocr_line' id='line_1_10' title="bbox 299 656 1284 709; baseline 0 -16"><span class='ocrx_word' id='word_1_55' title='bbox 299 656 397 693; x_wconf 88' lang='lat' dir='ltr'>ribus</span> <span class='ocrx_word' id='word_1_56' title='bbox 416 665 571 706; x_wconf 82' lang='lat' dir='ltr'><strong>tantum,</strong></span> <span class='ocrx_word' id='word_1_57' title='bbox 591 656 652 694; x_wconf 88' lang='lat' dir='ltr'><strong>sed</strong></span> <span class='ocrx_word' id='word_1_58' title='bbox 680 657 819 694; x_wconf 84' lang='lat' dir='ltr'><strong>saeculis</strong></span> <span class='ocrx_word' id='word_1_59' title='bbox 840 657 1005 695; x_wconf 88' lang='lat' dir='ltr'><strong>omnibus</strong></span> <span class='ocrx_word' id='word_1_60' title='bbox 1026 657 1187 709; x_wconf 87' lang='lat' dir='ltr'>superior</span> <span class='ocrx_word' id='word_1_61' title='bbox 1207 665 1258 695; x_wconf 85' lang='lat' dir='ltr'><strong>est</strong></span> <span class='ocrx_word' id='word_1_62' title='bbox 1275 672 1284 693; x_wconf 88' lang='lat'><strong>:</strong></span> 
     </span>
     <span class='ocr_line' id='line_1_11' title="bbox 300 717 1282 771; baseline 0.002 -17"><span class='ocrx_word' id='word_1_63' title='bbox 300 731 381 755; x_wconf 87' lang='lat' dir='ltr'><strong>nam</strong></span> <span class='ocrx_word' id='word_1_64' title='bbox 400 718 544 755; x_wconf 91' lang='lat' dir='ltr'><strong>illorum</strong></span> <span class='ocrx_word' id='word_1_65' title='bbox 563 727 597 756; x_wconf 91' lang='lat' dir='ltr'><strong>et</strong></span> <span class='ocrx_word' id='word_1_66' title='bbox 615 728 750 756; x_wconf 89' lang='lat' dir='ltr'><strong>creator</strong></span> <span class='ocrx_word' id='word_1_67' title='bbox 764 728 797 756; x_wconf 92' lang='lat' dir='ltr'><strong>et</strong></span> <span class='ocrx_word' id='word_1_68' title='bbox 816 718 936 771; x_wconf 87' lang='lat' dir='ltr'>opifex</span> <span class='ocrx_word' id='word_1_69' title='bbox 946 728 996 756; x_wconf 89' lang='lat' dir='ltr'><strong>est</strong></span> <span class='ocrx_word' id='word_1_70' title='bbox 1009 734 1016 755; x_wconf 93' lang='lat'>:</span> <span class='ocrx_word' id='word_1_71' title='bbox 1031 717 1163 756; x_wconf 86' lang='lat' dir='ltr'><strong>dicitur</strong></span> <span class='ocrx_word' id='word_1_72' title='bbox 1175 718 1282 767; x_wconf 87' lang='lat' dir='ltr'><strong>enim,</strong></span> 
     </span>
     <span class='ocr_line' id='line_1_12' title="bbox 300 780 1284 833; baseline 0.001 -16"><span class='ocrx_word' id='word_1_73' title='bbox 300 781 378 817; x_wconf 85' lang='lat' dir='ltr'><strong>Per</strong></span> <span class='ocrx_word' id='word_1_74' title='bbox 395 780 627 833; x_wconf 80' lang='lat' dir='ltr'><em>quemfecit</em></span> <span class='ocrx_word' id='word_1_75' title='bbox 655 790 691 818; x_wconf 81' lang='lat' dir='ltr'><strong>et</strong></span> <span class='ocrx_word' id='word_1_76' title='bbox 724 781 883 818; x_wconf 80' lang='lat' dir='ltr'><strong>soecula.</strong></span> <span class='ocrx_word' id='word_1_77' title='bbox 917 781 989 827; x_wconf 86' lang='lat' dir='ltr'><strong>Qui</strong></span> <span class='ocrx_word' id='word_1_78' title='bbox 1018 790 1136 818; x_wconf 83' lang='lat' dir='ltr'><strong>autem</strong></span> <span class='ocrx_word' id='word_1_79' title='bbox 1163 781 1284 833; x_wconf 86' lang='lat' dir='ltr'><strong>opifex</strong></span> 
     </span>
     <span class='ocr_line' id='line_1_13' title="bbox 297 841 1284 893; baseline 0.001 -15"><span class='ocrx_word' id='word_1_80' title='bbox 297 849 348 878; x_wconf 85' lang='lat' dir='ltr'><strong>est</strong></span> <span class='ocrx_word' id='word_1_81' title='bbox 361 870 372 889; x_wconf 87' lang='lat'><strong>,</strong></span> <span class='ocrx_word' id='word_1_82' title='bbox 392 850 471 879; x_wconf 85' lang='lat' dir='ltr'><strong>ante</strong></span> <span class='ocrx_word' id='word_1_83' title='bbox 489 841 631 893; x_wconf 84' lang='lat' dir='ltr'><strong>opificia</strong></span> <span class='ocrx_word' id='word_1_84' title='bbox 652 841 750 879; x_wconf 85' lang='lat' dir='ltr'><strong>haud</strong></span> <span class='ocrx_word' id='word_1_85' title='bbox 767 841 875 879; x_wconf 84' lang='lat' dir='ltr'><strong>dubie</strong></span> <span class='ocrx_word' id='word_1_86' title='bbox 904 841 982 879; x_wconf 85' lang='lat' dir='ltr'><strong>fuit.</strong></span> <span class='ocrx_word' id='word_1_87' title='bbox 1003 841 1182 888; x_wconf 84' lang='lat' dir='ltr'><strong>Quoniam</strong></span> <span class='ocrx_word' id='word_1_88' title='bbox 1200 855 1284 879; x_wconf 90' lang='lat' dir='ltr'><strong>vero</strong></span> 
     </span>
     <span class='ocr_line' id='line_1_14' title="bbox 296 902 1283 956; baseline 0.001 -17"><span class='ocrx_word' id='word_1_89' title='bbox 296 902 443 953; x_wconf 89' lang='lat' dir='ltr'><strong>quidam</strong></span> <span class='ocrx_word' id='word_1_90' title='bbox 469 902 516 940; x_wconf 91' lang='lat' dir='ltr'><strong>ita</strong></span> <span class='ocrx_word' id='word_1_91' title='bbox 535 903 699 955; x_wconf 81' lang='lat' dir='ltr'><strong>insensati</strong></span> <span class='ocrx_word' id='word_1_92' title='bbox 720 912 819 952; x_wconf 90' lang='lat' dir='ltr'><strong>sunt,</strong></span> <span class='ocrx_word' id='word_1_93' title='bbox 846 912 885 941; x_wconf 84' lang='lat' dir='ltr'><strong>ut</strong></span> <span class='ocrx_word' id='word_1_94' title='bbox 903 913 1021 956; x_wconf 80' lang='lat' dir='ltr'><strong>postca</strong></span> <span class='ocrx_word' id='word_1_95' title='bbox 1041 904 1156 955; x_wconf 88' lang='lat' dir='ltr'><strong>majus</strong></span> <span class='ocrx_word' id='word_1_96' title='bbox 1180 902 1283 954; x_wconf 89' lang='lat' dir='ltr'><strong>quid-</strong></span> 
     </span>
     <span class='ocr_line' id='line_1_15' title="bbox 295 963 1284 1016; baseline 0.001 -16"><span class='ocrx_word' id='word_1_97' title='bbox 295 964 392 1015; x_wconf 85' lang='lat' dir='ltr'><strong>piam</strong></span> <span class='ocrx_word' id='word_1_98' title='bbox 425 963 468 1001; x_wconf 89' lang='grc'><strong>(16</strong></span> <span class='ocrx_word' id='word_1_99' title='bbox 496 978 558 1001; x_wconf 87' lang='lat' dir='ltr'><strong>sua</strong></span> <span class='ocrx_word' id='word_1_100' title='bbox 591 964 762 1015; x_wconf 77' lang='lat' dir='ltr'><strong>dignitate</strong></span> <span class='ocrx_word' id='word_1_101' title='bbox 791 964 1035 1016; x_wconf 87' lang='lat' dir='ltr'><strong>suspicentur,</strong></span> <span class='ocrx_word' id='word_1_102' title='bbox 1065 964 1126 1002; x_wconf 91' lang='lat' dir='ltr'><strong>illo</strong></span> <span class='ocrx_word' id='word_1_103' title='bbox 1152 964 1284 1013; x_wconf 85' lang='lat' dir='ltr'><strong>verbo,</strong></span> 
     </span>
     <span class='ocr_line' id='line_1_16' title="bbox 295 1025 1283 1074; baseline -0.002 -11"><span class='ocrx_word' id='word_1_104' title='bbox 295 1027 426 1074; x_wconf 75' lang='lat' dir='ltr'><strong>Fecit,</strong></span> <span class='ocrx_word' id='word_1_105' title='bbox 461 1034 493 1063; x_wconf 89' lang='lat' dir='ltr'><strong>ct</strong></span> <span class='ocrx_word' id='word_1_106' title='bbox 526 1025 604 1073; x_wconf 88' lang='lat' dir='ltr'><strong>illo,</strong></span> <span class='ocrx_word' id='word_1_107' title='bbox 642 1027 766 1063; x_wconf 84' lang='lat' dir='ltr'><em>Homo</em></span> <span class='ocrx_word' id='word_1_108' title='bbox 800 1033 896 1072; x_wconf 79' lang='lat' dir='ltr'><strong>erat,</strong></span> <span class='ocrx_word' id='word_1_109' title='bbox 925 1025 1098 1063; x_wconf 82' lang='lat' dir='ltr'><strong>auditoris</strong></span> <span class='ocrx_word' id='word_1_110' title='bbox 1130 1034 1283 1062; x_wconf 87' lang='lat' dir='ltr'><strong>mentem</strong></span> 
     </span>
     <span class='ocr_line' id='line_1_17' title="bbox 296 1085 1282 1140; baseline -0.002 -16"><span class='ocrx_word' id='word_1_111' title='bbox 296 1097 536 1140; x_wconf 68' lang='lat' dir='ltr'><strong>praeoccupat,</strong></span> <span class='ocrx_word' id='word_1_112' title='bbox 570 1097 603 1124; x_wconf 88' lang='lat' dir='ltr'><strong>et</strong></span> <span class='ocrx_word' id='word_1_113' title='bbox 631 1101 772 1125; x_wconf 86' lang='lat' dir='ltr'><strong>omnem</strong></span> <span class='ocrx_word' id='word_1_114' title='bbox 806 1087 1064 1139; x_wconf 88' lang='lat' dir='ltr'><strong>impudentiam</strong></span> <span class='ocrx_word' id='word_1_115' title='bbox 1096 1085 1282 1124; x_wconf 78' lang='lat' dir='ltr'><strong>exscindit.</strong></span> 
     </span>
     <span class='ocr_line' id='line_1_18' title="bbox 297 1148 1283 1200; baseline -0.004 -13"><span class='ocrx_word' id='word_1_116' title='bbox 297 1151 387 1187; x_wconf 89' lang='lat' dir='ltr'><strong>Nam</strong></span> <span class='ocrx_word' id='word_1_117' title='bbox 405 1164 481 1200; x_wconf 55' lang='lat' dir='ltr'><strong>quae</strong></span> <span class='ocrx_word' id='word_1_118' title='bbox 498 1150 587 1186; x_wconf 82' lang='lat' dir='ltr'><strong>facta</strong></span> <span class='ocrx_word' id='word_1_119' title='bbox 603 1159 685 1187; x_wconf 86' lang='lat' dir='ltr'><strong>sunt</strong></span> <span class='ocrx_word' id='word_1_120' title='bbox 701 1148 831 1196; x_wconf 89' lang='lat' dir='ltr'><strong>omnia,</strong></span> <span class='ocrx_word' id='word_1_121' title='bbox 848 1149 985 1196; x_wconf 82' lang='lat' dir='ltr'><strong>caelum,</strong></span> <span class='ocrx_word' id='word_1_122' title='bbox 1002 1157 1107 1195; x_wconf 87' lang='lat' dir='ltr'><strong>terra,</strong></span> <span class='ocrx_word' id='word_1_123' title='bbox 1127 1156 1283 1198; x_wconf 86' lang='lat' dir='ltr'><strong>tempore</strong></span> 
     </span>
     <span class='ocr_line' id='line_1_19' title="bbox 295 1209 1283 1262; baseline -0.005 -14"><span class='ocrx_word' id='word_1_124' title='bbox 295 1211 385 1249; x_wconf 84' lang='lat' dir='ltr'><strong>facta</strong></span> <span class='ocrx_word' id='word_1_125' title='bbox 407 1220 501 1259; x_wconf 79' lang='lat' dir='ltr'><strong>sunt,</strong></span> <span class='ocrx_word' id='word_1_126' title='bbox 523 1210 716 1262; x_wconf 79' lang='lat' dir='ltr'><strong>temporale</strong></span> <span class='ocrx_word' id='word_1_127' title='bbox 734 1209 953 1261; x_wconf 88' lang='lat' dir='ltr'><strong>principium</strong></span> <span class='ocrx_word' id='word_1_128' title='bbox 974 1209 1105 1245; x_wconf 81' lang='lat' dir='ltr'><strong>habent</strong></span> <span class='ocrx_word' id='word_1_129' title='bbox 1117 1237 1127 1255; x_wconf 91' lang='lat'><strong>,</strong></span> <span class='ocrx_word' id='word_1_130' title='bbox 1142 1221 1283 1244; x_wconf 89' lang='lat' dir='ltr'><strong>eorum-</strong></span> 
     </span>
     <span class='ocr_line' id='line_1_20' title="bbox 295 1269 1281 1323; baseline -0.004 -15"><span class='ocrx_word' id='word_1_131' title='bbox 295 1286 363 1323; x_wconf 87' lang='lat' dir='ltr'><strong>que</strong></span> <span class='ocrx_word' id='word_1_132' title='bbox 381 1271 471 1308; x_wconf 88' lang='lat' dir='ltr'><strong>nihil</strong></span> <span class='ocrx_word' id='word_1_133' title='bbox 491 1271 565 1308; x_wconf 88' lang='lat' dir='ltr'><strong>sine</strong></span> <span class='ocrx_word' id='word_1_134' title='bbox 584 1270 760 1322; x_wconf 83' lang='lat' dir='ltr'><strong>principio</strong></span> <span class='ocrx_word' id='word_1_135' title='bbox 780 1278 850 1315; x_wconf 91' lang='lat' dir='ltr'><strong>est,</strong></span> <span class='ocrx_word' id='word_1_136' title='bbox 871 1269 952 1319; x_wconf 84' lang='lat' dir='ltr'><strong>quia</strong></span> <span class='ocrx_word' id='word_1_137' title='bbox 972 1269 1063 1305; x_wconf 77' lang='lat' dir='ltr'><strong>fac-ta</strong></span> <span class='ocrx_word' id='word_1_138' title='bbox 1092 1277 1184 1305; x_wconf 86' lang='lat' dir='ltr'><strong>sunt.</strong></span> <span class='ocrx_word' id='word_1_139' title='bbox 1213 1269 1281 1305; x_wconf 85' lang='lat' dir='ltr'><strong>Ita-</strong></span> 
     </span>
     <span class='ocr_line' id='line_1_21' title="bbox 295 1329 1283 1383; baseline -0.003 -14"><span class='ocrx_word' id='word_1_140' title='bbox 295 1347 363 1383; x_wconf 85' lang='lat' dir='ltr'><strong>que</strong></span> <span class='ocrx_word' id='word_1_141' title='bbox 379 1346 459 1369; x_wconf 89' lang='lat' dir='ltr'><strong>cum</strong></span> <span class='ocrx_word' id='word_1_142' title='bbox 479 1330 581 1369; x_wconf 87' lang='lat' dir='ltr'><strong>audis</strong></span> <span class='ocrx_word' id='word_1_143' title='bbox 600 1331 718 1383; x_wconf 87' lang='lat' dir='ltr'><strong>ipsum</strong></span> <span class='ocrx_word' id='word_1_144' title='bbox 739 1330 859 1367; x_wconf 86' lang='lat' dir='ltr'><strong>fecisse</strong></span> <span class='ocrx_word' id='word_1_145' title='bbox 874 1339 1023 1378; x_wconf 77' lang='lat' dir='ltr'><strong>terram,</strong></span> <span class='ocrx_word' id='word_1_146' title='bbox 1048 1338 1081 1366; x_wconf 91' lang='lat' dir='ltr'><strong>et</strong></span> <span class='ocrx_word' id='word_1_147' title='bbox 1099 1329 1283 1367; x_wconf 89' lang='lat' dir='ltr'><strong>hominem</strong></span> 
     </span>
     <span class='ocr_line' id='line_1_22' title="bbox 295 1390 1283 1444; baseline -0.002 -14"><span class='ocrx_word' id='word_1_148' title='bbox 295 1407 386 1442; x_wconf 87' lang='grc'><strong>6556,</strong></span> <span class='ocrx_word' id='word_1_149' title='bbox 414 1392 590 1444; x_wconf 83' lang='lat' dir='ltr'><strong>superflue</strong></span> <span class='ocrx_word' id='word_1_150' title='bbox 617 1391 782 1443; x_wconf 81' lang='lat' dir='ltr'><strong>nugaris,</strong></span> <span class='ocrx_word' id='word_1_151' title='bbox 815 1400 848 1428; x_wconf 88' lang='lat' dir='ltr'><strong>et</strong></span> <span class='ocrx_word' id='word_1_152' title='bbox 868 1390 1009 1428; x_wconf 85' lang='lat' dir='ltr'><strong>inutilia</strong></span> <span class='ocrx_word' id='word_1_153' title='bbox 1038 1391 1168 1428; x_wconf 87' lang='lat' dir='ltr'><strong>effutis.</strong></span> <span class='ocrx_word' id='word_1_154' title='bbox 1204 1390 1283 1441; x_wconf 85' lang='lat' dir='ltr'><strong>Ego</strong></span> 
     </span>
     <span class='ocr_line' id='line_1_23' title="bbox 295 1452 1283 1506; baseline -0.004 -14"><span class='ocrx_word' id='word_1_155' title='bbox 295 1455 387 1493; x_wconf 87' lang='lat' dir='ltr'><strong>enim</strong></span> <span class='ocrx_word' id='word_1_156' title='bbox 407 1454 514 1491; x_wconf 86' lang='lat' dir='ltr'><strong>aliam</strong></span> <span class='ocrx_word' id='word_1_157' title='bbox 535 1453 755 1506; x_wconf 85' lang='lat' dir='ltr'><strong>hyperbolen</strong></span> <span class='ocrx_word' id='word_1_158' title='bbox 781 1453 907 1491; x_wconf 83' lang='lat' dir='ltr'><strong>afferre</strong></span> <span class='ocrx_word' id='word_1_159' title='bbox 928 1466 1086 1504; x_wconf 88' lang='lat' dir='ltr'><strong>possum.</strong></span> <span class='ocrx_word' id='word_1_160' title='bbox 1109 1452 1283 1497; x_wconf 79' lang='lat' dir='ltr'><strong>Quaenam</strong></span> 
     </span>
     <span class='ocr_line' id='line_1_24' title="bbox 295 1512 1282 1564; baseline -0.004 -11"><span class='ocrx_word' id='word_1_161' title='bbox 295 1516 357 1553; x_wconf 82' lang='lat' dir='ltr'><strong>illa</strong></span> <span class='ocrx_word' id='word_1_162' title='bbox 377 1515 452 1553; x_wconf 68' lang='lat' dir='ltr'><strong>est?</strong></span> <span class='ocrx_word' id='word_1_163' title='bbox 471 1514 507 1553; x_wconf 87' lang='lat' dir='ltr'><strong>Si</strong></span> <span class='ocrx_word' id='word_1_164' title='bbox 532 1514 577 1552; x_wconf 89' lang='lat' dir='ltr'><strong>de</strong></span> <span class='ocrx_word' id='word_1_165' title='bbox 606 1523 698 1551; x_wconf 88' lang='lat' dir='ltr'><strong>terra</strong></span> <span class='ocrx_word' id='word_1_166' title='bbox 730 1513 867 1551; x_wconf 88' lang='lat' dir='ltr'><strong>dictum</strong></span> <span class='ocrx_word' id='word_1_167' title='bbox 897 1522 1001 1561; x_wconf 88' lang='lat' dir='ltr'><strong>esset,</strong></span> <span class='ocrx_word' id='word_1_168' title='bbox 1035 1514 1076 1551; x_wconf 92' lang='lat' dir='ltr'><strong>In</strong></span> <span class='ocrx_word' id='word_1_169' title='bbox 1106 1512 1282 1564; x_wconf 89' lang='lat' dir='ltr'><strong>principio</strong></span> 
     </span>
     <span class='ocr_line' id='line_1_25' title="bbox 295 1573 1280 1626; baseline -0.003 -12"><span class='ocrx_word' id='word_1_170' title='bbox 295 1585 388 1615; x_wconf 81' lang='lat' dir='ltr'><strong>terra</strong></span> <span class='ocrx_word' id='word_1_171' title='bbox 410 1584 483 1613; x_wconf 90' lang='lat' dir='ltr'><strong>erat</strong></span> <span class='ocrx_word' id='word_1_172' title='bbox 491 1592 500 1623; x_wconf 89' lang='lat'>;</span> <span class='ocrx_word' id='word_1_173' title='bbox 518 1585 551 1613; x_wconf 92' lang='lat' dir='ltr'><strong>et</strong></span> <span class='ocrx_word' id='word_1_174' title='bbox 569 1575 613 1612; x_wconf 88' lang='lat' dir='ltr'><strong>de</strong></span> <span class='ocrx_word' id='word_1_175' title='bbox 626 1574 783 1620; x_wconf 87' lang='lat' dir='ltr'><strong>homine,</strong></span> <span class='ocrx_word' id='word_1_176' title='bbox 804 1575 845 1611; x_wconf 85' lang='lat' dir='ltr'><strong>In</strong></span> <span class='ocrx_word' id='word_1_177' title='bbox 861 1573 1038 1626; x_wconf 87' lang='lat' dir='ltr'><strong>principio</strong></span> <span class='ocrx_word' id='word_1_178' title='bbox 1060 1583 1133 1611; x_wconf 87' lang='lat' dir='ltr'><strong>erat</strong></span> <span class='ocrx_word' id='word_1_179' title='bbox 1158 1573 1280 1623; x_wconf 91' lang='lat' dir='ltr'><strong>homo,</strong></span> 
     </span>
     <span class='ocr_line' id='line_1_26' title="bbox 296 1634 1280 1688; baseline -0.003 -13"><span class='ocrx_word' id='word_1_180' title='bbox 296 1652 410 1688; x_wconf 86' lang='lat' dir='ltr'><strong>neque</strong></span> <span class='ocrx_word' id='word_1_181' title='bbox 428 1637 475 1675; x_wconf 87' lang='lat' dir='ltr'><strong>ita</strong></span> <span class='ocrx_word' id='word_1_182' title='bbox 501 1636 589 1688; x_wconf 86' lang='lat' dir='ltr'><strong>quid</strong></span> <span class='ocrx_word' id='word_1_183' title='bbox 607 1636 723 1688; x_wconf 89' lang='lat' dir='ltr'><strong>majus</strong></span> <span class='ocrx_word' id='word_1_184' title='bbox 755 1635 798 1673; x_wconf 90' lang='lat' dir='ltr'><strong>de</strong></span> <span class='ocrx_word' id='word_1_185' title='bbox 827 1635 898 1672; x_wconf 90' lang='lat' dir='ltr'><strong>illis</strong></span> <span class='ocrx_word' id='word_1_186' title='bbox 917 1634 1173 1687; x_wconf 89' lang='lat' dir='ltr'><strong>suspicandum</strong></span> <span class='ocrx_word' id='word_1_187' title='bbox 1187 1635 1280 1683; x_wconf 88' lang='lat' dir='ltr'><strong>fore,</strong></span> 
     </span>
     <span class='ocr_line' id='line_1_27' title="bbox 296 1696 1283 1750; baseline -0.003 -14"><span class='ocrx_word' id='word_1_188' title='bbox 296 1713 403 1750; x_wconf 88' lang='lat' dir='ltr'><strong>quam</strong></span> <span class='ocrx_word' id='word_1_189' title='bbox 422 1699 483 1736; x_wconf 81' lang='lat' dir='ltr'><strong>illa</strong></span> <span class='ocrx_word' id='word_1_190' title='bbox 501 1712 579 1749; x_wconf 77' lang='lat' dir='ltr'><strong>quae</strong></span> <span class='ocrx_word' id='word_1_191' title='bbox 595 1712 688 1735; x_wconf 92' lang='lat' dir='ltr'><strong>nunc</strong></span> <span class='ocrx_word' id='word_1_192' title='bbox 706 1697 961 1748; x_wconf 84' lang='lat' dir='ltr'><strong>cognoscimus.</strong></span> <span class='ocrx_word' id='word_1_193' title='bbox 984 1697 1075 1734; x_wconf 86' lang='lat' dir='ltr'><strong>Nam</strong></span> <span class='ocrx_word' id='word_1_194' title='bbox 1101 1696 1283 1748; x_wconf 83' lang='lat' dir='ltr'><strong>praemissa</strong></span> 
     </span>
     <span class='ocr_line' id='line_1_28' title="bbox 296 1756 1284 1811; baseline -0.003 -13"><span class='ocrx_word' id='word_1_195' title='bbox 296 1770 396 1798; x_wconf 84' lang='lat' dir='ltr'><strong>terrae</strong></span> <span class='ocrx_word' id='word_1_196' title='bbox 416 1769 448 1798; x_wconf 90' lang='lat' dir='ltr'><strong>et</strong></span> <span class='ocrx_word' id='word_1_197' title='bbox 474 1759 629 1797; x_wconf 91' lang='lat' dir='ltr'><strong>hominis</strong></span> <span class='ocrx_word' id='word_1_198' title='bbox 656 1758 905 1811; x_wconf 83' lang='lat' dir='ltr'><strong>appellatione,</strong></span> <span class='ocrx_word' id='word_1_199' title='bbox 936 1756 1112 1808; x_wconf 83' lang='lat' dir='ltr'><strong>quidquid</strong></span> <span class='ocrx_word' id='word_1_200' title='bbox 1141 1756 1185 1794; x_wconf 86' lang='lat' dir='ltr'><strong>de</strong></span> <span class='ocrx_word' id='word_1_201' title='bbox 1210 1757 1284 1795; x_wconf 88' lang='lat' dir='ltr'><strong>illis</strong></span> 
     </span>
     <span class='ocr_line' id='line_1_29' title="bbox 294 1818 1284 1873; baseline -0.004 -14"><span class='ocrx_word' id='word_1_202' title='bbox 294 1821 455 1871; x_wconf 86' lang='lat' dir='ltr'><strong>dicatur,</strong></span> <span class='ocrx_word' id='word_1_203' title='bbox 476 1835 545 1858; x_wconf 91' lang='lat' dir='ltr'><strong>non</strong></span> <span class='ocrx_word' id='word_1_204' title='bbox 576 1829 690 1873; x_wconf 80' lang='lat' dir='ltr'><strong>potest</strong></span> <span class='ocrx_word' id='word_1_205' title='bbox 718 1819 857 1857; x_wconf 89' lang='lat' dir='ltr'><strong>animus</strong></span> <span class='ocrx_word' id='word_1_206' title='bbox 891 1819 1005 1871; x_wconf 88' lang='lat' dir='ltr'><strong>majus</strong></span> <span class='ocrx_word' id='word_1_207' title='bbox 1034 1818 1219 1870; x_wconf 82' lang='lat' dir='ltr'><strong>quidpiam</strong></span> <span class='ocrx_word' id='word_1_208' title='bbox 1240 1818 1284 1856; x_wconf 87' lang='lat' dir='ltr'><strong>de</strong></span> 
     </span>
     <span class='ocr_line' id='line_1_30' title="bbox 295 1880 1281 1934; baseline -0.003 -14"><span class='ocrx_word' id='word_1_209' title='bbox 295 1883 368 1921; x_wconf 85' lang='lat' dir='ltr'><strong>illis</strong></span> <span class='ocrx_word' id='word_1_210' title='bbox 392 1883 599 1934; x_wconf 86' lang='lat' dir='ltr'><strong>imaginari,</strong></span> <span class='ocrx_word' id='word_1_211' title='bbox 612 1896 719 1933; x_wconf 86' lang='lat' dir='ltr'><strong>quam</strong></span> <span class='ocrx_word' id='word_1_212' title='bbox 735 1896 774 1919; x_wconf 86' lang='lat' dir='ltr'><strong>ea</strong></span> <span class='ocrx_word' id='word_1_213' title='bbox 804 1895 882 1931; x_wconf 84' lang='lat' dir='ltr'><strong>quae</strong></span> <span class='ocrx_word' id='word_1_214' title='bbox 902 1880 1032 1918; x_wconf 86' lang='lat' dir='ltr'><strong>scimus</strong></span> <span class='ocrx_word' id='word_1_215' title='bbox 1050 1896 1057 1916; x_wconf 93' lang='lat'><strong>:</strong></span> <span class='ocrx_word' id='word_1_216' title='bbox 1075 1889 1114 1917; x_wconf 90' lang='lat' dir='ltr'><strong>ut</strong></span> <span class='ocrx_word' id='word_1_217' title='bbox 1139 1889 1281 1931; x_wconf 82' lang='lat' dir='ltr'><strong>eontra,</strong></span> 
     </span>
     <span class='ocr_line' id='line_1_31' title="bbox 296 1940 1284 1994; baseline -0.004 -12"><span class='ocrx_word' id='word_1_218' title='bbox 296 1945 477 1993; x_wconf 82' lang='lat' dir='ltr'><strong>Verbum,</strong></span> <span class='ocrx_word' id='word_1_219' title='bbox 494 1943 631 1981; x_wconf 85' lang='lat' dir='ltr'><strong>etiamsi</strong></span> <span class='ocrx_word' id='word_1_220' title='bbox 660 1952 764 1980; x_wconf 85' lang='lat' dir='ltr'><strong>tenue</strong></span> <span class='ocrx_word' id='word_1_221' title='bbox 791 1941 975 1994; x_wconf 83' lang='lat' dir='ltr'><strong>quidpiam</strong></span> <span class='ocrx_word' id='word_1_222' title='bbox 1003 1941 1048 1979; x_wconf 86' lang='lat' dir='ltr'><strong>de</strong></span> <span class='ocrx_word' id='word_1_223' title='bbox 1066 1941 1128 1978; x_wconf 90' lang='lat' dir='ltr'><strong>illo</strong></span> <span class='ocrx_word' id='word_1_224' title='bbox 1146 1940 1284 1979; x_wconf 86' lang='lat' dir='ltr'><strong>dictum</strong></span> 
     </span>
     <span class='ocr_line' id='line_1_32' title="bbox 294 2002 1285 2056; baseline -0.002 -14"><span class='ocrx_word' id='word_1_225' title='bbox 294 2004 415 2054; x_wconf 83' lang='lat' dir='ltr'><strong>suerit,</strong></span> <span class='ocrx_word' id='word_1_226' title='bbox 438 2018 508 2042; x_wconf 92' lang='lat' dir='ltr'><strong>non</strong></span> <span class='ocrx_word' id='word_1_227' title='bbox 535 2004 711 2056; x_wconf 76' lang='lat' dir='ltr'><strong>permittit</strong></span> <span class='ocrx_word' id='word_1_228' title='bbox 738 2012 855 2041; x_wconf 80' lang='lat' dir='ltr'><strong>tamen</strong></span> <span class='ocrx_word' id='word_1_229' title='bbox 886 2002 1024 2054; x_wconf 85' lang='lat' dir='ltr'><strong>aliquid.</strong></span> <span class='ocrx_word' id='word_1_230' title='bbox 1054 2002 1231 2055; x_wconf 89' lang='lat' dir='ltr'><strong>abjectum</strong></span> <span class='ocrx_word' id='word_1_231' title='bbox 1251 2012 1285 2040; x_wconf 84' lang='lat' dir='ltr'><strong>et</strong></span> 
     </span>
     <span class='ocr_line' id='line_1_33' title="bbox 296 2063 1285 2115; baseline -0.003 -12"><span class='ocrx_word' id='word_1_232' title='bbox 296 2066 368 2104; x_wconf 80' lang='lat' dir='ltr'><strong>vile</strong></span> <span class='ocrx_word' id='word_1_233' title='bbox 381 2065 426 2103; x_wconf 86' lang='grc'><strong>(16</strong></span> <span class='ocrx_word' id='word_1_234' title='bbox 440 2080 475 2103; x_wconf 88' lang='grc'><strong>56</strong></span> <span class='ocrx_word' id='word_1_235' title='bbox 490 2065 699 2103; x_wconf 80' lang='lat' dir='ltr'><strong>existimari.</strong></span> <span class='ocrx_word' id='word_1_236' title='bbox 720 2064 915 2103; x_wconf 87' lang='lat' dir='ltr'><strong>Enimvero</strong></span> <span class='ocrx_word' id='word_1_237' title='bbox 933 2063 977 2101; x_wconf 87' lang='lat' dir='ltr'><strong>de</strong></span> <span class='ocrx_word' id='word_1_238' title='bbox 992 2073 1084 2101; x_wconf 86' lang='lat' dir='ltr'><strong>terra</strong></span> <span class='ocrx_word' id='word_1_239' title='bbox 1100 2063 1150 2101; x_wconf 85' lang='lat' dir='ltr'><strong>sic</strong></span> <span class='ocrx_word' id='word_1_240' title='bbox 1164 2073 1285 2115; x_wconf 87' lang='lat' dir='ltr'><strong>postea</strong></span> 
     </span>
     <span class='ocr_line' id='line_1_34' title="bbox 295 2126 1285 2166; baseline -0.003 0"><span class='ocrx_word' id='word_1_241' title='bbox 295 2128 450 2166; x_wconf 87' lang='lat' dir='ltr'><strong>dicitur:</strong></span> <span class='ocrx_word' id='word_1_242' title='bbox 472 2130 587 2166; x_wconf 82' lang='lat' dir='ltr'><strong>Terra</strong></span> <span class='ocrx_word' id='word_1_243' title='bbox 606 2136 734 2165; x_wconf 79' lang='lat' dir='ltr'><strong>autem</strong></span> <span class='ocrx_word' id='word_1_244' title='bbox 755 2135 837 2164; x_wconf 78' lang='lat' dir='ltr'><strong>erac</strong></span> <span class='ocrx_word' id='word_1_245' title='bbox 858 2126 1065 2165; x_wconf 77' lang='lat' dir='ltr'><strong>invisibilis</strong></span> <span class='ocrx_word' id='word_1_246' title='bbox 1084 2135 1120 2163; x_wconf 84' lang='lat' dir='ltr'><strong>et</strong></span> <span class='ocrx_word' id='word_1_247' title='bbox 1143 2130 1285 2163; x_wconf 87' lang='lat' dir='ltr'><strong>incom-</strong></span> 
     </span>
     <span class='ocr_line' id='line_1_35' title="bbox 292 2187 1280 2242; baseline -0.005 -14"><span class='ocrx_word' id='word_1_248' title='bbox 292 2193 430 2242; x_wconf 76' lang='lat' dir='ltr'><strong>posita.</strong></span> <span class='ocrx_word' id='word_1_249' title='bbox 452 2190 544 2228; x_wconf 85' lang='lat' dir='ltr'><strong>Cum</strong></span> <span class='ocrx_word' id='word_1_250' title='bbox 563 2188 711 2226; x_wconf 78' lang='lat' dir='ltr'><strong>dixisset</strong></span> <span class='ocrx_word' id='word_1_251' title='bbox 730 2188 824 2225; x_wconf 87' lang='lat' dir='ltr'><strong>enim</strong></span> <span class='ocrx_word' id='word_1_252' title='bbox 851 2187 971 2239; x_wconf 90' lang='lat' dir='ltr'><strong>ipsum</strong></span> <span class='ocrx_word' id='word_1_253' title='bbox 997 2187 1120 2224; x_wconf 87' lang='lat' dir='ltr'><strong>fecisse</strong></span> <span class='ocrx_word' id='word_1_254' title='bbox 1134 2195 1280 2236; x_wconf 81' lang='lat' dir='ltr'><strong>terram,</strong></span> 
     </span>
     <span class='ocr_line' id='line_1_36' title="bbox 295 2248 1285 2304; baseline -0.006 -14"><span class='ocrx_word' id='word_1_255' title='bbox 295 2261 329 2290; x_wconf 88' lang='lat' dir='ltr'><strong>et</strong></span> <span class='ocrx_word' id='word_1_256' title='bbox 350 2252 417 2304; x_wconf 88' lang='lat' dir='ltr'><strong>ipsi</strong></span> <span class='ocrx_word' id='word_1_257' title='bbox 442 2251 625 2304; x_wconf 88' lang='lat' dir='ltr'><strong>proprium</strong></span> <span class='ocrx_word' id='word_1_258' title='bbox 647 2250 841 2288; x_wconf 88' lang='lat' dir='ltr'><strong>terminum</strong></span> <span class='ocrx_word' id='word_1_259' title='bbox 860 2249 1052 2301; x_wconf 74' lang='lat' dir='ltr'><strong>posuisset,</strong></span> <span class='ocrx_word' id='word_1_260' title='bbox 1072 2262 1192 2286; x_wconf 86' lang='lat' dir='ltr'><strong>secure</strong></span> <span class='ocrx_word' id='word_1_261' title='bbox 1208 2248 1285 2298; x_wconf 89' lang='lat' dir='ltr'><strong>jam</strong></span> 
     </span>
     <span class='ocr_line' id='line_1_37' title="bbox 295 2308 1285 2365; baseline -0.006 -14"><span class='ocrx_word' id='word_1_262' title='bbox 295 2327 373 2365; x_wconf 83' lang='lat' dir='ltr'><strong>quae</strong></span> <span class='ocrx_word' id='word_1_263' title='bbox 389 2321 584 2365; x_wconf 87' lang='lat' dir='ltr'><strong>sequuntur</strong></span> <span class='ocrx_word' id='word_1_264' title='bbox 602 2320 764 2360; x_wconf 76' lang='lat' dir='ltr'><strong>enarrat3</strong></span> <span class='ocrx_word' id='word_1_265' title='bbox 783 2324 914 2362; x_wconf 87' lang='lat' dir='ltr'><strong>gnarus</strong></span> <span class='ocrx_word' id='word_1_266' title='bbox 934 2310 1110 2347; x_wconf 87' lang='lat' dir='ltr'><strong>neminem</strong></span> <span class='ocrx_word' id='word_1_267' title='bbox 1128 2309 1178 2346; x_wconf 83' lang='lat' dir='ltr'><strong>ita</strong></span> <span class='ocrx_word' id='word_1_268' title='bbox 1197 2308 1285 2346; x_wconf 83' lang='lat' dir='ltr'><strong>stul-</strong></span> 
     </span>
     <span class='ocr_line' id='line_1_38' title="bbox 294 2370 1286 2424; baseline -0.006 -12"><span class='ocrx_word' id='word_1_269' title='bbox 294 2384 372 2412; x_wconf 81' lang='lat' dir='ltr'><strong>tum</strong></span> <span class='ocrx_word' id='word_1_270' title='bbox 390 2388 477 2424; x_wconf 88' lang='lat' dir='ltr'><strong>esse,</strong></span> <span class='ocrx_word' id='word_1_271' title='bbox 507 2383 547 2411; x_wconf 87' lang='lat' dir='ltr'><strong>ut</strong></span> <span class='ocrx_word' id='word_1_272' title='bbox 578 2373 679 2410; x_wconf 88' lang='lat' dir='ltr'><strong>illam</strong></span> <span class='ocrx_word' id='word_1_273' title='bbox 709 2372 783 2409; x_wconf 89' lang='lat' dir='ltr'><strong>sine</strong></span> <span class='ocrx_word' id='word_1_274' title='bbox 815 2370 991 2423; x_wconf 88' lang='lat' dir='ltr'><strong>principio</strong></span> <span class='ocrx_word' id='word_1_275' title='bbox 1013 2379 1046 2407; x_wconf 88' lang='lat' dir='ltr'><strong>et</strong></span> <span class='ocrx_word' id='word_1_276' title='bbox 1066 2384 1135 2407; x_wconf 90' lang='lat' dir='ltr'><strong>non</strong></span> <span class='ocrx_word' id='word_1_277' title='bbox 1158 2370 1286 2407; x_wconf 78' lang='lat' dir='ltr'><strong>factam</strong></span> 
     </span>
     <span class='ocr_line' id='line_1_39' title="bbox 294 2431 1284 2487; baseline -0.005 -14"><span class='ocrx_word' id='word_1_278' title='bbox 294 2450 367 2473; x_wconf 83' lang='lat' dir='ltr'><strong>csse</strong></span> <span class='ocrx_word' id='word_1_279' title='bbox 397 2435 606 2487; x_wconf 81' lang='lat' dir='ltr'><strong>suspicetur.</strong></span> <span class='ocrx_word' id='word_1_280' title='bbox 642 2435 764 2471; x_wconf 82' lang='lat' dir='ltr'><strong>Terrae</strong></span> <span class='ocrx_word' id='word_1_281' title='bbox 792 2432 926 2484; x_wconf 87' lang='lat' dir='ltr'><strong>quippe</strong></span> <span class='ocrx_word' id='word_1_282' title='bbox 956 2445 1097 2481; x_wconf 86' lang='lat' dir='ltr'><strong>nomen,</strong></span> <span class='ocrx_word' id='word_1_283' title='bbox 1120 2440 1153 2469; x_wconf 88' lang='lat' dir='ltr'><strong>et</strong></span> <span class='ocrx_word' id='word_1_284' title='bbox 1179 2431 1284 2479; x_wconf 88' lang='lat' dir='ltr'><strong>illud,</strong></span> 
     </span>
     <span class='ocr_line' id='line_1_40' title="bbox 295 2491 1284 2543; baseline -0.006 -9"><span class='ocrx_word' id='word_1_285' title='bbox 295 2499 420 2543; x_wconf 80' lang='lat' dir='ltr'><strong>Fecit,</strong></span> <span class='ocrx_word' id='word_1_286' title='bbox 436 2495 521 2532; x_wconf 82' lang='lat' dir='ltr'><strong>satis</strong></span> <span class='ocrx_word' id='word_1_287' title='bbox 540 2503 621 2532; x_wconf 83' lang='lat' dir='ltr'><strong>sunt</strong></span> <span class='ocrx_word' id='word_1_288' title='bbox 639 2503 676 2531; x_wconf 84' lang='lat' dir='ltr'><strong>ut</strong></span> <span class='ocrx_word' id='word_1_289' title='bbox 690 2493 748 2531; x_wconf 88' lang='lat' dir='ltr'><strong>vel</strong></span> <span class='ocrx_word' id='word_1_290' title='bbox 763 2491 959 2530; x_wconf 83' lang='lat' dir='ltr'><strong>admodum</strong></span> <span class='ocrx_word' id='word_1_291' title='bbox 978 2492 1088 2530; x_wconf 80' lang='lat' dir='ltr'><strong>stulto</strong></span> <span class='ocrx_word' id='word_1_292' title='bbox 1104 2491 1284 2541; x_wconf 88' lang='lat' dir='ltr'><strong>suadeant,</strong></span> 
     </span>
     <span class='ocr_line' id='line_1_41' title="bbox 296 2551 1286 2608; baseline -0.004 -14"><span class='ocrx_word' id='word_1_293' title='bbox 296 2557 410 2608; x_wconf 81' lang='lat' dir='ltr'><strong>ipsam</strong></span> <span class='ocrx_word' id='word_1_294' title='bbox 432 2570 494 2593; x_wconf 89' lang='lat' dir='ltr'><strong>nec</strong></span> <span class='ocrx_word' id='word_1_295' title='bbox 522 2564 701 2602; x_wconf 83' lang='lat' dir='ltr'><strong>aetcrnam,</strong></span> <span class='ocrx_word' id='word_1_296' title='bbox 722 2568 785 2592; x_wconf 88' lang='lat' dir='ltr'><strong>nec</strong></span> <span class='ocrx_word' id='word_1_297' title='bbox 804 2568 873 2591; x_wconf 93' lang='lat' dir='ltr'><strong>non</strong></span> <span class='ocrx_word' id='word_1_298' title='bbox 898 2554 1026 2591; x_wconf 83' lang='lat' dir='ltr'><strong>factam</strong></span> <span class='ocrx_word' id='word_1_299' title='bbox 1046 2567 1136 2600; x_wconf 86' lang='lat' dir='ltr'><strong>csse,</strong></span> <span class='ocrx_word' id='word_1_300' title='bbox 1158 2551 1219 2590; x_wconf 88' lang='lat' dir='ltr'><strong>sed</strong></span> <span class='ocrx_word' id='word_1_301' title='bbox 1241 2566 1286 2590; x_wconf 82' lang='lat' dir='ltr'><strong>ex</strong></span> 
     </span>
     <span class='ocr_line' id='line_1_42' title="bbox 296 2613 1178 2666; baseline -0.005 -12"><span class='ocrx_word' id='word_1_302' title='bbox 296 2631 419 2654; x_wconf 88' lang='lat' dir='ltr'><strong>corum</strong></span> <span class='ocrx_word' id='word_1_303' title='bbox 436 2629 582 2653; x_wconf 89' lang='lat' dir='ltr'><strong>numero</strong></span> <span class='ocrx_word' id='word_1_304' title='bbox 597 2629 674 2665; x_wconf 82' lang='lat' dir='ltr'><strong>quae</strong></span> <span class='ocrx_word' id='word_1_305' title='bbox 691 2614 725 2651; x_wconf 87' lang='lat' dir='ltr'><strong>in</strong></span> <span class='ocrx_word' id='word_1_306' title='bbox 742 2624 901 2666; x_wconf 83' lang='lat' dir='ltr'><strong>tempore</strong></span> <span class='ocrx_word' id='word_1_307' title='bbox 922 2613 1064 2651; x_wconf 83' lang='lat' dir='ltr'><strong>condita</strong></span> <span class='ocrx_word' id='word_1_308' title='bbox 1084 2622 1178 2651; x_wconf 89' lang='lat' dir='ltr'><strong>sunt.</strong></span> 
     </span>
    </p>

    <p class='ocr_par' dir='ltr' id='par_1_5' title="bbox 297 2674 1334 3038">
     <span class='ocr_line' id='line_1_43' title="bbox 349 2674 1287 2723; baseline -0.003 -8"><span class='ocrx_word' id='word_1_309' title='bbox 349 2679 388 2715; x_wconf 84' lang='lat'><strong>5.</strong></span> <span class='ocrx_word' id='word_1_310' title='bbox 420 2678 590 2714; x_wconf 60' lang='lat' dir='ltr'><strong>Praeterea</strong></span> <span class='ocrx_word' id='word_1_311' title='bbox 612 2684 730 2712; x_wconf 87' lang='lat' dir='ltr'><strong>autem</strong></span> <span class='ocrx_word' id='word_1_312' title='bbox 752 2675 866 2723; x_wconf 88' lang='lat' dir='ltr'><strong>illud,</strong></span> <span class='ocrx_word' id='word_1_313' title='bbox 893 2678 1005 2723; x_wconf 83' lang='lat' dir='ltr'><strong>Erat,</strong></span> <span class='ocrx_word' id='word_1_314' title='bbox 1024 2675 1068 2713; x_wconf 88' lang='lat' dir='ltr'><strong>de</strong></span> <span class='ocrx_word' id='word_1_315' title='bbox 1086 2685 1178 2712; x_wconf 91' lang='lat' dir='ltr'><strong>terra</strong></span> <span class='ocrx_word' id='word_1_316' title='bbox 1194 2674 1287 2712; x_wconf 87' lang='lat' dir='ltr'><strong>etde</strong></span> 
     </span>
     <span class='ocr_line' id='line_1_44' title="bbox 298 2735 1286 2786; baseline -0.003 -10"><span class='ocrx_word' id='word_1_317' title='bbox 298 2738 441 2776; x_wconf 88' lang='lat' dir='ltr'><strong>homine</strong></span> <span class='ocrx_word' id='word_1_318' title='bbox 467 2737 618 2783; x_wconf 84' lang='lat' dir='ltr'><strong>dictum,</strong></span> <span class='ocrx_word' id='word_1_319' title='bbox 642 2750 711 2773; x_wconf 90' lang='lat' dir='ltr'><strong>non</strong></span> <span class='ocrx_word' id='word_1_320' title='bbox 740 2735 948 2786; x_wconf 77' lang='lat' dir='ltr'><strong>simpliciter</strong></span> <span class='ocrx_word' id='word_1_321' title='bbox 976 2736 1219 2774; x_wconf 72' lang='lat' dir='ltr'><strong>exsistentiam</strong></span> <span class='ocrx_word' id='word_1_322' title='bbox 1239 2736 1286 2773; x_wconf 87' lang='lat' dir='ltr'><strong>si-</strong></span> 
     </span>
     <span class='ocr_line' id='line_1_45' title="bbox 298 2795 1287 2850; baseline -0.002 -14"><span class='ocrx_word' id='word_1_323' title='bbox 298 2799 465 2850; x_wconf 83' lang='lat' dir='ltr'><strong>guificat;</strong></span> <span class='ocrx_word' id='word_1_324' title='bbox 486 2798 546 2835; x_wconf 88' lang='lat' dir='ltr'><strong>sed</strong></span> <span class='ocrx_word' id='word_1_325' title='bbox 561 2798 605 2835; x_wconf 85' lang='lat' dir='ltr'><strong>de</strong></span> <span class='ocrx_word' id='word_1_326' title='bbox 623 2796 767 2834; x_wconf 92' lang='lat' dir='ltr'><strong>homine</strong></span> <span class='ocrx_word' id='word_1_327' title='bbox 786 2795 936 2840; x_wconf 79' lang='lat' dir='ltr'><strong>dietum,</strong></span> <span class='ocrx_word' id='word_1_328' title='bbox 953 2796 1084 2834; x_wconf 82' lang='lat' dir='ltr'><strong>indicat</strong></span> <span class='ocrx_word' id='word_1_329' title='bbox 1103 2797 1222 2849; x_wconf 88' lang='lat' dir='ltr'><strong>ipsum</strong></span> <span class='ocrx_word' id='word_1_330' title='bbox 1241 2811 1287 2834; x_wconf 77' lang='lat' dir='ltr'><strong>ex</strong></span> 
     </span>
     <span class='ocr_line' id='line_1_46' title="bbox 297 2857 1334 2909; baseline -0.002 -11"><span class='ocrx_word' id='word_1_331' title='bbox 297 2861 361 2898; x_wconf 78' lang='lat' dir='ltr'><strong>tali</strong></span> <span class='ocrx_word' id='word_1_332' title='bbox 375 2858 447 2898; x_wconf 80' lang='lat' dir='ltr'><strong>es&#39;se</strong></span> <span class='ocrx_word' id='word_1_333' title='bbox 462 2860 560 2909; x_wconf 88' lang='lat' dir='ltr'><strong>loco;</strong></span> <span class='ocrx_word' id='word_1_334' title='bbox 577 2859 622 2896; x_wconf 88' lang='grc'><strong>(16</strong></span> <span class='ocrx_word' id='word_1_335' title='bbox 640 2868 733 2896; x_wconf 85' lang='lat' dir='ltr'><strong>terra</strong></span> <span class='ocrx_word' id='word_1_336' title='bbox 749 2866 884 2905; x_wconf 81' lang='lat' dir='ltr'><strong>autem,</strong></span> <span class='ocrx_word' id='word_1_337' title='bbox 914 2857 1015 2894; x_wconf 82' lang='lat' dir='ltr'><strong>illam</strong></span> <span class='ocrx_word' id='word_1_338' title='bbox 1035 2858 1096 2894; x_wconf 83' lang='lat' dir='ltr'><strong>tali</strong></span> <span class='ocrx_word' id='word_1_339' title='bbox 1115 2872 1188 2896; x_wconf 88' lang='lat' dir='ltr'><strong>esse</strong></span> <span class='ocrx_word' id='word_1_340' title='bbox 1211 2872 1286 2896; x_wconf 85' lang='lat' dir='ltr'><strong>mo·</strong></span> <span class='ocrx_word' id='word_1_341' title='bbox 1310 2875 1334 2905; x_wconf 77' lang='lat' dir='ltr'>E</span> 
     </span>
     <span class='ocr_line' id='line_1_47' title="bbox 298 2918 1286 2974; baseline -0.003 -12"><span class='ocrx_word' id='word_1_342' title='bbox 298 2925 355 2962; x_wconf 90' lang='lat' dir='ltr'><strong>do.</strong></span> <span class='ocrx_word' id='word_1_343' title='bbox 372 2925 495 2974; x_wconf 87' lang='lat' dir='ltr'><strong>Neque</strong></span> <span class='ocrx_word' id='word_1_344' title='bbox 520 2922 615 2960; x_wconf 84' lang='lat' dir='ltr'><strong>enim</strong></span> <span class='ocrx_word' id='word_1_345' title='bbox 643 2920 852 2972; x_wconf 76' lang='lat' dir='ltr'><strong>simpliciter</strong></span> <span class='ocrx_word' id='word_1_346' title='bbox 872 2918 985 2967; x_wconf 77' lang='lat' dir='ltr'><strong>dixit,</strong></span> <span class='ocrx_word' id='word_1_347' title='bbox 1004 2920 1115 2956; x_wconf 76' lang='lat' dir='ltr'><strong>Terra</strong></span> <span class='ocrx_word' id='word_1_348' title='bbox 1141 2930 1233 2969; x_wconf 87' lang='lat' dir='ltr'><strong>erat,</strong></span> <span class='ocrx_word' id='word_1_349' title='bbox 1253 2930 1286 2959; x_wconf 88' lang='lat' dir='ltr'><strong>et</strong></span> 
     </span>
     <span class='ocr_line' id='line_1_48' title="bbox 300 2980 1286 3038; baseline -0.003 -16"><span class='ocrx_word' id='word_1_350' title='bbox 300 2995 420 3038; x_wconf 78' lang='lat' dir='ltr'><strong>postea</strong></span> <span class='ocrx_word' id='word_1_351' title='bbox 450 2984 576 3034; x_wconf 75' lang='lat' dir='ltr'><strong>tacuit,</strong></span> <span class='ocrx_word' id='word_1_352' title='bbox 610 2982 670 3020; x_wconf 83' lang='lat' dir='ltr'><strong>scd</strong></span> <span class='ocrx_word' id='word_1_353' title='bbox 698 2981 816 3032; x_wconf 90' lang='lat' dir='ltr'><strong>qualis</strong></span> <span class='ocrx_word' id='word_1_354' title='bbox 844 2989 922 3032; x_wconf 78' lang='lat' dir='ltr'><strong>post</strong></span> <span class='ocrx_word' id='word_1_355' title='bbox 954 2980 1164 3017; x_wconf 74' lang='lat' dir='ltr'><strong>creationem</strong></span> <span class='ocrx_word' id='word_1_356' title='bbox 1199 2990 1286 3019; x_wconf 81' lang='lat' dir='ltr'><strong>essct</strong></span> 
     </span>
    </p>
   </div>
   <div class='ocr_carea' id='block_1_5' title="bbox 302 3090 1310 3389">
    <p class='ocr_par' dir='ltr' id='par_1_6' title="bbox 302 3090 1305 3190">
     <span class='ocr_line' id='line_1_49' title="bbox 346 3090 1305 3137; baseline -0.007 -8"><span class='ocrx_word' id='word_1_357' title='bbox 346 3099 361 3122; x_wconf 70' lang='grc' dir='ltr'><strong>Ι»</strong></span> <span class='ocrx_word' id='word_1_358' title='bbox 382 3096 495 3129; x_wconf 83' lang='lat' dir='ltr'><strong>Morel.</strong></span> <span class='ocrx_word' id='word_1_359' title='bbox 514 3102 591 3137; x_wconf 75' lang='lat' dir='ltr'><strong>post</strong></span> <span class='ocrx_word' id='word_1_360' title='bbox 607 3098 697 3128; x_wconf 67' lang='grc' dir='ltr'>ἀίδιον</span> <span class='ocrx_word' id='word_1_361' title='bbox 714 3092 811 3125; x_wconf 69' lang='lat' dir='ltr'><strong>addit</strong></span> <span class='ocrx_word' id='word_1_362' title='bbox 829 3097 947 3136; x_wconf 69' lang='grc' dir='ltr'>ὁμοίως,</span> <span class='ocrx_word' id='word_1_363' title='bbox 976 3091 1036 3124; x_wconf 85' lang='lat' dir='ltr'><strong>sed</strong></span> <span class='ocrx_word' id='word_1_364' title='bbox 1050 3090 1143 3123; x_wconf 79' lang='lat' dir='ltr'><strong>deest</strong></span> <span class='ocrx_word' id='word_1_365' title='bbox 1154 3092 1186 3122; x_wconf 86' lang='lat' dir='ltr'><strong>in</strong></span> <span class='ocrx_word' id='word_1_366' title='bbox 1204 3091 1305 3123; x_wconf 80' lang='lat' dir='ltr'><strong>Savil.</strong></span> 
     </span>
     <span class='ocr_line' id='line_1_50' title="bbox 302 3148 604 3190; baseline -0.003 -11"><span class='ocrx_word' id='word_1_367' title='bbox 302 3157 335 3180; x_wconf 75' lang='grc'><strong>61,</strong></span> <span class='ocrx_word' id='word_1_368' title='bbox 352 3150 426 3181; x_wconf 77' lang='lat' dir='ltr'><strong>Mss.</strong></span> <span class='ocrx_word' id='word_1_369' title='bbox 444 3148 604 3190; x_wconf 84' lang='lat' dir='ltr'><strong>plurimis.</strong></span> 
     </span>
    </p>

    <p class='ocr_par' dir='ltr' id='par_1_7' title="bbox 304 3195 1307 3295">
     <span class='ocr_line' id='line_1_51' title="bbox 346 3195 1307 3244; baseline -0.006 -12"><span class='ocrx_word' id='word_1_370' title='bbox 346 3212 358 3225; x_wconf 74' lang='lat'><strong>‘·</strong></span> <span class='ocrx_word' id='word_1_371' title='bbox 383 3199 496 3232; x_wconf 82' lang='lat' dir='ltr'><strong>Morel.</strong></span> <span class='ocrx_word' id='word_1_372' title='bbox 517 3208 553 3242; x_wconf 78' lang='grc' dir='ltr'>τῇ</span> <span class='ocrx_word' id='word_1_373' title='bbox 573 3202 652 3244; x_wconf 62' lang='grc' dir='ltr'>φύσει</span> <span class='ocrx_word' id='word_1_374' title='bbox 668 3205 706 3242; x_wconf 80' lang='grc' dir='ltr'>τῇ</span> <span class='ocrx_word' id='word_1_375' title='bbox 723 3204 858 3240; x_wconf 75' lang='grc' dir='ltr'>γεννητῇ.</span> <span class='ocrx_word' id='word_1_376' title='bbox 887 3195 988 3228; x_wconf 74' lang='lat' dir='ltr'><strong>Savil.</strong></span> <span class='ocrx_word' id='word_1_377' title='bbox 1014 3203 1072 3229; x_wconf 84' lang='grc' dir='ltr'><strong>τῶν</strong></span> <span class='ocrx_word' id='word_1_378' title='bbox 1096 3202 1134 3239; x_wconf 79' lang='grc' dir='ltr'>τῇ</span> <span class='ocrx_word' id='word_1_379' title='bbox 1151 3196 1230 3239; x_wconf 55' lang='grc' dir='ltr'>φύσει</span> <span class='ocrx_word' id='word_1_380' title='bbox 1247 3201 1307 3232; x_wconf 78' lang='grc' dir='ltr'>τοῖς</span> 
     </span>
     <span class='ocr_line' id='line_1_52' title="bbox 304 3259 684 3295; baseline -0.008 -11"><span class='ocrx_word' id='word_1_381' title='bbox 304 3261 450 3293; x_wconf 68' lang='grc' dir='ltr'>γεννητοῖς</span> <span class='ocrx_word' id='word_1_382' title='bbox 465 3259 684 3295; x_wconf 68' lang='grc' dir='ltr'>προσηκόντων.</span> 
     </span>
    </p>

    <p class='ocr_par' dir='ltr' id='par_1_8' title="bbox 309 3297 1310 3389">
     <span class='ocr_line' id='line_1_53' title="bbox 348 3297 1310 3345; baseline -0.004 -10"><span class='ocrx_word' id='word_1_383' title='bbox 348 3304 364 3328; x_wconf 82' lang='lat' dir='ltr'><strong>d</strong></span> <span class='ocrx_word' id='word_1_384' title='bbox 390 3303 583 3345; x_wconf 74' lang='lat' dir='ltr'><strong>Suspicatur</strong></span> <span class='ocrx_word' id='word_1_385' title='bbox 607 3300 748 3334; x_wconf 74' lang='lat' dir='ltr'><strong>Saiilius</strong></span> <span class='ocrx_word' id='word_1_386' title='bbox 773 3298 948 3343; x_wconf 74' lang='lat' dir='ltr'><strong>legendum</strong></span> <span class='ocrx_word' id='word_1_387' title='bbox 973 3297 1027 3331; x_wconf 84' lang='lat' dir='ltr'><strong>hic</strong></span> <span class='ocrx_word' id='word_1_388' title='bbox 1059 3309 1125 3330; x_wconf 86' lang='lat' dir='ltr'><strong>esse</strong></span> <span class='ocrx_word' id='word_1_389' title='bbox 1151 3303 1220 3342; x_wconf 76' lang='grc' dir='ltr'>περὶ</span> <span class='ocrx_word' id='word_1_390' title='bbox 1241 3300 1310 3331; x_wconf 73' lang='grc' dir='ltr'>ἑαυ-</span> 
     </span>
     <span class='ocr_line' id='line_1_54' title="bbox 309 3372 375 3389; baseline -0.045 0"><span class='ocrx_word' id='word_1_391' title='bbox 309 3372 375 3389; x_wconf 62' lang='grc' dir='ltr'><em>τ”Γλι</em></span> 
     </span>
    </p>
   </div>
   <div class='ocr_carea' id='block_1_6' title="bbox 349 3402 1309 3450">
    <p class='ocr_par' dir='ltr' id='par_1_9' title="bbox 349 3402 1309 3450">
     <span class='ocr_line' id='line_1_55' title="bbox 349 3402 1309 3450; baseline -0.005 -11"><span class='ocrx_word' id='word_1_392' title='bbox 349 3419 360 3432; x_wconf 57' lang='lat' dir='ltr'><strong>t·</strong></span> <span class='ocrx_word' id='word_1_393' title='bbox 386 3405 501 3439; x_wconf 70' lang='lat' dir='ltr'><strong>Morcl.</strong></span> <span class='ocrx_word' id='word_1_394' title='bbox 519 3412 646 3450; x_wconf 66' lang='grc' dir='ltr'>περιττὰ</span> <span class='ocrx_word' id='word_1_395' title='bbox 668 3410 710 3445; x_wconf 68' lang='grc' dir='ltr'><strong>μὴ</strong></span> <span class='ocrx_word' id='word_1_396' title='bbox 730 3407 866 3449; x_wconf 47' lang='grc' dir='ltr'><strong>φλυαρεῖς</strong></span> <span class='ocrx_word' id='word_1_397' title='bbox 884 3402 926 3445; x_wconf 89' lang='lat' dir='ltr'><strong>(l.</strong></span> <span class='ocrx_word' id='word_1_398' title='bbox 948 3402 1091 3447; x_wconf 59' lang='grc' dir='ltr'>φλυάρει)</span> <span class='ocrx_word' id='word_1_399' title='bbox 1108 3407 1231 3440; x_wconf 66' lang='grc' dir='ltr'>ἀνόητόν</span> <span class='ocrx_word' id='word_1_400' title='bbox 1246 3416 1309 3436; x_wconf 75' lang='grc' dir='ltr'>τινα</span> 
     </span>
    </p>
   </div>
   <div class='ocr_carea' id='block_1_7' title="bbox 731 209 1907 242">
    <p class='ocr_par' dir='ltr' id='par_1_10' title="bbox 731 209 1907 242">
     <span class='ocr_line' id='line_1_56' title="bbox 731 209 1907 242; baseline 0.001 -2"><span class='ocrx_word' id='word_1_401' title='bbox 731 210 770 241; x_wconf 84' lang='lat' dir='ltr'><strong>S.</strong></span> <span class='ocrx_word' id='word_1_402' title='bbox 807 210 994 241; x_wconf 82' lang='lat' dir='ltr'><strong>JOANNIS</strong></span> <span class='ocrx_word' id='word_1_403' title='bbox 1028 210 1272 242; x_wconf 81' lang='lat' dir='ltr'>CHRYSOST.</span> <span class='ocrx_word' id='word_1_404' title='bbox 1311 209 1517 240; x_wconf 77' lang='lat' dir='ltr'><strong>AncumP.</strong></span> <span class='ocrx_word' id='word_1_405' title='bbox 1546 209 1907 241; x_wconf 83' lang='lat' dir='ltr'>CONSTANTINOP-</span> 
     </span>
    </p>
   </div>
   <div class='ocr_carea' id='block_1_8' title="bbox 1355 285 2381 999">
    <p class='ocr_par' dir='ltr' id='par_1_11' title="bbox 1355 285 2381 999">
     <span class='ocr_line' id='line_1_57' title="bbox 1357 285 2381 345; baseline 0.005 -18"><span class='ocrx_word' id='word_1_406' title='bbox 1357 289 1374 310; x_wconf 82' lang='lat'><strong>¹’</strong></span> <span class='ocrx_word' id='word_1_407' title='bbox 1384 289 1553 342; x_wconf 82' lang='grc' dir='ltr'>ἐμφαίνει.</span> <span class='ocrx_word' id='word_1_408' title='bbox 1567 288 1692 345; x_wconf 87' lang='grc' dir='ltr'>Ἤρκει</span> <span class='ocrx_word' id='word_1_409' title='bbox 1708 290 1768 342; x_wconf 78' lang='grc' dir='ltr'><strong>μὲν</strong></span> <span class='ocrx_word' id='word_1_410' title='bbox 1779 285 1836 330; x_wconf 72' lang='grc' dir='ltr'><strong>οῧν</strong></span> <span class='ocrx_word' id='word_1_411' title='bbox 1850 290 2043 331; x_wconf 82' lang='grc' dir='ltr'>ἀκούσαντα</span> <span class='ocrx_word' id='word_1_412' title='bbox 2053 293 2130 343; x_wconf 70' lang='grc' dir='ltr'>γῆν,</span> <span class='ocrx_word' id='word_1_413' title='bbox 2140 292 2198 331; x_wconf 79' lang='grc' dir='ltr'><strong>καὶ</strong></span> <span class='ocrx_word' id='word_1_414' title='bbox 2213 293 2381 332; x_wconf 81' lang='grc' dir='ltr'>ἀκούσαν-</span> 
     </span>
     <span class='ocr_line' id='line_1_58' title="bbox 1355 349 2379 406; baseline 0.004 -18"><span class='ocrx_word' id='word_1_415' title='bbox 1355 366 1399 388; x_wconf 91' lang='grc' dir='ltr'>τα</span> <span class='ocrx_word' id='word_1_416' title='bbox 1412 351 1605 404; x_wconf 80' lang='grc' dir='ltr'>ἄνθρωπον,</span> <span class='ocrx_word' id='word_1_417' title='bbox 1621 351 1725 403; x_wconf 78' lang='grc' dir='ltr'>μηδὲν</span> <span class='ocrx_word' id='word_1_418' title='bbox 1746 351 1849 390; x_wconf 85' lang='grc' dir='ltr'>πλέον</span> <span class='ocrx_word' id='word_1_419' title='bbox 1868 356 2079 391; x_wconf 80' lang='grc' dir='ltr'>ὑποπτεῦσαι</span> <span class='ocrx_word' id='word_1_420' title='bbox 2092 353 2173 406; x_wconf 80' lang='grc' dir='ltr'>περὶ</span> <span class='ocrx_word' id='word_1_421' title='bbox 2192 354 2317 403; x_wconf 79' lang='grc' dir='ltr'>αὐτῶν,</span> <span class='ocrx_word' id='word_1_422' title='bbox 2332 349 2379 392; x_wconf 64' lang='grc' dir='ltr'><strong>ὧν</strong></span> 
     </span>
     <span class='ocr_line' id='line_1_59' title="bbox 1356 412 2380 467; baseline 0.003 -17"><span class='ocrx_word' id='word_1_423' title='bbox 1356 414 1419 464; x_wconf 72' lang='grc' dir='ltr'><strong>ετῇ</strong></span> <span class='ocrx_word' id='word_1_424' title='bbox 1436 412 1532 464; x_wconf 81' lang='grc' dir='ltr'>φύσει</span> <span class='ocrx_word' id='word_1_425' title='bbox 1543 415 1585 464; x_wconf 84' lang='grc' dir='ltr'>τῇ</span> <span class='ocrx_word' id='word_1_426' title='bbox 1600 416 1743 465; x_wconf 80' lang='grc' dir='ltr'>γεννητῇ</span> <span class='ocrx_word' id='word_1_427' title='bbox 1761 417 1915 466; x_wconf 72' lang='grc' dir='ltr'>προσῆκε</span> <span class='ocrx_word' id='word_1_428' title='bbox 1927 420 2026 452; x_wconf 89' lang='grc' dir='ltr'>νοεῖν.</span> <span class='ocrx_word' id='word_1_429' title='bbox 2044 414 2096 452; x_wconf 86' lang='grc' dir='ltr'><strong>Τὸ</strong></span> <span class='ocrx_word' id='word_1_430' title='bbox 2111 413 2177 467; x_wconf 89' lang='grc' dir='ltr'>γὰρ</span> <span class='ocrx_word' id='word_1_431' title='bbox 2188 415 2380 466; x_wconf 80' lang='grc' dir='ltr'>γενόμενον,</span> 
     </span>
     <span class='ocr_line' id='line_1_60' title="bbox 1357 467 2381 526; baseline 0.003 -16"><span class='ocrx_word' id='word_1_432' title='bbox 1357 471 1409 510; x_wconf 74' lang='grc' dir='ltr'><strong>ὅτι</strong></span> <span class='ocrx_word' id='word_1_433' title='bbox 1437 471 1476 510; x_wconf 81' lang='grc' dir='ltr'><strong>ἂν</strong></span> <span class='ocrx_word' id='word_1_434' title='bbox 1490 467 1526 525; x_wconf 65' lang='grc' dir='ltr'>ἦ,</span> <span class='ocrx_word' id='word_1_435' title='bbox 1545 473 1660 526; x_wconf 82' lang='grc' dir='ltr'>χρόνῳ</span> <span class='ocrx_word' id='word_1_436' title='bbox 1679 473 1700 519; x_wconf 86' lang='grc' dir='ltr'>ἢ</span> <span class='ocrx_word' id='word_1_437' title='bbox 1719 475 1817 511; x_wconf 84' lang='grc' dir='ltr'>αἰῶνι</span> <span class='ocrx_word' id='word_1_438' title='bbox 1836 473 1971 526; x_wconf 81' lang='grc' dir='ltr'>γέγονεν</span> <span class='ocrx_word' id='word_1_439' title='bbox 1986 490 1994 497; x_wconf 94' lang='grc'>·</span> <span class='ocrx_word' id='word_1_440' title='bbox 2014 478 2031 512; x_wconf 86' lang='grc' dir='ltr'>ὁ</span> <span class='ocrx_word' id='word_1_441' title='bbox 2052 474 2086 514; x_wconf 81' lang='grc' dir='ltr'><strong>δὲ</strong></span> <span class='ocrx_word' id='word_1_442' title='bbox 2110 476 2192 519; x_wconf 83' lang='grc' dir='ltr'>Υἱὸς</span> <span class='ocrx_word' id='word_1_443' title='bbox 2213 480 2272 514; x_wconf 92' lang='grc' dir='ltr'>τοῦ</span> <span class='ocrx_word' id='word_1_444' title='bbox 2288 478 2381 514; x_wconf 87' lang='grc' dir='ltr'>Θεοῦ</span> 
     </span>
     <span class='ocr_line' id='line_1_61' title="bbox 1358 534 2378 589; baseline 0.001 -16"><span class='ocrx_word' id='word_1_445' title='bbox 1358 537 1395 573; x_wconf 80' lang='grc' dir='ltr'><strong>οὔ</strong></span> <span class='ocrx_word' id='word_1_446' title='bbox 1407 534 1541 589; x_wconf 86' lang='grc' dir='ltr'>χρόνων</span> <span class='ocrx_word' id='word_1_447' title='bbox 1560 534 1674 587; x_wconf 84' lang='grc' dir='ltr'>μόνον,</span> <span class='ocrx_word' id='word_1_448' title='bbox 1698 535 1786 574; x_wconf 84' lang='grc' dir='ltr'>ἀλλὰ</span> <span class='ocrx_word' id='word_1_449' title='bbox 1807 535 1866 572; x_wconf 86' lang='grc' dir='ltr'><strong>καὶ</strong></span> <span class='ocrx_word' id='word_1_450' title='bbox 1883 534 2015 573; x_wconf 78' lang='grc' dir='ltr'>αἰώνων</span> <span class='ocrx_word' id='word_1_451' title='bbox 2037 536 2176 574; x_wconf 79' lang='grc' dir='ltr'>πάντων</span> <span class='ocrx_word' id='word_1_452' title='bbox 2198 535 2378 588; x_wconf 85' lang='grc' dir='ltr'>ἀνώτερος.</span> 
     </span>
     <span class='ocr_line' id='line_1_62' title="bbox 1357 591 2377 650; baseline 0 -16"><span class='ocrx_word' id='word_1_453' title='bbox 1357 596 1576 650; x_wconf 79' lang='grc' dir='ltr'>Δημιουργὸς</span> <span class='ocrx_word' id='word_1_454' title='bbox 1599 595 1666 650; x_wconf 82' lang='grc' dir='ltr'>γὰρ</span> <span class='ocrx_word' id='word_1_455' title='bbox 1695 598 1805 634; x_wconf 81' lang='grc' dir='ltr'>αὐτῶν</span> <span class='ocrx_word' id='word_1_456' title='bbox 1828 599 1901 634; x_wconf 82' lang='grc' dir='ltr'>ἐστι</span> <span class='ocrx_word' id='word_1_457' title='bbox 1919 595 1978 633; x_wconf 89' lang='grc' dir='ltr'><strong>καὶ</strong></span> <span class='ocrx_word' id='word_1_458' title='bbox 1992 596 2156 643; x_wconf 83' lang='grc' dir='ltr'>ποιητής·</span> <span class='ocrx_word' id='word_1_459' title='bbox 2172 599 2227 635; x_wconf 91' lang='grc' dir='ltr'>Δι’</span> <span class='ocrx_word' id='word_1_460' title='bbox 2245 591 2283 635; x_wconf 72' lang='grc' dir='ltr'><strong>οῧ</strong></span> <span class='ocrx_word' id='word_1_461' title='bbox 2297 596 2377 650; x_wconf 89' lang='grc' dir='ltr'>γὰρ,</span> 
     </span>
     <span class='ocr_line' id='line_1_63' title="bbox 1358 653 2381 707; baseline 0.001 -15"><span class='ocrx_word' id='word_1_462' title='bbox 1358 656 1463 707; x_wconf 80' lang='grc' dir='ltr'>φησὶ,</span> <span class='ocrx_word' id='word_1_463' title='bbox 1480 654 1539 692; x_wconf 79' lang='grc' dir='ltr'><strong>καὶ</strong></span> <span class='ocrx_word' id='word_1_464' title='bbox 1558 654 1634 698; x_wconf 75' lang='grc' dir='ltr'>τοὺς</span> <span class='ocrx_word' id='word_1_465' title='bbox 1665 657 1791 697; x_wconf 81' lang='grc' dir='ltr'>αἰῶνας</span> <span class='ocrx_word' id='word_1_466' title='bbox 1810 653 1981 700; x_wconf 84' lang='grc' dir='ltr'>ἐποίησεν.</span> <span class='ocrx_word' id='word_1_467' title='bbox 2002 654 2046 692; x_wconf 89' lang='grc' dir='ltr'>Ὁ</span> <span class='ocrx_word' id='word_1_468' title='bbox 2079 654 2116 692; x_wconf 82' lang='grc' dir='ltr'><strong>δὲ</strong></span> <span class='ocrx_word' id='word_1_469' title='bbox 2135 655 2281 702; x_wconf 87' lang='grc' dir='ltr'>ποιητὴς</span> <span class='ocrx_word' id='word_1_470' title='bbox 2312 655 2381 706; x_wconf 87' lang='grc' dir='ltr'><strong>πρὸ</strong></span> 
     </span>
     <span class='ocr_line' id='line_1_64' title="bbox 1355 715 2381 767; baseline 0.001 -13"><span class='ocrx_word' id='word_1_471' title='bbox 1355 719 1425 754; x_wconf 88' lang='grc' dir='ltr'><strong>τῶν</strong></span> <span class='ocrx_word' id='word_1_472' title='bbox 1446 716 1651 767; x_wconf 83' lang='grc' dir='ltr'>ποιημάτων</span> <span class='ocrx_word' id='word_1_473' title='bbox 1671 716 1809 759; x_wconf 81' lang='grc' dir='ltr'>πάντως</span> <span class='ocrx_word' id='word_1_474' title='bbox 1827 716 1929 754; x_wconf 83' lang='grc' dir='ltr'>ἐστὶν.</span> <span class='ocrx_word' id='word_1_475' title='bbox 1945 715 2091 762; x_wconf 74' lang='grc' dir='ltr'>Ἐπειδὴ</span> <span class='ocrx_word' id='word_1_476' title='bbox 2109 715 2144 754; x_wconf 82' lang='grc' dir='ltr'><strong>δὲ</strong></span> <span class='ocrx_word' id='word_1_477' title='bbox 2157 715 2265 760; x_wconf 73' lang='grc' dir='ltr'>οὕτως</span> <span class='ocrx_word' id='word_1_478' title='bbox 2284 717 2381 755; x_wconf 84' lang='grc' dir='ltr'>ἀναί-</span> 
     </span>
     <span class='ocr_line' id='line_1_65' title="bbox 1358 776 2380 829; baseline 0 -13"><span class='ocrx_word' id='word_1_479' title='bbox 1358 777 1478 824; x_wconf 85' lang='grc' dir='ltr'>σθητοί</span> <span class='ocrx_word' id='word_1_480' title='bbox 1495 793 1584 820; x_wconf 87' lang='grc' dir='ltr'>τινες</span> <span class='ocrx_word' id='word_1_481' title='bbox 1603 777 1700 824; x_wconf 75' lang='grc' dir='ltr'>εἰσὶν,</span> <span class='ocrx_word' id='word_1_482' title='bbox 1721 779 1767 820; x_wconf 84' lang='grc' dir='ltr'><strong>ὡς</strong></span> <span class='ocrx_word' id='word_1_483' title='bbox 1786 777 1844 814; x_wconf 82' lang='grc' dir='ltr'><strong>καὶ</strong></span> <span class='ocrx_word' id='word_1_484' title='bbox 1861 776 1950 827; x_wconf 79' lang='grc' dir='ltr'>μετὰ</span> <span class='ocrx_word' id='word_1_485' title='bbox 1970 781 2078 814; x_wconf 88' lang='grc' dir='ltr'>ταῦτα</span> <span class='ocrx_word' id='word_1_486' title='bbox 2096 777 2209 827; x_wconf 85' lang='grc' dir='ltr'>μεῖζόν</span> <span class='ocrx_word' id='word_1_487' title='bbox 2224 794 2259 815; x_wconf 90' lang='grc' dir='ltr'><strong>τι</strong></span> <span class='ocrx_word' id='word_1_488' title='bbox 2273 776 2380 829; x_wconf 55' lang='grc' dir='ltr'>άπερ).</span> 
     </span>
     <span class='ocr_line' id='line_1_66' title="bbox 1359 837 2380 890; baseline 0.002 -16"><span class='ocrx_word' id='word_1_489' title='bbox 1359 839 1470 875; x_wconf 83' lang='grc' dir='ltr'>αὐτῶν</span> <span class='ocrx_word' id='word_1_490' title='bbox 1485 841 1547 884; x_wconf 85' lang='grc' dir='ltr'>τ’ῆς</span> <span class='ocrx_word' id='word_1_491' title='bbox 1568 837 1665 882; x_wconf 82' lang='grc' dir='ltr'>ἀξίας</span> <span class='ocrx_word' id='word_1_492' title='bbox 1680 841 1847 885; x_wconf 80' lang='grc' dir='ltr'>ὑπονοεῖν,</span> <span class='ocrx_word' id='word_1_493' title='bbox 1862 840 1929 889; x_wconf 78' lang='grc' dir='ltr'><strong>τῷ,</strong></span> <span class='ocrx_word' id='word_1_494' title='bbox 1945 837 2132 885; x_wconf 82' lang='grc' dir='ltr'>Ἐποίησε,</span> <span class='ocrx_word' id='word_1_495' title='bbox 2156 838 2304 890; x_wconf 79' lang='grc' dir='ltr'>ῥήματι,</span> <span class='ocrx_word' id='word_1_496' title='bbox 2321 838 2380 876; x_wconf 78' lang='grc' dir='ltr'><strong>καὶ</strong></span> 
     </span>
     <span class='ocr_line' id='line_1_67' title="bbox 1356 893 2381 952; baseline 0.001 -15"><span class='ocrx_word' id='word_1_497' title='bbox 1356 902 1423 952; x_wconf 80' lang='grc' dir='ltr'><strong>τῷ,</strong></span> <span class='ocrx_word' id='word_1_498' title='bbox 1438 899 1634 952; x_wconf 83' lang='grc' dir='ltr'>Ἄνθρωπος</span> <span class='ocrx_word' id='word_1_499' title='bbox 1647 893 1701 947; x_wconf 70' lang='grc' dir='ltr'><strong>ἦν,</strong></span> <span class='ocrx_word' id='word_1_500' title='bbox 1716 900 2048 951; x_wconf 64' lang='grc' dir='ltr'>προκαταλαμὸάνει</span> <span class='ocrx_word' id='word_1_501' title='bbox 2065 899 2128 946; x_wconf 84' lang='grc' dir='ltr'><strong>τὴν</strong></span> <span class='ocrx_word' id='word_1_502' title='bbox 2151 900 2302 938; x_wconf 81' lang='grc' dir='ltr'>διάνοιαν</span> <span class='ocrx_word' id='word_1_503' title='bbox 2321 905 2381 938; x_wconf 89' lang='grc' dir='ltr'>τοῦ</span> 
     </span>
     <span class='ocr_line' id='line_1_68' title="bbox 2302 962 2380 999; baseline 0.013 -1"><span class='ocrx_word' id='word_1_504' title='bbox 2302 962 2380 999; x_wconf 83' lang='grc' dir='ltr'><strong>Πᾶν</strong></span> 
     </span>
    </p>
   </div>
   <div class='ocr_carea' id='block_1_9' title="bbox 1357 1020 2381 1074">
    <p class='ocr_par' dir='ltr' id='par_1_12' title="bbox 1357 1020 2381 1074">
     <span class='ocr_line' id='line_1_69' title="bbox 1357 1020 2381 1074; baseline -0.001 -15"><span class='ocrx_word' id='word_1_505' title='bbox 1357 1020 1425 1073; x_wconf 87' lang='grc' dir='ltr'>γὰρ</span> <span class='ocrx_word' id='word_1_506' title='bbox 1440 1021 1479 1059; x_wconf 84' lang='grc' dir='ltr'>τὸ</span> <span class='ocrx_word' id='word_1_507' title='bbox 1497 1020 1651 1069; x_wconf 86' lang='grc' dir='ltr'>ποιηΟὲν,</span> <span class='ocrx_word' id='word_1_508' title='bbox 1671 1020 1730 1059; x_wconf 85' lang='grc' dir='ltr'><strong>καὶ</strong></span> <span class='ocrx_word' id='word_1_509' title='bbox 1744 1021 1884 1073; x_wconf 81' lang='grc' dir='ltr'>οὐρανὸς</span> <span class='ocrx_word' id='word_1_510' title='bbox 1898 1021 1957 1058; x_wconf 83' lang='grc' dir='ltr'><strong>καὶ</strong></span> <span class='ocrx_word' id='word_1_511' title='bbox 1973 1024 2034 1072; x_wconf 76' lang='grc' dir='ltr'>γῆ,</span> <span class='ocrx_word' id='word_1_512' title='bbox 2051 1020 2166 1074; x_wconf 76' lang='grc' dir='ltr'>χρόνῳ</span> <span class='ocrx_word' id='word_1_513' title='bbox 2181 1020 2381 1070; x_wconf 84' lang='grc' dir='ltr'>πεποίηται,</span> 
     </span>
    </p>
   </div>
   <div class='ocr_carea' id='block_1_10' title="bbox 1358 959 2273 1014">
    <p class='ocr_par' dir='ltr' id='par_1_13' title="bbox 1358 959 2273 1014">
     <span class='ocr_line' id='line_1_70' title="bbox 1358 959 2273 1014; baseline 0 -16"><span class='ocrx_word' id='word_1_514' title='bbox 1358 962 1546 1014; x_wconf 88' lang='grc' dir='ltr'>ἀκροατοῦ,</span> <span class='ocrx_word' id='word_1_515' title='bbox 1583 960 1643 998; x_wconf 73' lang='grc' dir='ltr'><strong>καὶ</strong></span> <span class='ocrx_word' id='word_1_516' title='bbox 1675 966 1790 999; x_wconf 85' lang='grc' dir='ltr'>πᾶσαν</span> <span class='ocrx_word' id='word_1_517' title='bbox 1820 959 2065 1012; x_wconf 25' lang='grc' dir='ltr'>ἀναισχΰυντίαν</span> <span class='ocrx_word' id='word_1_518' title='bbox 2100 960 2273 998; x_wconf 80' lang='grc' dir='ltr'>ἐκκόπτει.</span> 
     </span>
    </p>
   </div>
   <div class='ocr_carea' id='block_1_11' title="bbox 1355 1081 2384 2414">
    <p class='ocr_par' dir='ltr' id='par_1_14' title="bbox 1355 1081 2384 2414">
     <span class='ocr_line' id='line_1_71' title="bbox 1357 1081 2382 1135; baseline 0.002 -17"><span class='ocrx_word' id='word_1_519' title='bbox 1357 1081 1418 1118; x_wconf 81' lang='grc' dir='ltr'><strong>καὶ</strong></span> <span class='ocrx_word' id='word_1_520' title='bbox 1436 1081 1547 1134; x_wconf 80' lang='grc' dir='ltr'>ἀρχὴν</span> <span class='ocrx_word' id='word_1_521' title='bbox 1564 1081 1636 1133; x_wconf 77' lang='grc' dir='ltr'>ἔχει</span> <span class='ocrx_word' id='word_1_522' title='bbox 1665 1081 1842 1135; x_wconf 79' lang='grc' dir='ltr'>χρονικὴν,</span> <span class='ocrx_word' id='word_1_523' title='bbox 1862 1081 1921 1119; x_wconf 79' lang='grc' dir='ltr'><strong>καὶ</strong></span> <span class='ocrx_word' id='word_1_524' title='bbox 1947 1081 2097 1135; x_wconf 77' lang='grc' dir='ltr'>ἄναρχον</span> <span class='ocrx_word' id='word_1_525' title='bbox 2119 1081 2248 1120; x_wconf 81' lang='grc' dir='ltr'>τούτων</span> <span class='ocrx_word' id='word_1_526' title='bbox 2266 1081 2360 1121; x_wconf 77' lang='grc' dir='ltr'>οὐδὲν</span> <span class='ocrx_word' id='word_1_527' title='bbox 2372 1112 2382 1130; x_wconf 87' lang='grc'>,</span> 
     </span>
     <span class='ocr_line' id='line_1_72' title="bbox 1358 1140 2380 1194; baseline 0.002 -16"><span class='ocrx_word' id='word_1_528' title='bbox 1358 1141 1475 1187; x_wconf 78' lang='grc' dir='ltr'>ἐπειδὴ</span> <span class='ocrx_word' id='word_1_529' title='bbox 1490 1141 1638 1192; x_wconf 79' lang='grc' dir='ltr'>γέγονεν.</span> <span class='ocrx_word' id='word_1_530' title='bbox 1659 1140 1770 1180; x_wconf 64' lang='lat' dir='ltr'><strong>“sto-*ce</strong></span> <span class='ocrx_word' id='word_1_531' title='bbox 1785 1141 1864 1179; x_wconf 75' lang='grc' dir='ltr'>ὅταν</span> <span class='ocrx_word' id='word_1_532' title='bbox 1885 1142 2050 1194; x_wconf 81' lang='grc' dir='ltr'>ἀκούσῃς,</span> <span class='ocrx_word' id='word_1_533' title='bbox 2069 1143 2121 1181; x_wconf 79' lang='grc' dir='ltr'><strong>ὅτι</strong></span> <span class='ocrx_word' id='word_1_534' title='bbox 2135 1142 2304 1190; x_wconf 75' lang='grc' dir='ltr'>Ἐποίησε</span> <span class='ocrx_word' id='word_1_535' title='bbox 2318 1142 2380 1190; x_wconf 81' lang='grc' dir='ltr'><strong>τὴν</strong></span> 
     </span>
     <span class='ocr_line' id='line_1_73' title="bbox 1357 1196 2381 1256; baseline 0.005 -18"><span class='ocrx_word' id='word_1_536' title='bbox 1357 1205 1435 1253; x_wconf 73' lang='grc' dir='ltr'>γῆν,</span> <span class='ocrx_word' id='word_1_537' title='bbox 1451 1201 1511 1238; x_wconf 79' lang='grc' dir='ltr'><strong>καὶ</strong></span> <span class='ocrx_word' id='word_1_538' title='bbox 1530 1201 1582 1239; x_wconf 79' lang='grc' dir='ltr'><strong>ὅτι</strong></span> <span class='ocrx_word' id='word_1_539' title='bbox 1599 1201 1796 1254; x_wconf 83' lang='grc' dir='ltr'>Ἄνθρωπος</span> <span class='ocrx_word' id='word_1_540' title='bbox 1809 1196 1864 1249; x_wconf 68' lang='grc' dir='ltr'><strong>ἦν,</strong></span> <span class='ocrx_word' id='word_1_541' title='bbox 1884 1206 1898 1222; x_wconf 68' lang='lat'>⁹</span> <span class='ocrx_word' id='word_1_542' title='bbox 1911 1204 2057 1255; x_wconf 83' lang='grc' dir='ltr'>περιττὰ</span> <span class='ocrx_word' id='word_1_543' title='bbox 2074 1204 2193 1242; x_wconf 78' lang='grc' dir='ltr'>λοιπὸν</span> <span class='ocrx_word' id='word_1_544' title='bbox 2208 1206 2381 1256; x_wconf 80' lang='grc' dir='ltr'>φλυαρεῖς,</span> 
     </span>
     <span class='ocr_line' id='line_1_74' title="bbox 1359 1261 2380 1317; baseline 0.003 -17"><span class='ocrx_word' id='word_1_545' title='bbox 1359 1261 1521 1309; x_wconf 83' lang='grc' dir='ltr'>ἀνόνητόν</span> <span class='ocrx_word' id='word_1_546' title='bbox 1543 1278 1620 1300; x_wconf 85' lang='grc' dir='ltr'>τινα</span> <span class='ocrx_word' id='word_1_547' title='bbox 1642 1261 1783 1300; x_wconf 83' lang='grc' dir='ltr'>ἑλίττων</span> <span class='ocrx_word' id='word_1_548' title='bbox 1809 1264 1926 1316; x_wconf 77' lang='grc' dir='ltr'>λῆρον.</span> <span class='ocrx_word' id='word_1_549' title='bbox 1949 1263 2044 1315; x_wconf 83' lang='grc' dir='ltr'><strong>Ἐγὼ</strong></span> <span class='ocrx_word' id='word_1_550' title='bbox 2074 1263 2142 1316; x_wconf 84' lang='grc' dir='ltr'>γὰρ</span> <span class='ocrx_word' id='word_1_551' title='bbox 2173 1265 2234 1302; x_wconf 86' lang='grc' dir='ltr'><strong>καὶ</strong></span> <span class='ocrx_word' id='word_1_552' title='bbox 2261 1265 2380 1317; x_wconf 80' lang='grc' dir='ltr'>ἑτέραν</span> 
     </span>
     <span class='ocr_line' id='line_1_75' title="bbox 1357 1322 2382 1377; baseline 0.001 -16"><span class='ocrx_word' id='word_1_553' title='bbox 1357 1322 1553 1377; x_wconf 72' lang='grc' dir='ltr'>ὑπερὸολὴν</span> <span class='ocrx_word' id='word_1_554' title='bbox 1576 1323 1710 1374; x_wconf 82' lang='grc' dir='ltr'>εἴποιμι</span> <span class='ocrx_word' id='word_1_555' title='bbox 1728 1323 1780 1361; x_wconf 84' lang='grc' dir='ltr'><strong>ἅν.</strong></span> <span class='ocrx_word' id='word_1_556' title='bbox 1810 1323 1920 1361; x_wconf 88' lang='grc' dir='ltr'>Ποίαν</span> <span class='ocrx_word' id='word_1_557' title='bbox 1948 1322 1989 1370; x_wconf 84' lang='grc' dir='ltr'><strong>δὴ</strong></span> <span class='ocrx_word' id='word_1_558' title='bbox 2014 1323 2259 1371; x_wconf 73' lang='grc' dir='ltr'>ταύτην;“οτι</span> <span class='ocrx_word' id='word_1_559' title='bbox 2275 1327 2303 1362; x_wconf 85' lang='grc' dir='ltr'>εἰ</span> <span class='ocrx_word' id='word_1_560' title='bbox 2322 1324 2382 1363; x_wconf 84' lang='grc' dir='ltr'><strong>καὶ</strong></span> 
     </span>
     <span class='ocr_line' id='line_1_76' title="bbox 1355 1379 2383 1439; baseline 0.003 -17"><span class='ocrx_word' id='word_1_561' title='bbox 1355 1384 1507 1438; x_wconf 78' lang='grc' dir='ltr'>περὶτῆς</span> <span class='ocrx_word' id='word_1_562' title='bbox 1525 1387 1588 1436; x_wconf 78' lang='grc' dir='ltr'><strong>γῆς</strong></span> <span class='ocrx_word' id='word_1_563' title='bbox 1603 1384 1719 1437; x_wconf 88' lang='grc' dir='ltr'>εἴρητο</span> <span class='ocrx_word' id='word_1_564' title='bbox 1732 1385 1791 1432; x_wconf 81' lang='grc' dir='ltr'><strong>τὸ,</strong></span> <span class='ocrx_word' id='word_1_565' title='bbox 1809 1387 1842 1422; x_wconf 82' lang='grc' dir='ltr'><strong>ἐν</strong></span> <span class='ocrx_word' id='word_1_566' title='bbox 1860 1388 1951 1438; x_wconf 75' lang='grc' dir='ltr'>ἀρχῇ</span> <span class='ocrx_word' id='word_1_567' title='bbox 1962 1379 2003 1431; x_wconf 66' lang='grc' dir='ltr'><strong>ἦν</strong></span> <span class='ocrx_word' id='word_1_568' title='bbox 2020 1389 2041 1431; x_wconf 85' lang='grc' dir='ltr'>ἡ</span> <span class='ocrx_word' id='word_1_569' title='bbox 2057 1390 2101 1437; x_wconf 82' lang='grc' dir='ltr'>γῆ</span> <span class='ocrx_word' id='word_1_570' title='bbox 2118 1416 2126 1433; x_wconf 87' lang='grc'>,</span> <span class='ocrx_word' id='word_1_571' title='bbox 2145 1386 2204 1424; x_wconf 80' lang='grc' dir='ltr'><strong>καὶ</strong></span> <span class='ocrx_word' id='word_1_572' title='bbox 2224 1386 2304 1439; x_wconf 88' lang='grc' dir='ltr'>περὶ</span> <span class='ocrx_word' id='word_1_573' title='bbox 2323 1391 2383 1425; x_wconf 89' lang='grc' dir='ltr'>τοῦ</span> 
     </span>
     <span class='ocr_line' id='line_1_77' title="bbox 1359 1440 2382 1499; baseline 0.001 -15"><span class='ocrx_word' id='word_1_574' title='bbox 1359 1444 1557 1499; x_wconf 79' lang='grc' dir='ltr'>ἀνθρ(ι’)που,</span> <span class='ocrx_word' id='word_1_575' title='bbox 1578 1445 1631 1483; x_wconf 74' lang='grc' dir='ltr'><strong>ὅτι</strong></span> <span class='ocrx_word' id='word_1_576' title='bbox 1658 1447 1691 1482; x_wconf 82' lang='grc' dir='ltr'><strong>ἐν</strong></span> <span class='ocrx_word' id='word_1_577' title='bbox 1724 1448 1815 1499; x_wconf 78' lang='grc' dir='ltr'>ἀρχῇ</span> <span class='ocrx_word' id='word_1_578' title='bbox 1837 1440 1879 1492; x_wconf 66' lang='grc' dir='ltr'><strong>ἦν</strong></span> <span class='ocrx_word' id='word_1_579' title='bbox 1899 1449 1917 1483; x_wconf 84' lang='grc' dir='ltr'>ὁ</span> <span class='ocrx_word' id='word_1_580' title='bbox 1939 1445 2137 1499; x_wconf 83' lang='grc' dir='ltr'>ἄνθρωπος,</span> <span class='ocrx_word' id='word_1_581' title='bbox 2167 1446 2243 1485; x_wconf 78' lang='grc' dir='ltr'>οὐδὲ</span> <span class='ocrx_word' id='word_1_582' title='bbox 2275 1446 2382 1490; x_wconf 77' lang='grc' dir='ltr'>οὕτως</span> 
     </span>
     <span class='ocr_line' id='line_1_78' title="bbox 1357 1505 2382 1560; baseline 0.002 -15"><span class='ocrx_word' id='word_1_583' title='bbox 1357 1505 1572 1545; x_wconf 81' lang='grc' dir='ltr'>ὓποπτεῦσαί</span> <span class='ocrx_word' id='word_1_584' title='bbox 1587 1522 1621 1544; x_wconf 88' lang='grc' dir='ltr'><strong>τι</strong></span> <span class='ocrx_word' id='word_1_585' title='bbox 1643 1508 1756 1558; x_wconf 87' lang='grc' dir='ltr'>μεῖζον</span> <span class='ocrx_word' id='word_1_586' title='bbox 1784 1505 1864 1560; x_wconf 79' lang='grc' dir='ltr'>περὶ</span> <span class='ocrx_word' id='word_1_587' title='bbox 1884 1508 1994 1544; x_wconf 82' lang='grc' dir='ltr'>αὐτῶν</span> <span class='ocrx_word' id='word_1_588' title='bbox 2016 1509 2085 1544; x_wconf 92' lang='grc' dir='ltr'><strong>τῶν</strong></span> <span class='ocrx_word' id='word_1_589' title='bbox 2106 1511 2163 1545; x_wconf 91' lang='grc' dir='ltr'><strong>νῦν</strong></span> <span class='ocrx_word' id='word_1_590' title='bbox 2185 1505 2382 1560; x_wconf 59' lang='grc' dir='ltr'>Ῑέγνωσμέ-</span> 
     </span>
     <span class='ocr_line' id='line_1_79' title="bbox 1356 1567 2381 1621; baseline 0 -15"><span class='ocrx_word' id='word_1_591' title='bbox 1356 1584 1424 1606; x_wconf 88' lang='grc' dir='ltr'><strong>νων</strong></span> <span class='ocrx_word' id='word_1_592' title='bbox 1444 1570 1549 1620; x_wconf 76' lang='grc' dir='ltr'>ἐχρῆν</span> <span class='ocrx_word' id='word_1_593' title='bbox 1569 1571 1666 1618; x_wconf 82' lang='grc' dir='ltr'>ἡμῖν.</span> <span class='ocrx_word' id='word_1_594' title='bbox 1688 1567 1733 1605; x_wconf 85' lang='grc' dir='ltr'><strong>Ἣ</strong></span> <span class='ocrx_word' id='word_1_595' title='bbox 1764 1567 1831 1621; x_wconf 85' lang='grc' dir='ltr'>γὰρ</span> <span class='ocrx_word' id='word_1_596' title='bbox 1860 1571 1923 1614; x_wconf 74' lang='grc' dir='ltr'>τῆς</span> <span class='ocrx_word' id='word_1_597' title='bbox 1953 1571 2016 1620; x_wconf 83' lang='grc' dir='ltr'>γ’ἧς</span> <span class='ocrx_word' id='word_1_598' title='bbox 2041 1568 2100 1606; x_wconf 78' lang='grc' dir='ltr'><strong>καὶ</strong></span> <span class='ocrx_word' id='word_1_599' title='bbox 2120 1572 2179 1606; x_wconf 82' lang='grc' dir='ltr'>τοῦ</span> <span class='ocrx_word' id='word_1_600' title='bbox 2199 1567 2381 1621; x_wconf 80' lang='grc' dir='ltr'>ἀνθρώπου</span> 
     </span>
     <span class='ocr_line' id='line_1_80' title="bbox 1355 1628 2380 1682; baseline 0 -15"><span class='ocrx_word' id='word_1_601' title='bbox 1355 1628 1573 1682; x_wconf 87' lang='grc' dir='ltr'>προσηγορία</span> <span class='ocrx_word' id='word_1_602' title='bbox 1594 1628 1838 1682; x_wconf 68' lang='grc' dir='ltr'>προλαὸοῦσα,</span> <span class='ocrx_word' id='word_1_603' title='bbox 1854 1628 1917 1667; x_wconf 83' lang='grc' dir='ltr'><strong>όσα</strong></span> <span class='ocrx_word' id='word_1_604' title='bbox 1934 1629 1974 1667; x_wconf 82' lang='grc' dir='ltr'><strong>ἂν</strong></span> <span class='ocrx_word' id='word_1_605' title='bbox 1993 1629 2074 1681; x_wconf 78' lang='grc' dir='ltr'>περὶ</span> <span class='ocrx_word' id='word_1_606' title='bbox 2089 1632 2200 1668; x_wconf 81' lang='grc' dir='ltr'>αὐτῶν</span> <span class='ocrx_word' id='word_1_607' title='bbox 2216 1629 2380 1681; x_wconf 81' lang='grc' dir='ltr'>λέγηται,</span> 
     </span>
     <span class='ocr_line' id='line_1_81' title="bbox 1356 1689 2382 1767; baseline 0 -38"><span class='ocrx_word' id='word_1_608' title='bbox 1356 1693 1417 1729; x_wconf 83' lang='grc' dir='ltr'><strong>οὐκ</strong></span> <span class='ocrx_word' id='word_1_609' title='bbox 1425 1690 1555 1767; x_wconf 49' lang='grc' dir='ltr'>ἀφίηῒσι</span> <span class='ocrx_word' id='word_1_610' title='bbox 1580 1689 1642 1737; x_wconf 87' lang='grc' dir='ltr'><strong>τὴν</strong></span> <span class='ocrx_word' id='word_1_611' title='bbox 1664 1690 1814 1728; x_wconf 82' lang='grc' dir='ltr'>διάνοιαν</span> <span class='ocrx_word' id='word_1_612' title='bbox 1834 1690 1947 1740; x_wconf 81' lang='grc' dir='ltr'>μεῖζόν</span> <span class='ocrx_word' id='word_1_613' title='bbox 1975 1707 2009 1728; x_wconf 92' lang='grc' dir='ltr'><strong>τι</strong></span> <span class='ocrx_word' id='word_1_614' title='bbox 2041 1694 2280 1742; x_wconf 84' lang='grc' dir='ltr'>φαντασΟηναι</span> <span class='ocrx_word' id='word_1_615' title='bbox 2301 1690 2382 1744; x_wconf 78' lang='grc' dir='ltr'>περὶ</span> 
     </span>
     <span class='ocr_line' id='line_1_82' title="bbox 1357 1750 2382 1804; baseline -0.001 -14"><span class='ocrx_word' id='word_1_616' title='bbox 1357 1754 1481 1799; x_wconf 79' lang='grc' dir='ltr'>αὐτῶν,</span> <span class='ocrx_word' id='word_1_617' title='bbox 1503 1754 1550 1788; x_wconf 89' lang='grc' dir='ltr'><strong>ων</strong></span> <span class='ocrx_word' id='word_1_618' title='bbox 1565 1754 1621 1788; x_wconf 85' lang='grc' dir='ltr'><strong>νῦν</strong></span> <span class='ocrx_word' id='word_1_619' title='bbox 1652 1750 1775 1801; x_wconf 83' lang='grc' dir='ltr'>ἴσμεν·</span> <span class='ocrx_word' id='word_1_620' title='bbox 1800 1753 1842 1779; x_wconf 70' lang='lat' dir='ltr'>g</span> <span class='ocrx_word' id='word_1_621' title='bbox 1827 1750 1945 1804; x_wconf 76' lang='grc' dir='ltr'>ὥσπερ</span> <span class='ocrx_word' id='word_1_622' title='bbox 1964 1750 2040 1789; x_wconf 82' lang='grc' dir='ltr'>οὐδὲ</span> <span class='ocrx_word' id='word_1_623' title='bbox 2059 1754 2077 1789; x_wconf 80' lang='grc' dir='ltr'>ὁ</span> <span class='ocrx_word' id='word_1_624' title='bbox 2097 1750 2226 1803; x_wconf 86' lang='grc' dir='ltr'>Λόγος,</span> <span class='ocrx_word' id='word_1_625' title='bbox 2245 1751 2308 1790; x_wconf 80' lang='grc' dir='ltr'><strong>κᾶν</strong></span> <span class='ocrx_word' id='word_1_626' title='bbox 2327 1768 2382 1803; x_wconf 83' lang='grc' dir='ltr'>μι-</span> 
     </span>
     <span class='ocr_line' id='line_1_83' title="bbox 1356 1811 2382 1866; baseline 0.001 -16"><span class='ocrx_word' id='word_1_627' title='bbox 1356 1812 1437 1865; x_wconf 88' lang='grc' dir='ltr'>κρόν</span> <span class='ocrx_word' id='word_1_628' title='bbox 1454 1829 1488 1850; x_wconf 91' lang='grc' dir='ltr'><strong>τι</strong></span> <span class='ocrx_word' id='word_1_629' title='bbox 1502 1828 1582 1866; x_wconf 88' lang='grc' dir='ltr'>περι</span> <span class='ocrx_word' id='word_1_630' title='bbox 1599 1814 1701 1851; x_wconf 83' lang='grc' dir='ltr'>αὐτοῦ</span> <span class='ocrx_word' id='word_1_631' title='bbox 1718 1815 1825 1864; x_wconf 78' lang='grc' dir='ltr'>λεχθῆ</span> <span class='ocrx_word' id='word_1_632' title='bbox 1837 1843 1847 1860; x_wconf 88' lang='grc'>,</span> <span class='ocrx_word' id='word_1_633' title='bbox 1868 1814 1930 1850; x_wconf 84' lang='grc' dir='ltr'><strong>οὐκ</strong></span> <span class='ocrx_word' id='word_1_634' title='bbox 1950 1811 2072 1864; x_wconf 82' lang='grc' dir='ltr'>ἀφίησι</span> <span class='ocrx_word' id='word_1_635' title='bbox 2089 1813 2250 1851; x_wconf 82' lang='grc' dir='ltr'>ταπεινὸν</span> <span class='ocrx_word' id='word_1_636' title='bbox 2267 1815 2382 1860; x_wconf 81' lang='grc' dir='ltr'>ἐννοη-</span> 
     </span>
     <span class='ocr_line' id='line_1_84' title="bbox 1357 1872 2379 1926; baseline 0.001 -15"><span class='ocrx_word' id='word_1_637' title='bbox 1357 1872 1416 1912; x_wconf 90' lang='grc' dir='ltr'>σαί</span> <span class='ocrx_word' id='word_1_638' title='bbox 1436 1890 1471 1911; x_wconf 91' lang='grc' dir='ltr'><strong>τι</strong></span> <span class='ocrx_word' id='word_1_639' title='bbox 1498 1873 1557 1911; x_wconf 80' lang='grc' dir='ltr'><strong>καὶ</strong></span> <span class='ocrx_word' id='word_1_640' title='bbox 1588 1872 1731 1916; x_wconf 82' lang='grc' dir='ltr'>εὐτελές.</span> <span class='ocrx_word' id='word_1_641' title='bbox 1746 1873 1847 1911; x_wconf 81' lang='grc' dir='ltr'>Ἐπεὶ</span> <span class='ocrx_word' id='word_1_642' title='bbox 1866 1873 1925 1911; x_wconf 84' lang='grc' dir='ltr'><strong>καὶ</strong></span> <span class='ocrx_word' id='word_1_643' title='bbox 1954 1872 2084 1925; x_wconf 85' lang='grc' dir='ltr'>προϊών</span> <span class='ocrx_word' id='word_1_644' title='bbox 2111 1889 2195 1925; x_wconf 88' lang='grc' dir='ltr'>φησι</span> <span class='ocrx_word' id='word_1_645' title='bbox 2215 1873 2295 1926; x_wconf 78' lang='grc' dir='ltr'>περὶ</span> <span class='ocrx_word' id='word_1_646' title='bbox 2316 1877 2379 1921; x_wconf 77' lang='grc' dir='ltr'>τῆς</span> 
     </span>
     <span class='ocr_line' id='line_1_85' title="bbox 1356 1927 2381 1987; baseline 0.002 -16"><span class='ocrx_word' id='word_1_647' title='bbox 1356 1938 1439 1987; x_wconf 76' lang='grc' dir='ltr'><strong>γῆς·</strong></span> <span class='ocrx_word' id='word_1_648' title='bbox 1466 1933 1511 1972; x_wconf 75' lang='lat' dir='ltr'><strong>‘H</strong></span> <span class='ocrx_word' id='word_1_649' title='bbox 1535 1933 1570 1972; x_wconf 80' lang='grc' dir='ltr'><strong>δὲ</strong></span> <span class='ocrx_word' id='word_1_650' title='bbox 1587 1937 1630 1985; x_wconf 77' lang='grc' dir='ltr'>γῆ</span> <span class='ocrx_word' id='word_1_651' title='bbox 1657 1927 1698 1979; x_wconf 72' lang='grc' dir='ltr'><strong>ἦν</strong></span> <span class='ocrx_word' id='word_1_652' title='bbox 1721 1933 1866 1986; x_wconf 86' lang='grc' dir='ltr'>ἀόρατος</span> <span class='ocrx_word' id='word_1_653' title='bbox 1893 1933 1953 1971; x_wconf 85' lang='grc' dir='ltr'><strong>καὶ</strong></span> <span class='ocrx_word' id='word_1_654' title='bbox 1976 1932 2291 1978; x_wconf 77' lang='grc' dir='ltr'>ἀκατασκεύαστος.</span> <span class='ocrx_word' id='word_1_655' title='bbox 2312 1936 2381 1973; x_wconf 88' lang='grc' dir='ltr'><strong>Εἷ-</strong></span> 
     </span>
     <span class='ocr_line' id='line_1_86' title="bbox 1356 1993 2383 2047; baseline 0 -13"><span class='ocrx_word' id='word_1_656' title='bbox 1356 1995 1430 2035; x_wconf 84' lang='grc' dir='ltr'><strong>πὼν</strong></span> <span class='ocrx_word' id='word_1_657' title='bbox 1464 1994 1532 2047; x_wconf 79' lang='grc' dir='ltr'>γὰρ</span> <span class='ocrx_word' id='word_1_658' title='bbox 1543 2025 1552 2043; x_wconf 89' lang='grc'>,</span> <span class='ocrx_word' id='word_1_659' title='bbox 1580 1993 1633 2033; x_wconf 80' lang='grc' dir='ltr'><strong>ὅτι</strong></span> <span class='ocrx_word' id='word_1_660' title='bbox 1652 1993 1810 2041; x_wconf 82' lang='grc' dir='ltr'>ἐποίησεν</span> <span class='ocrx_word' id='word_1_661' title='bbox 1829 1993 1948 2041; x_wconf 84' lang='grc' dir='ltr'>αὐτὴν,</span> <span class='ocrx_word' id='word_1_662' title='bbox 1967 1994 2027 2033; x_wconf 84' lang='grc' dir='ltr'><strong>καὶ</strong></span> <span class='ocrx_word' id='word_1_663' title='bbox 2044 1995 2112 2039; x_wconf 84' lang='grc' dir='ltr'>θεὶς</span> <span class='ocrx_word' id='word_1_664' title='bbox 2127 1995 2145 2014; x_wconf 76' lang='lat'><strong>*</strong></span> <span class='ocrx_word' id='word_1_665' title='bbox 2158 1997 2244 2047; x_wconf 79' lang='grc' dir='ltr'>αὐτῇ</span> <span class='ocrx_word' id='word_1_666' title='bbox 2261 1995 2319 2034; x_wconf 82' lang='grc' dir='ltr'><strong>τὸν</strong></span> <span class='ocrx_word' id='word_1_667' title='bbox 2336 1997 2383 2034; x_wconf 81' lang='grc' dir='ltr'><strong>οἷ-</strong></span> 
     </span>
     <span class='ocr_line' id='line_1_87' title="bbox 1355 2055 2383 2109; baseline -0.001 -14"><span class='ocrx_word' id='word_1_668' title='bbox 1355 2063 1445 2096; x_wconf 86' lang='grc' dir='ltr'>κεῖον</span> <span class='ocrx_word' id='word_1_669' title='bbox 1474 2056 1570 2109; x_wconf 79' lang='grc' dir='ltr'>ὅρον,</span> <span class='ocrx_word' id='word_1_670' title='bbox 1590 2056 1698 2098; x_wconf 81' lang='grc' dir='ltr'>ἀδεῶς</span> <span class='ocrx_word' id='word_1_671' title='bbox 1713 2055 1832 2093; x_wconf 80' lang='grc' dir='ltr'>λοιπὸν</span> <span class='ocrx_word' id='word_1_672' title='bbox 1846 2055 1891 2093; x_wconf 79' lang='grc' dir='ltr'>τὰ</span> <span class='ocrx_word' id='word_1_673' title='bbox 1905 2055 1981 2102; x_wconf 79' lang='grc' dir='ltr'>ἑξῆς</span> <span class='ocrx_word' id='word_1_674' title='bbox 1995 2055 2199 2108; x_wconf 82' lang='grc' dir='ltr'>φθέγγεται,</span> <span class='ocrx_word' id='word_1_675' title='bbox 2217 2055 2315 2100; x_wconf 85' lang='grc' dir='ltr'>εἰδὼς</span> <span class='ocrx_word' id='word_1_676' title='bbox 2330 2056 2383 2095; x_wconf 77' lang='grc' dir='ltr'><strong>ὅτι</strong></span> 
     </span>
     <span class='ocr_line' id='line_1_88' title="bbox 1356 2115 2383 2169; baseline -0.001 -13"><span class='ocrx_word' id='word_1_677' title='bbox 1356 2117 1463 2160; x_wconf 80' lang='grc' dir='ltr'>οὐδεὶς</span> <span class='ocrx_word' id='word_1_678' title='bbox 1481 2115 1589 2160; x_wconf 78' lang='grc' dir='ltr'>οὕτως</span> <span class='ocrx_word' id='word_1_679' title='bbox 1623 2115 1766 2162; x_wconf 86' lang='grc' dir='ltr'>ἀνόητός</span> <span class='ocrx_word' id='word_1_680' title='bbox 1795 2118 1901 2163; x_wconf 82' lang='grc' dir='ltr'>ἐστιν,</span> <span class='ocrx_word' id='word_1_681' title='bbox 1931 2119 1978 2160; x_wconf 81' lang='grc' dir='ltr'><strong>ὣς</strong></span> <span class='ocrx_word' id='word_1_682' title='bbox 2006 2116 2156 2169; x_wconf 76' lang='grc' dir='ltr'>ἄναρχον</span> <span class='ocrx_word' id='word_1_683' title='bbox 2184 2117 2290 2164; x_wconf 83' lang='grc' dir='ltr'>αὐτὴν</span> <span class='ocrx_word' id='word_1_684' title='bbox 2323 2117 2383 2155; x_wconf 84' lang='grc' dir='ltr'><strong>καὶ</strong></span> 
     </span>
     <span class='ocr_line' id='line_1_89' title="bbox 1357 2177 2384 2232; baseline -0.001 -14"><span class='ocrx_word' id='word_1_685' title='bbox 1357 2180 1521 2232; x_wconf 82' lang='grc' dir='ltr'>ἀγένητον</span> <span class='ocrx_word' id='word_1_686' title='bbox 1544 2181 1768 2217; x_wconf 78' lang='grc' dir='ltr'>ὑποπτεῦσαι.</span> <span class='ocrx_word' id='word_1_687' title='bbox 1795 2178 1848 2216; x_wconf 83' lang='grc' dir='ltr'><strong>Τὸ</strong></span> <span class='ocrx_word' id='word_1_688' title='bbox 1862 2177 1929 2230; x_wconf 82' lang='grc' dir='ltr'>γὰρ</span> <span class='ocrx_word' id='word_1_689' title='bbox 1947 2180 2010 2224; x_wconf 74' lang='grc' dir='ltr'>τῆς</span> <span class='ocrx_word' id='word_1_690' title='bbox 2031 2181 2094 2229; x_wconf 78' lang='grc' dir='ltr'><strong>γῆς</strong></span> <span class='ocrx_word' id='word_1_691' title='bbox 2116 2178 2224 2229; x_wconf 88' lang='grc' dir='ltr'>ὄνομα</span> <span class='ocrx_word' id='word_1_692' title='bbox 2249 2178 2384 2226; x_wconf 83' lang='grc' dir='ltr'>καὶτὸ,</span> 
     </span>
     <span class='ocr_line' id='line_1_90' title="bbox 1357 2237 2384 2292; baseline -0.002 -13"><span class='ocrx_word' id='word_1_693' title='bbox 1357 2240 1557 2288; x_wconf 84' lang='grc' dir='ltr'>Ἐποίησεν,</span> <span class='ocrx_word' id='word_1_694' title='bbox 1575 2238 1679 2277; x_wconf 82' lang='grc' dir='ltr'>ἱκανὰ</span> <span class='ocrx_word' id='word_1_695' title='bbox 1697 2237 1756 2276; x_wconf 75' lang='grc' dir='ltr'><strong>καὶ</strong></span> <span class='ocrx_word' id='word_1_696' title='bbox 1776 2239 1832 2277; x_wconf 82' lang='grc' dir='ltr'><strong>τὸν</strong></span> <span class='ocrx_word' id='word_1_697' title='bbox 1848 2239 1980 2292; x_wconf 86' lang='grc' dir='ltr'>σφόδρα</span> <span class='ocrx_word' id='word_1_698' title='bbox 2006 2239 2137 2285; x_wconf 83' lang='grc' dir='ltr'>ἠλίθιον</span> <span class='ocrx_word' id='word_1_699' title='bbox 2164 2246 2303 2287; x_wconf 88' lang='grc' dir='ltr'>πεῖσαι,</span> <span class='ocrx_word' id='word_1_700' title='bbox 2331 2239 2384 2278; x_wconf 80' lang='grc' dir='ltr'><strong>ὅτι</strong></span> 
     </span>
     <span class='ocr_line' id='line_1_91' title="bbox 1357 2299 2382 2354; baseline -0.001 -14"><span class='ocrx_word' id='word_1_701' title='bbox 1357 2305 1418 2340; x_wconf 81' lang='grc' dir='ltr'><strong>οὐκ</strong></span> <span class='ocrx_word' id='word_1_702' title='bbox 1438 2300 1544 2345; x_wconf 81' lang='grc' dir='ltr'>ἀίδιος</span> <span class='ocrx_word' id='word_1_703' title='bbox 1569 2299 1646 2339; x_wconf 80' lang='grc' dir='ltr'>οὐδὲ</span> <span class='ocrx_word' id='word_1_704' title='bbox 1681 2300 1864 2352; x_wconf 83' lang='grc' dir='ltr'>ἀγένητος,</span> <span class='ocrx_word' id='word_1_705' title='bbox 1887 2299 1977 2339; x_wconf 82' lang='grc' dir='ltr'>ἀλλὰ</span> <span class='ocrx_word' id='word_1_706' title='bbox 1997 2303 2066 2339; x_wconf 87' lang='grc' dir='ltr'><strong>τῶν</strong></span> <span class='ocrx_word' id='word_1_707' title='bbox 2096 2303 2130 2339; x_wconf 81' lang='grc' dir='ltr'><strong>ἐν</strong></span> <span class='ocrx_word' id='word_1_708' title='bbox 2152 2300 2268 2354; x_wconf 83' lang='grc' dir='ltr'>χρόνῳ</span> <span class='ocrx_word' id='word_1_709' title='bbox 2288 2317 2382 2352; x_wconf 88' lang='grc' dir='ltr'>γενο-</span> 
     </span>
     <span class='ocr_line' id='line_1_92' title="bbox 1360 2361 1572 2414; baseline -0.005 -13"><span class='ocrx_word' id='word_1_710' title='bbox 1360 2363 1471 2414; x_wconf 82' lang='grc' dir='ltr'>μένων</span> <span class='ocrx_word' id='word_1_711' title='bbox 1487 2361 1572 2401; x_wconf 83' lang='grc' dir='ltr'>ἐστί.</span> 
     </span>
    </p>
   </div>
   <div class='ocr_carea' id='block_1_12' title="bbox 1359 2665 2387 3032">
    <p class='ocr_par' dir='ltr' id='par_1_15' title="bbox 1359 2665 2387 3032">
     <span class='ocr_line' id='line_1_93' title="bbox 1411 2665 2381 2727; baseline -0.004 -14"><span class='ocrx_word' id='word_1_712' title='bbox 1411 2674 1529 2727; x_wconf 81' lang='grc' dir='ltr'>Χωρις</span> <span class='ocrx_word' id='word_1_713' title='bbox 1544 2673 1579 2713; x_wconf 77' lang='grc' dir='ltr'><strong>δὲ</strong></span> <span class='ocrx_word' id='word_1_714' title='bbox 1595 2673 1723 2712; x_wconf 81' lang='grc' dir='ltr'>τούτων</span> <span class='ocrx_word' id='word_1_715' title='bbox 1734 2673 1774 2711; x_wconf 84' lang='grc' dir='ltr'>τὸ</span> <span class='ocrx_word' id='word_1_716' title='bbox 1785 2703 1794 2720; x_wconf 89' lang='grc'>,</span> <span class='ocrx_word' id='word_1_717' title='bbox 1808 2665 1921 2719; x_wconf 42' lang='grc' dir='ltr'>ἳΗν,</span> <span class='ocrx_word' id='word_1_718' title='bbox 1907 2689 1963 2710; x_wconf 84' lang='grc' dir='ltr'><strong>επι</strong></span> <span class='ocrx_word' id='word_1_719' title='bbox 1979 2671 2039 2723; x_wconf 81' lang='grc' dir='ltr'><strong>μὲν</strong></span> <span class='ocrx_word' id='word_1_720' title='bbox 2057 2689 2119 2718; x_wconf 88' lang='grc' dir='ltr'>της</span> <span class='ocrx_word' id='word_1_721' title='bbox 2136 2688 2199 2723; x_wconf 88' lang='grc' dir='ltr'><strong>γης</strong></span> <span class='ocrx_word' id='word_1_722' title='bbox 2218 2671 2307 2710; x_wconf 75' lang='grc' dir='ltr'><strong>11καὶ</strong></span> <span class='ocrx_word' id='word_1_723' title='bbox 2322 2675 2381 2710; x_wconf 78' lang='grc' dir='ltr'>τοῦ</span> 
     </span>
     <span class='ocr_line' id='line_1_94' title="bbox 1359 2733 2382 2789; baseline -0.003 -15"><span class='ocrx_word' id='word_1_724' title='bbox 1359 2735 1562 2789; x_wconf 72' lang='grc' dir='ltr'>ἀνθρώπου,</span> <span class='ocrx_word' id='word_1_725' title='bbox 1578 2737 1615 2774; x_wconf 83' lang='grc' dir='ltr'><strong>οὐ</strong></span> <span class='ocrx_word' id='word_1_726' title='bbox 1630 2741 1689 2773; x_wconf 89' lang='grc' dir='ltr'>τοῦ</span> <span class='ocrx_word' id='word_1_727' title='bbox 1708 2739 1794 2773; x_wconf 82' lang='grc' dir='ltr'>εἰναι</span> <span class='ocrx_word' id='word_1_728' title='bbox 1816 2735 1935 2776; x_wconf 87' lang='grc' dir='ltr'>ἁπλῶς</span> <span class='ocrx_word' id='word_1_729' title='bbox 1959 2736 2031 2771; x_wconf 80' lang='grc' dir='ltr'>ἐστι</span> <span class='ocrx_word' id='word_1_730' title='bbox 2049 2733 2281 2782; x_wconf 58' lang='grc' dir='ltr'>σημαντικόν·</span> <span class='ocrx_word' id='word_1_731' title='bbox 2305 2735 2382 2771; x_wconf 85' lang='grc' dir='ltr'>ἀλλ’</span> 
     </span>
     <span class='ocr_line' id='line_1_95' title="bbox 1360 2793 2384 2847; baseline -0.005 -11"><span class='ocrx_word' id='word_1_732' title='bbox 1360 2797 1416 2836; x_wconf 81' lang='grc' dir='ltr'><strong>ἐπι</strong></span> <span class='ocrx_word' id='word_1_733' title='bbox 1443 2795 1503 2847; x_wconf 81' lang='grc' dir='ltr'><strong>μὲν</strong></span> <span class='ocrx_word' id='word_1_734' title='bbox 1521 2801 1579 2834; x_wconf 87' lang='grc' dir='ltr'>τοῦ</span> <span class='ocrx_word' id='word_1_735' title='bbox 1607 2794 1804 2847; x_wconf 77' lang='grc' dir='ltr'>ἀνθρώπου,</span> <span class='ocrx_word' id='word_1_736' title='bbox 1821 2810 1880 2831; x_wconf 89' lang='grc' dir='ltr'>του</span> <span class='ocrx_word' id='word_1_737' title='bbox 1900 2794 1968 2831; x_wconf 85' lang='grc' dir='ltr'>ἀπὸ</span> <span class='ocrx_word' id='word_1_738' title='bbox 1988 2794 2087 2830; x_wconf 76' lang='grc' dir='ltr'>τοῦδε</span> <span class='ocrx_word' id='word_1_739' title='bbox 2108 2798 2167 2831; x_wconf 86' lang='grc' dir='ltr'>τοῦ</span> <span class='ocrx_word' id='word_1_740' title='bbox 2191 2793 2321 2846; x_wconf 85' lang='grc' dir='ltr'>χωρίου</span> <span class='ocrx_word' id='word_1_741' title='bbox 2337 2797 2384 2831; x_wconf 83' lang='grc' dir='ltr'>εἰ-</span> 
     </span>
     <span class='ocr_line' id='line_1_96' title="bbox 1359 2848 2384 2907; baseline -0.003 -11"><span class='ocrx_word' id='word_1_742' title='bbox 1359 2873 1439 2897; x_wconf 92' lang='grc' dir='ltr'>ναι·</span> <span class='ocrx_word' id='word_1_743' title='bbox 1459 2858 1516 2896; x_wconf 76' lang='grc' dir='ltr'>ἐπὶ</span> <span class='ocrx_word' id='word_1_744' title='bbox 1536 2856 1571 2895; x_wconf 82' lang='grc' dir='ltr'><strong>δὲ</strong></span> <span class='ocrx_word' id='word_1_745' title='bbox 1587 2860 1649 2902; x_wconf 75' lang='grc' dir='ltr'>τῆς</span> <span class='ocrx_word' id='word_1_746' title='bbox 1664 2871 1746 2907; x_wconf 89' lang='grc' dir='ltr'>γης,</span> <span class='ocrx_word' id='word_1_747' title='bbox 1766 2860 1825 2893; x_wconf 85' lang='grc' dir='ltr'>τοῦ</span> <span class='ocrx_word' id='word_1_748' title='bbox 1844 2857 1917 2898; x_wconf 85' lang='grc' dir='ltr'>πῶς</span> <span class='ocrx_word' id='word_1_749' title='bbox 1935 2848 2035 2892; x_wconf 67' lang='grc' dir='ltr'>εἶναι</span> <span class='ocrx_word' id='word_1_750' title='bbox 2051 2854 2168 2892; x_wconf 78' lang='grc' dir='ltr'>Οὐδὲ</span> <span class='ocrx_word' id='word_1_751' title='bbox 2157 2855 2225 2907; x_wconf 82' lang='grc' dir='ltr'>γὰρ</span> <span class='ocrx_word' id='word_1_752' title='bbox 2241 2860 2346 2903; x_wconf 82' lang='grc' dir='ltr'>εἶπεν,</span> <span class='ocrx_word' id='word_1_753' title='bbox 2362 2860 2384 2903; x_wconf 85' lang='grc' dir='ltr'>ἡ</span> 
     </span>
     <span class='ocr_line' id='line_1_97' title="bbox 1361 2914 2386 2971; baseline -0.004 -13"><span class='ocrx_word' id='word_1_754' title='bbox 1361 2919 1396 2958; x_wconf 82' lang='grc' dir='ltr'><strong>δὲ</strong></span> <span class='ocrx_word' id='word_1_755' title='bbox 1412 2936 1456 2971; x_wconf 91' lang='grc' dir='ltr'><strong>γη</strong></span> <span class='ocrx_word' id='word_1_756' title='bbox 1470 2923 1525 2966; x_wconf 85' lang='grc' dir='ltr'><strong>ἠν,</strong></span> <span class='ocrx_word' id='word_1_757' title='bbox 1541 2919 1659 2960; x_wconf 85' lang='grc' dir='ltr'>ἁπλῶς</span> <span class='ocrx_word' id='word_1_758' title='bbox 1670 2947 1679 2963; x_wconf 91' lang='grc'>,</span> <span class='ocrx_word' id='word_1_759' title='bbox 1693 2932 1753 2954; x_wconf 86' lang='grc' dir='ltr'>και</span> <span class='ocrx_word' id='word_1_760' title='bbox 1769 2915 1946 2967; x_wconf 79' lang='grc' dir='ltr'>ἐσίγησεν·</span> <span class='ocrx_word' id='word_1_761' title='bbox 1967 2914 2056 2954; x_wconf 78' lang='grc' dir='ltr'>ἀλλὰ</span> <span class='ocrx_word' id='word_1_762' title='bbox 2072 2919 2146 2959; x_wconf 82' lang='grc' dir='ltr'>πῶς</span> <span class='ocrx_word' id='word_1_763' title='bbox 2165 2920 2206 2962; x_wconf 90' lang='grc' dir='ltr'><strong>ἠν</strong></span> <span class='ocrx_word' id='word_1_764' title='bbox 2222 2917 2280 2954; x_wconf 84' lang='grc' dir='ltr'><strong>καὶ</strong></span> <span class='ocrx_word' id='word_1_765' title='bbox 2297 2916 2386 2967; x_wconf 83' lang='grc' dir='ltr'>μετὰ</span> 
     </span>
     <span class='ocr_line' id='line_1_98' title="bbox 1359 2971 2387 3032; baseline -0.005 -13"><span class='ocrx_word' id='word_1_766' title='bbox 1359 2981 1399 3019; x_wconf 83' lang='grc' dir='ltr'>τὸ</span> <span class='ocrx_word' id='word_1_767' title='bbox 1425 2979 1584 3032; x_wconf 82' lang='grc' dir='ltr'>γενέσθαι</span> <span class='ocrx_word' id='word_1_768' title='bbox 1602 2977 1766 3024; x_wconf 82' lang='grc' dir='ltr'>ἐδίδαξεν,</span> <span class='ocrx_word' id='word_1_769' title='bbox 1797 2971 1879 3024; x_wconf 62' lang='grc' dir='ltr'>οἷον,</span> <span class='ocrx_word' id='word_1_770' title='bbox 1909 2975 1961 3014; x_wconf 75' lang='grc' dir='ltr'><strong>ὅτι</strong></span> <span class='ocrx_word' id='word_1_771' title='bbox 1983 2976 2142 3029; x_wconf 84' lang='grc' dir='ltr'>Ἀόρατος</span> <span class='ocrx_word' id='word_1_772' title='bbox 2169 2978 2229 3015; x_wconf 76' lang='grc' dir='ltr'><strong>καὶ</strong></span> <span class='ocrx_word' id='word_1_773' title='bbox 2256 2980 2387 3015; x_wconf 85' lang='grc' dir='ltr'>ἀκατα-</span> 
     </span>
    </p>
   </div>
   <div class='ocr_carea' id='block_1_13' title="bbox 1374 3087 2383 3443">
    <p class='ocr_par' dir='ltr' id='par_1_16' title="bbox 1374 3087 2097 3135">
     <span class='ocr_line' id='line_1_99' title="bbox 1374 3087 2097 3135; baseline -0.01 -9"><span class='ocrx_word' id='word_1_774' title='bbox 1374 3095 1539 3126; x_wconf 78' lang='grc' dir='ltr'>ἀνελίττων</span> <span class='ocrx_word' id='word_1_775' title='bbox 1557 3094 1657 3135; x_wconf 71' lang='grc' dir='ltr'>λῆρον.</span> <span class='ocrx_word' id='word_1_776' title='bbox 1674 3087 1777 3121; x_wconf 79' lang='lat' dir='ltr'><strong>Savil.</strong></span> <span class='ocrx_word' id='word_1_777' title='bbox 1796 3095 1829 3120; x_wconf 81' lang='lat' dir='ltr'><strong>et</strong></span> <span class='ocrx_word' id='word_1_778' title='bbox 1842 3087 1918 3127; x_wconf 86' lang='lat' dir='ltr'><strong>alii,</strong></span> <span class='ocrx_word' id='word_1_779' title='bbox 1936 3095 1972 3120; x_wconf 81' lang='lat' dir='ltr'><strong>ut</strong></span> <span class='ocrx_word' id='word_1_780' title='bbox 1987 3098 2097 3129; x_wconf 81' lang='lat' dir='ltr'><strong>supra.</strong></span> 
     </span>
    </p>

    <p class='ocr_par' dir='ltr' id='par_1_17' title="bbox 1419 3139 1928 3185">
     <span class='ocr_line' id='line_1_100' title="bbox 1419 3139 1928 3185; baseline -0.01 -9"><span class='ocrx_word' id='word_1_781' title='bbox 1419 3145 1433 3168; x_wconf 82' lang='lat' dir='ltr'>s</span> <span class='ocrx_word' id='word_1_782' title='bbox 1458 3145 1656 3185; x_wconf 79' lang='grc' dir='ltr'>ἐγνωσμένων,</span> <span class='ocrx_word' id='word_1_783' title='bbox 1672 3139 1727 3171; x_wconf 76' lang='lat' dir='ltr'><strong>alii</strong></span> <span class='ocrx_word' id='word_1_784' title='bbox 1743 3145 1928 3182; x_wconf 76' lang='grc' dir='ltr'>ἐγκειμένων.</span> 
     </span>
    </p>

    <p class='ocr_par' dir='ltr' id='par_1_18' title="bbox 1375 3189 2383 3340">
     <span class='ocr_line' id='line_1_101' title="bbox 1417 3189 2383 3238; baseline -0.004 -11"><span class='ocrx_word' id='word_1_785' title='bbox 1417 3204 1430 3227; x_wconf 77' lang='grc'><strong>5</strong></span> <span class='ocrx_word' id='word_1_786' title='bbox 1454 3193 1568 3226; x_wconf 84' lang='lat' dir='ltr'><strong>Morel.</strong></span> <span class='ocrx_word' id='word_1_787' title='bbox 1588 3197 1686 3238; x_wconf 76' lang='grc' dir='ltr'>ὥσπερ</span> <span class='ocrx_word' id='word_1_788' title='bbox 1703 3195 1779 3225; x_wconf 69' lang='grc' dir='ltr'>οὐδέ.</span> <span class='ocrx_word' id='word_1_789' title='bbox 1795 3189 1895 3223; x_wconf 79' lang='lat' dir='ltr'><strong>savil.</strong></span> <span class='ocrx_word' id='word_1_790' title='bbox 1916 3195 2013 3234; x_wconf 81' lang='grc' dir='ltr'>ὥσπερ</span> <span class='ocrx_word' id='word_1_791' title='bbox 2029 3191 2090 3223; x_wconf 73' lang='grc' dir='ltr'>οὖν.</span> <span class='ocrx_word' id='word_1_792' title='bbox 2114 3190 2261 3232; x_wconf 78' lang='lat' dir='ltr'><strong>Utraque</strong></span> <span class='ocrx_word' id='word_1_793' title='bbox 2285 3189 2383 3224; x_wconf 82' lang='lat' dir='ltr'><strong>lectio</strong></span> 
     </span>
     <span class='ocr_line' id='line_1_102' title="bbox 1375 3240 2376 3287; baseline -0.002 -12"><span class='ocrx_word' id='word_1_794' title='bbox 1375 3244 1530 3287; x_wconf 76' lang='lat' dir='ltr'><strong>quadrat.</strong></span> <span class='ocrx_word' id='word_1_795' title='bbox 1551 3243 1650 3277; x_wconf 86' lang='lat' dir='ltr'><strong>Paulo</strong></span> <span class='ocrx_word' id='word_1_796' title='bbox 1667 3250 1743 3285; x_wconf 81' lang='lat' dir='ltr'><strong>post</strong></span> <span class='ocrx_word' id='word_1_797' title='bbox 1767 3240 1868 3274; x_wconf 89' lang='lat' dir='ltr'><strong>Savil.</strong></span> <span class='ocrx_word' id='word_1_798' title='bbox 1887 3249 1920 3273; x_wconf 77' lang='lat' dir='ltr'><strong>et</strong></span> <span class='ocrx_word' id='word_1_799' title='bbox 1936 3242 2060 3273; x_wconf 86' lang='lat' dir='ltr'><strong>Boisius</strong></span> <span class='ocrx_word' id='word_1_800' title='bbox 2077 3240 2251 3283; x_wconf 68' lang='lat' dir='ltr'><strong>legendum</strong></span> <span class='ocrx_word' id='word_1_801' title='bbox 2270 3242 2376 3285; x_wconf 84' lang='lat' dir='ltr'><strong>suspi-</strong></span> 
     </span>
     <span class='ocr_line' id='line_1_103' title="bbox 1375 3292 2168 3340; baseline -0.004 -13"><span class='ocrx_word' id='word_1_802' title='bbox 1375 3305 1494 3328; x_wconf 85' lang='lat' dir='ltr'><strong>cantur</strong></span> <span class='ocrx_word' id='word_1_803' title='bbox 1508 3301 1550 3330; x_wconf 82' lang='grc' dir='ltr'>ἔτι</span> <span class='ocrx_word' id='word_1_804' title='bbox 1567 3301 1616 3330; x_wconf 74' lang='grc' dir='ltr'><strong>καὶ</strong></span> <span class='ocrx_word' id='word_1_805' title='bbox 1630 3303 1751 3340; x_wconf 69' lang='grc' dir='ltr'>προϊών.</span> <span class='ocrx_word' id='word_1_806' title='bbox 1766 3293 1832 3326; x_wconf 89' lang='lat' dir='ltr'><strong>Sed</strong></span> <span class='ocrx_word' id='word_1_807' title='bbox 1851 3292 1941 3325; x_wconf 88' lang='lat' dir='ltr'><strong>locus</strong></span> <span class='ocrx_word' id='word_1_808' title='bbox 1956 3292 2040 3326; x_wconf 85' lang='lat' dir='ltr'><strong>bene</strong></span> <span class='ocrx_word' id='word_1_809' title='bbox 2057 3292 2168 3327; x_wconf 82' lang='lat' dir='ltr'><strong>habet.</strong></span> 
     </span>
    </p>

    <p class='ocr_par' dir='ltr' id='par_1_19' title="bbox 1420 3344 1952 3391">
     <span class='ocr_line' id='line_1_104' title="bbox 1420 3344 1952 3391; baseline -0.013 -8"><span class='ocrx_word' id='word_1_810' title='bbox 1420 3347 1435 3364; x_wconf 59' lang='lat'><strong>⁴¹</strong></span> <span class='ocrx_word' id='word_1_811' title='bbox 1461 3350 1573 3391; x_wconf 67' lang='grc' dir='ltr'>[αὐτῆς</span> <span class='ocrx_word' id='word_1_812' title='bbox 1591 3346 1690 3380; x_wconf 82' lang='lat' dir='ltr'><strong>Savil.</strong></span> <span class='ocrx_word' id='word_1_813' title='bbox 1707 3355 1740 3378; x_wconf 80' lang='lat' dir='ltr'><strong>et</strong></span> <span class='ocrx_word' id='word_1_814' title='bbox 1756 3344 1841 3379; x_wconf 84' lang='lat' dir='ltr'><strong>cod.</strong></span> <span class='ocrx_word' id='word_1_815' title='bbox 1859 3347 1952 3388; x_wconf 60' lang='lat'><strong>706]</strong></span> 
     </span>
    </p>

    <p class='ocr_par' dir='ltr' id='par_1_20' title="bbox 1422 3400 1856 3443">
     <span class='ocr_line' id='line_1_105' title="bbox 1422 3400 1856 3443; baseline 0 -12"><span class='ocrx_word' id='word_1_816' title='bbox 1422 3401 1441 3425; x_wconf 87' lang='lat' dir='ltr'><strong>h</strong></span> <span class='ocrx_word' id='word_1_817' title='bbox 1467 3400 1574 3443; x_wconf 77' lang='lat' dir='ltr'><strong>Aliqui</strong></span> <span class='ocrx_word' id='word_1_818' title='bbox 1592 3405 1639 3435; x_wconf 73' lang='grc' dir='ltr'><strong>καὶ</strong></span> <span class='ocrx_word' id='word_1_819' title='bbox 1656 3405 1707 3434; x_wconf 79' lang='grc' dir='ltr'>τοῦ</span> <span class='ocrx_word' id='word_1_820' title='bbox 1723 3403 1856 3443; x_wconf 69' lang='grc' dir='ltr'>οὐρανοῦ.</span> 
     </span>
    </p>
   </div>
  </div>
 </body>
</html>
