2481 3678
719 217 760 245 IN
797 217 1008 247 JOANNEM
1046 219 1205 247 IIOMII..

133 299 193 334 οὐκ
213 297 286 348 ἔχει
307 301 372 335 ποῦ
399 296 460 342 τὴν
476 296 628 348 κεφαλὴν
651 295 795 349 ”κλίνῃ·
820 301 965 337 ἐνταῦθα
984 300 1018 336 δὲ
1040 300 1152 350 λέγει,

132 357 305 410 Ἔρχεσθε
325 357 384 395 καὶ
402 357 490 394 ἴδετε
508 361 574 395 ποῦ
590 357 702 407 μένω;
716 357 799 397 <Ότι
823 360 861 397 τὸ
873 390 882 407 ,
902 360 980 397 Οὐκ
999 359 1072 410 ἔχει
1089 363 1155 396 ποῦ

132 418 194 464 τὴν
223 417 375 470 κεφαλὴν
405 417 523 469 κλίνῃ,
546 418 735 464 δηλωτικόν
758 422 830 458 ἐστι
861 422 920 457 τοῦ
953 419 1041 470 μηδὲ
1072 418 1154 456 ἰ’διον

132 478 348 530 καταγώγιον
369 481 579 526 κεκτῆσθαι,
599 480 664 531 οὐχ
682 479 735 518 ὅτι
752 482 784 517 ἐν
805 480 897 532 οἰκία
920 482 957 518 οὐ
974 479 1153 529 κατέμενε·

132 539 275 592 καὶγὰρ
300 540 358 577 καὶ
387 544 408 587 ἡ
438 540 623 592 παραῧολὴ
654 545 754 579 τοῦτο
783 540 954 591 βούλεται.
974 538 1060 577 “Ort
1093 539 1153 589 μὲν

133 594 190 639 οὖν
223 603 305 654 παρ’
342 603 436 654 αὐτῷ
455 601 592 652 ἔμειναν
620 601 682 649 τὴν
703 600 837 653 ἡμέραν
857 599 1003 647 ἐκείνην,
1025 593 1117 637 εἶπεν
1139 603 1156 638 ὃ

133 661 398 714 εὐαγγελιστής·
428 662 518 707 τίνος
555 662 590 700 δὲ
622 662 747 709 ἕνεκεν,
767 664 828 700 οὐκ
856 661 907 699 ἔτι
929 660 1154 714 προσέθηκεν,

134 725 180 767 ὡς
200 724 303 770 δήλου
335 727 396 770 τῆς
430 724 541 768 αἰτίας
575 723 688 770 οὔσης.
709 721 800 761 Οὐδὲ
830 721 898 775 γὰρ
931 722 1046 775 ἑτέρου
1066 723 1155 766 τινὸς

133 782 245 822 ἕνεκεν
279 783 356 822 οὔτε
389 786 483 837 αὐτῷ
510 783 761 830 ἠκολούθησαν,
781 783 859 821 οὔτε
892 786 909 821 ὃ
928 783 1078 835 Χριστὸς
1098 785 1155 821 αὖ·

134 843 211 888 τοὺς
239 846 479 893 ἐπεσπάσατο,
503 843 619 890 ἀλλ’ἢ
655 842 712 881 διὰ
739 843 802 890 τὴν
835 843 1081 882 διδασκαλίαν·
1114 838 1155 890 ἧς

132 904 221 943 οὕτω
259 907 412 957 δαψιλῶς
452 906 510 944 καὶ
542 904 727 959 προθύμως
767 904 987 952 ἀπέλαυσαν,
1025 905 1085 943 καὶ
1120 907 1152 943 ἐν

133 966 230 1003 νυκτὶ
252 975 337 1019 μιᾷ,
362 970 408 1012 ὡς
431 966 552 1010 εὐθέως
578 966 739 1018 θατέρους
763 965 821 1004 καὶ
850 970 864 986 ⁰

136 1043 196 1079 ραν
216 1030 336 1067 ἐλθεῖν.

877 968 889 988 2
918 968 926 981 ν
949 968 962 988 2
989 965 1004 989 A
1099 966 1139 997 (J

875 982 914 1017 ιφ
948 982 1072 1018 ιτερων
1105 976 1154 1012 Π,-

186 1091 319 1128 Οὐκοῖῖν
340 1090 399 1128 καὶ
420 1093 522 1141 ἡμεῖς
542 1089 693 1128 ἐντεῦθεν
715 1090 933 1142 διδαχθῶμεν
950 1089 1066 1128 πάντα
1088 1090 1154 1128 ποί-

134 1166 240 1203 ρεργα
268 1151 422 1189 τίθεσθαι
451 1155 513 1197 τῆς
547 1150 639 1194 θείας
673 1151 891 1204 ἀκροάσεως,
932 1151 992 1189 καί
1024 1151 1155 1202 μηδένα

132 1212 251 1265 καιρὸν
270 1212 411 1265 ἄκαιρον
429 1206 516 1250 εἶναι
535 1212 698 1263 νομίζειν,
714 1211 804 1250 ἀλλὰ
821 1211 884 1250 κᾶν
903 1213 949 1256 εἷς
961 1211 1071 1249 οἰκίαν
1097 1213 1155 1250 ἀλ-

132 1273 271 1327 λοτρίαν
289 1275 448 1312 ἀπελθεῖν
468 1273 526 1325 δέῃ
539 1304 548 1321 ,
565 1272 629 1310 κᾶν
646 1272 819 1326 γνώριμον
837 1273 982 1326 ἀνδράσι
998 1272 1156 1324 γενέσθαι

135 1335 298 1387 μεγάλοις
328 1337 466 1387 ἀγνῶτα
490 1335 595 1382 ὄντα,
623 1333 685 1372 κᾶν
718 1334 805 1387 ἀωρὶ
831 1338 894 1381 τῆς
912 1334 1063 1388 ἡμέρας,
1092 1333 1155 1372 κᾶν

134 1395 324 1448 οἱῳδήποτε
347 1398 476 1448 καιρῷ,
500 1394 675 1446 μηδέποτε
694 1394 823 1442 ταύτης
849 1398 989 1446 ἀμελεῖν
1010 1398 1071 1441 τῆς
1096 1397 1158 1442 ἐμ-

134 1457 269 1509 πορίας.
301 1456 422 1509 Τροφὴ
444 1456 506 1507 μὲν
539 1451 595 1494 οἶν
621 1456 680 1494 καὶ
698 1455 825 1508 λουτρὰ
845 1456 904 1493 καὶ
924 1457 1066 1504 δεῖπνα,
1097 1456 1156 1493 καὶ
1182 1462 1206 1492 E

134 1516 178 1555 τὰ
204 1517 292 1555 ἅλλα
317 1517 362 1555 τὰ
386 1517 553 1569 βιωτικὰ,
583 1517 703 1569 καιρὸν
731 1517 840 1568 ἐχέτω
859 1516 915 1554 τὸν
941 1516 1155 1570 ὡρισμένον·

134 1577 342 1617 διδασκαλία
377 1578 411 1617 δὲ
443 1578 523 1631 περὶ
541 1577 744 1630 φιλοσοφίας
771 1580 834 1624 τῆς
867 1577 958 1625 ἅνω,
982 1577 1155 1629 μηδεμίαν

135 1641 380 1694 ἀφωρισμένην
411 1639 504 1693 ὥραν
534 1639 666 1692 ἐχέτω,
691 1641 768 1679 ἀλλ’
799 1639 890 1684 ἅπας
909 1642 1014 1687 αὖτ’-ῆς
1035 1639 1123 1678 ἔστω
1141 1642 1158 1677 ὁ

136 1826 197 1864 Ἔν
216 1829 265 1879 τῷ
280 1826 376 1880 νόμῳ
393 1829 494 1866 αὐτοῦ
515 1827 698 1878 μελετήσει
712 1827 846 1879 ἡμέρας
864 1827 924 1865 καὶ
943 1826 1079 1870 νυκτός·
1099 1827 1158 1864 καὶ

136 1894 205 1931 τοῖς
234 1889 412 1931 Ἰουδαίοις
433 1887 468 1927 δὲ
494 1891 511 1926 ὃ
531 1890 686 1937 Mimo-“qq
718 1889 904 1931 διαπαντὸς
934 1893 1033 1927 τοῦτο
1050 1894 1158 1926 ποιεῖν

134 1948 279 1987 ἐκέλευε.
313 1948 370 1987 Τὰ
402 1948 462 2000 μὲν
491 1949 558 2002 γὰρ
593 1949 758 2001 βιωτικὰ,
794 1951 961 2000 βαλανεῖα
987 1948 1077 2000 λέγω
1100 1948 1159 1986 καὶ

137 2011 278 2057 δεῖπνα,
301 2012 330 2049 εἷ
353 2011 413 2049 καὶ
441 2013 636 2063 ἀναγκαῖα,
656 2011 750 2063 ὅμως
770 2012 922 2063 συνεχῶς
941 2010 1105 2063 γινόμενα
1121 2011 1161 2048 τὸ

135 2074 238 2123 σῶμα
253 2071 405 2119 ἐξίτηλον
425 2072 605 2125 ἐργάζεται
618 2087 626 2095 ·
645 2076 666 2120 ἦ
686 2072 720 2111 δὲ
736 2076 797 2119 τῆς
812 2074 925 2125 ψυχῆς
939 2071 1159 2119 διδασκαλία,

134 2132 272 2187 ὅσῳπερ
292 2132 332 2171 ἂν
355 2132 568 2180 ἐπιτείνηται
582 2164 592 2182 ,
607 2133 758 2186 τοσούτῳ
772 2134 833 2180 τὴν
854 2133 1044 2186 δεχομένην
1063 2135 1160 2185 ἶσχο-

137 2195 278 2248 ροτέραν
293 2201 384 2234 ποιεῖ
398 2194 526 2247 ψυχήν.
544 2197 615 2234 Νῦν
630 2194 666 2234 δὲ
683 2195 802 2247 λήροις
822 2193 884 2246 μὲν
899 2195 959 2232 καὶ
978 2194 1161 2248 φλυαρίαις

137 2255 313 2302 ἀνονήτοις
344 2256 459 2294 πάντα
481 2256 600 2309 καιρὸν
636 2255 857 2309 ἀφορίζομεν,
889 2255 975 2294 1’καὶ
1003 2256 1060 2294 τὸν
1094 2256 1161 2294 ὑπὸ

134 2317 196 2365 τὴν
230 2317 294 2366 ἕω,
329 2317 466 2356 καὶτὸν
494 2317 575 2370 περὶ
600 2317 715 2365 δείλης
745 2317 804 2356 καὶ
839 2317 1073 2370 μεσημέρίαν,
1102 2318 1160 2355 καὶ

136 2379 285 2432 ἑσπέραν
310 2378 344 2418 δὲ
365 2378 469 2426 αὐτὴν
492 2378 736 2433 συνεδρεύομεν
760 2381 835 2431 εἰκῇ
849 2409 858 2427 ,
887 2379 947 2417 καὶ
966 2378 1093 2423 τόπους
1115 2382 1162 2423 εἷς

135 2445 235 2479 τοῦτο
265 2439 487 2491 ἀπετάξαμεν
502 2455 509 2463 ·
530 2443 598 2478 τῶν
622 2440 658 2479 δὲ
678 2439 777 2478 θείων
809 2440 991 2492 δογμάτων
1021 2440 1112 2486 ἅπαξ
1137 2459 1160 2488 η

136 2500 186 2544 δὶς
214 2504 275 2547 τῆς
310 2500 501 2551 ἑὲδομάδος
523 2501 727 2548 ἀκούοντες,
755 2504 963 2552 ναυτιῶμεν,
992 2503 1160 2555 διακορεῖς

135 2561 313 2612 γινόμεθα.
335 2561 382 2598 Τί
402 2555 458 2599 οἶν
489 2561 529 2598 τὸ
561 2560 689 2607 αἴτιον,
719 2563 847 2605 Κακῶς
877 2562 1080 2613 διακείμεθα
1098 2563 1159 2609 τὴν

136 2622 262 2674 ψυχήν.
298 2622 350 2660 Τὸ
381 2621 631 2672 ἐπιθυμητικὸν
663 2623 768 2667 αὐτ-ἧς
792 2621 831 2659 τὸ
857 2621 936 2674 περὶ
963 2627 1074 2661 ταῦτα
1101 2623 1161 2660 καὶ

135 2683 311 2735 ὀρεκτικὸν
331 2681 536 2733 ἐξελύσαμεν
562 2681 666 2719 ἅπαν.
699 2681 768 2719 Διὰ
794 2685 894 2720 τοῦτο
919 2684 981 2720 οὐκ
1012 2681 1160 2734 ἔρρωται

136 2743 221 2797 πρὸς
239 2743 301 2791 τὴν
321 2746 383 2789 τῆς
412 2745 650 2793 πνευματικῆς
685 2745 813 2793 τροφῆς
845 2741 965 2795 ὄρεξιν.
992 2742 1096 2793 Μέγα
1125 2743 1160 2782 δὲ

136 2805 195 2842 καὶ
214 2808 314 2843 τοῦτο
337 2804 425 2856 μετὰ
446 2806 514 2841 τῶν
547 2803 661 2841 ἄλλων
687 2802 883 2855 ἀρρωστίας
901 2802 1101 2856 τεκμήριον,
1121 2804 1160 2842 τὸ

414 2864 480 2879 &IN

137 2865 185 2916 μὴ
206 2869 340 2917 πεινῇν,
359 2880 446 2916 μηοε
462 2865 577 2916 οιψῇν,
601 2863 690 2902 ἀλλὰ
710 2863 928 2916 δυσαρέστως
943 2865 1027 2917 πρὸς
1048 2865 1160 2916 ἀμφο-

135 2943 218 2979 τερα
240 2927 343 2979 ἔχειν.
372 2928 416 2964 Εἰ
434 2924 470 2964 δὲ
489 2925 546 2963 ἐπὶ
564 2925 738 2975 σωμάτιον
757 2930 856 2963 τοῦτο
876 2925 1078 2976 συμὲαῖνον,
1101 2941 1158 2963 νο-

135 2987 289 3037 σήματος
310 2989 472 3038 ’χαλεποῦ
493 2985 680 3038 τεκμήριον
709 2985 769 3023 καὶ
799 2985 994 3038 ἀρρωστίας
1015 3001 1157 3032 ποιητι-

135 3047 212 3086 κόν·
232 3049 350 3100 πολλῷ
379 3048 508 3096 μᾶλλον
539 3046 595 3084 ἐπὶ
624 3049 685 3092 τῆς
714 3048 838 3098 ψυχῆς.
867 3047 952 3089 Πῶς
973 3039 1030 3083 οὖν
1053 3046 1158 3092 αὐτὴν

136 3112 425 3146 ἀναπεπτωκυῖαν
451 3105 510 3145 καὶ
531 3106 761 3157 ἐκλελυμένην
783 3108 982 3158 ἀναρρῶσαι
1011 3107 1158 3153 δυνησό-

182 3248 198 3271 b
216 3245 276 3278 Alii
310 3251 404 3290 κλίνῃ,
444 3242 497 3277 alii
539 3250 643 3280 κλίναι.
684 3245 830 3288 [Eadem
862 3247 1002 3278 xarietas
1036 3246 1137 3286 infru,

139 3311 170 3341 p.
193 3301 265 3339 1¹4,
285 3299 338 3340 A.]

181 3362 193 3375 ε
211 3350 311 3383 Sax‘il.
346 3354 391 3394 ἐφ’
409 3353 518 3395 ἑτέρων
537 3355 640 3395 θήραν.
661 3349 774 3382 Morel.
798 3353 898 3395 θύραν.

329 3427 421 3450 ΤΟΜ,
458 3427 550 3450 VIII.

1140 2441 1208 2471 *Β

1245 218 1370 247 xviii.
1412 203 1472 247 al.
1517 220 1624 247 xvn.
2127 208 2209 254 125

1229 312 1282 348 ro,
1305 298 1365 334 59.
1387 298 1520 335 Venite
1536 306 1572 335 et
1590 299 1718 335 videte
1738 301 1802 336 ubl
1822 306 2023 338 maneam?
2058 305 2214 342 moniam

1230 357 1332 407 illud,
1353 360 1444 396 Non
1463 360 1579 397 habet
1602 361 1667 397 ubi
1689 368 1803 411 caput
1830 361 2011 409 reclinet,
2038 363 2213 414 significat

1228 418 1333 457 illum
1363 419 1548 472 proprium
1587 419 1654 458 sibi
1675 420 1909 459 diversorium
1932 435 1999 459 non
2028 422 2211 471 habuisse,

1231 494 1298 518 non
1331 482 1425 532 quod
1458 483 1494 519 iu
1521 482 1628 519 domo
1655 483 1822 535 quapiam
1858 498 1924 521 non
1958 494 2110 522 maneret
2137 502 2144 521 :
2178 486 2214 523 id

1229 542 1322 580 enim
1340 543 1506 595 parabola
1523 543 1717 595 signifieat,
1740 543 1967 595 Evangelista
1990 559 2093 597 porro
2112 546 2214 593 dicit,

1229 603 1324 655 ipsos
1348 603 1406 642 die
1434 604 1495 642 illa
1523 619 1602 642 cum
1631 619 1671 643 eo
1700 606 1890 644 mansisse:
1921 620 1985 643 cur
2019 616 2137 645 autem
2166 608 2213 646 ita

1229 666 1361 704 sactum
1381 667 1438 716 sit,
1456 681 1524 705 non
1547 667 1698 718 addidit,
1714 668 1810 719 quod
1829 669 2011 707 manifesta
2034 684 2088 707 res
2107 680 2209 708 esset.

1230 728 1352 779 Neque
1378 729 1472 767 enim
1491 729 1561 768 alia
1579 729 1624 768 (lc
1645 744 1747 768 causa
1769 730 1905 781 sequuti
1933 740 2013 768 sunt
2039 746 2132 781 eum,
2156 733 2215 770 vel

1233 789 1394 828 Christus
1413 791 1542 830 accivit
1562 805 1632 840 eos,
1651 805 1759 842 quam
1787 801 1825 829 ut
1851 791 2051 830 doctrinam
2076 794 2214 845 accipe-

1229 859 1326 899 rent‚·
1348 865 1455 902 quam
1478 861 1550 890 tam
1569 852 1706 904 copiose
1724 862 1757 890 et
1776 866 1858 890 cum
1885 861 1978 890 tanto
1999 853 2117 891 studio
2144 868 2212 892 una

1230 921 1329 950 nocte
1349 924 1594 966 perceperunt,
1614 924 1652 953 ut
1670 928 1756 955 mox
1772 924 1920 965 uterque
1937 914 1981 953 ad
2003 915 2088 954 alios
2107 916 2214 954 advo-

1228 973 1357 1011 candos
1375 969 1588 1028 properaret.

1281 1087 1317 1124 4.
1347 1087 1439 1125 Hine
1467 1102 1530 1127 nos
1560 1103 1698 1140 quoque
1729 1089 1908 1127 discamus
1940 1090 2056 1128 omnia
2084 1089 2213 1128 divinae

1229 1147 1396 1186 doctrinae
1421 1159 1641 1201 postponere,
1672 1151 1881 1202 nullumque
1904 1161 2042 1204 tempus
2062 1166 2130 1189 non
2151 1166 2214 1204 op-

2298 1104 2417 1130 Doctri-

2229 1154 2270 1172 ωε
2311 1145 2362 1171 Clu
2374 1146 2420 1171 isli

2229 1187 2325 1213 onmia
2340 1192 2419 1222 post-

1231 1217 1422 1259 portunum
1453 1210 1647 1259 aestimare3
1676 1212 1736 1249 sed
1761 1212 1825 1249 etsi
1840 1212 1876 1249 in
1891 1212 2042 1250 alienam
2067 1212 2214 1251 domum
2229 1227 2374 1265 ponenda.

1231 1271 1367 1322 ingredi
1386 1281 1559 1324 oporteat,
1580 1273 1717 1311 etiamsi
1738 1275 1898 1325 ignotum
1916 1275 2077 1314 homines
2097 1290 2216 1328 proce-

1232 1346 1286 1369 res
1305 1332 1441 1383 ignotos
1466 1333 1578 1382 adire,
1608 1334 1743 1373 etiamsi
1774 1336 2019 1388 intempestive
2039 1346 2070 1375 et
2089 1339 2217 1388 quovis

1232 1402 1402 1444 tempore,
1425 1408 1603 1444 nunquam
1633 1395 1699 1433 hoc
1728 1397 1978 1435 commercium
2005 1413 2080 1436 esse
2105 1399 2217 1450 negli-

1233 1454 1397 1504 gendum.
1427 1455 1538 1493 Cibus
1559 1469 1663 1507 ergo,
1694 1457 1832 1506 balnea,
1861 1472 1980 1509 coenae,
2015 1460 2152 1511 aliaque
2173 1460 2219 1498 ad

1231 1514 1342 1553 vitam
1354 1515 1579 1566 pertinentia,
1601 1531 1706 1554 suum
1722 1526 1859 1569 tempus
1873 1519 2025 1557 habeant
2040 1520 2218 1558 :doctrina

1232 1589 1316 1613 vero
1329 1590 1487 1629 supernae
1501 1577 1735 1631 philosophiae
1746 1579 1881 1617 nullam
1893 1579 2020 1618 habeat
2032 1581 2217 1619 definitam

1234 1638 1373 1689 horam,
1391 1639 1453 1677 scd
1472 1653 1574 1677 omne
1588 1649 1726 1693 tempus
1745 1641 1813 1693 ipsi
1831 1642 2017 1695 proprium
2034 1652 2118 1681 esto.
2142 1646 2216 1697 Op-
2228 1644 2419 1682 2.T1'm.4.2.

134 1702 264 1755 καιρός.
290 1702 472 1756 Εὐκαίρως
491 1701 578 1754 γὰρ,
598 1702 714 1755 φησὶν,
735 1701 889 1755 ἀκαίρως
910 1701 1057 1753 ἔλεγξον,
1077 1705 1158 1740 ἐπι·
1173 1732 1220 1758 109
1230 1709 1409 1751 portuno,
1427 1700 1558 1752 inquit,
1579 1704 1797 1753 importune
1815 1716 1945 1756 argue,
1975 1706 2144 1756 obsecra,
2161 1709 2218 1744 in-

134 1764 294 1815 τίμησον,
316 1764 572 1818 παρακάλεσον.
601 1764 692 1803 3Καὶ
721 1767 738 1802 ὃ
771 1765 951 1817 προφήτης
979 1764 1015 1802 δέ
1041 1781 1158 1817 φησιν,
1185 1771 1210 1799 Α
1233 1774 1359 1807 crepa.
1381 1762 1557 1814 Propheta
1578 1777 1717 1814 quoque
1733 1763 1807 1801 ait:
1832 1766 1882 1801 In
1899 1765 1980 1818 lege
2001 1768 2085 1818 ejus
2107 1769 2222 1805 medi-
2236 1765 2262 1794 P
2265 1767 2326 1794 sal.
2345 1774 2368 1794 ¹·
2389 1775 2418 1794 2·

1237 1826 1381 1862 tabitur
1395 1825 1458 1861 die
1472 1838 1518 1862 ac
1539 1833 1662 1862 noete:
1681 1827 1825 1878 Moyses
1840 1840 1979 1877 quoque
1999 1826 2134 1866 Judaeis
2154 1827 2222 1866 hoc

1236 1899 1374 1938 semper
1391 1885 1505 1923 facere
1521 1885 1761 1938 praecipiebat.
1782 1887 1875 1924 Nam
1893 1900 1932 1924 ea
1950 1901 2026 1938 quae
2046 1887 2091 1926 ad
2112 1888 2223 1927 vitam

1237 1956 1417 2000 spectant,
1448 1946 1575 1985 balnea
1605 1947 1685 1985 dico
1712 1957 1747 1985 et
1781 1962 1902 1997 coenae,
1933 1948 1997 1986 etsi
2031 1950 2224 1988 necessaria

1236 2008 1324 2056 sint,
1358 2007 1386 2045 si
1422 2007 1638 2058 frequentius
1671 2007 1927 2058 adhibeantur,
1957 2023 2084 2062 corpus
2120 2019 2222 2048 exte-

1236 2078 1348 2107 nuant
1367 2084 1375 2105 :
1397 2069 1524 2107 animae
1550 2078 1669 2107 autem
1695 2069 1856 2107 doctrina
1884 2080 2015 2121 quanto
2034 2071 2147 2124 magis
2168 2071 2223 2110 in-

1238 2131 1420 2180 culcatur,
1450 2140 1548 2168 tanto
1577 2131 1760 2169 fortiorem
1785 2130 1902 2169 reddit
1933 2132 2100 2170 animam.
2119 2134 2223 2172 Nunc

1236 2201 1354 2231 autem
1373 2192 1476 2244 nugis
1494 2192 1669 2231 inutiliter
1683 2206 1785 2230 omne
1800 2202 1941 2245 tempus
1960 2194 2199 2233 consumimus
2211 2225 2221 2243 ,

1236 2265 1419 2303 auroram,
1448 2254 1682 2303 matutinum,
1719 2254 1924 2304 meridiem,
1965 2269 2147 2307 vesperam
2186 2257 2222 2293 in

1237 2314 1426 2353 constituto
1447 2314 1526 2352 loco
1552 2329 1643 2354 vane
1667 2314 1928 2367 impendimus,
1957 2315 2079 2353 divina
2105 2325 2223 2353 autem

1236 2375 1404 2428 dogmata
1422 2376 1452 2414 si
1470 2376 1576 2413 semel
1590 2384 1651 2412 aut
1666 2375 1723 2412 bis
1741 2389 1803 2426 per
1824 2375 2083 2413 hebdomadam
2100 2375 2223 2413 audia-

1236 2451 1332 2486 mus,
1351 2437 1605 2489 torpescimus,
1638 2449 1858 2472 nauseamus.
1877 2435 2020 2480 Quare?
2043 2436 2139 2482 Quia
2152 2437 2223 2474 ani-

1236 2512 1294 2536 mo
1320 2511 1431 2549 prave
1455 2496 1574 2534 affecti
1595 2509 1728 2533 sumus.
1761 2495 1966 2547 Appetitum
1993 2496 2222 2549 studiumque

1232 2559 1309 2610 ejus
1325 2557 1417 2594 circa
1435 2556 1530 2594 istaec
1556 2568 1660 2592 omne
1678 2554 1931 2606 dissolvimus,
1952 2555 2099 2607 ideoque
2117 2558 2220 2610 spiri-

1231 2618 1364 2656 tualem
1385 2631 1499 2654 escam
1519 2629 1588 2653 non
1608 2615 1820 2667 appetimus.
1843 2617 2018 2668 Magnum
2037 2617 2105 2656 hoc
2124 2634 2219 2671 pra:-

1233 2689 1283 2717 ter
1302 2678 1372 2716 alia
1385 2686 1436 2716 est
1456 2675 1678 2729 aegritudinis
1693 2675 1886 2727 indicium,
1904 2691 1986 2715 cum
2012 2692 2081 2716 non
2103 2681 2220 2718 esuri-

1234 2753 1332 2787 mus,
1348 2752 1411 2775 nec
1425 2737 1582 2787 sitimus,
1599 2735 1659 2774 sed
1675 2745 1864 2788 utrumque
1880 2738 1982 2776 nobis
1995 2739 2219 2779 fastidiosum

1232 2810 1293 2839 est.
1317 2801 1356 2839 Si
1374 2809 1491 2838 autem
1509 2799 1594 2848 hoc,
1615 2812 1696 2836 cum
1715 2799 1751 2836 in
1770 2813 1917 2852 corpore
1933 2800 2082 2851 accidit,
2101 2803 2219 2853 gravis

1232 2861 1348 2899 morbi
1363 2860 1537 2898 indicium
1556 2868 1589 2896 et
1605 2873 1709 2897 causa
1725 2868 1776 2897 est
1792 2875 1799 2895 :
1822 2860 1936 2898 multo
1958 2861 2072 2912 magis
2088 2862 2124 2899 in
2144 2863 2220 2900 ani—

1231 2937 1300 2960 ma.
1327 2921 1513 2968 Quomodo
1536 2919 1648 2972 igitur
1673 2919 1773 2957 illam
1798 2921 1934 2973 lapsam
1955 2930 1988 2959 et
2007 2922 2218 2961 dissolutam

1230 2983 1362 3034 erigere
1379 2981 1603 3034 poterimus?
1620 2980 1749 3032 quibus
1770 2981 1965 3033 operibus?
1987 2983 2118 3033 quibus
2138 2998 2217 3022 ver-

1229 3045 1311 3083 bis?
1338 3044 1376 3082 Si
1401 3043 1544 3082 divinos
1568 3056 1765 3091 sermones,
1786 3043 2031 3094 propheticos,
2052 3046 2218 3097 apostoli-

2274 3084 2338 3111 Cibi
2355 3085 2421 3111 ani-

1230 3120 1303 3155 COS,
1329 3104 1549 3156 evangelicos
1578 3103 1735 3153 aliosque
1752 3117 1874 3141 omnes
1893 3112 2091 3143 tractemus.
2115 3107 2218 3144 Tunc
2233 3126 2416 3163 inacquisini.

1254 3256 1266 3271 a
1283 3244 1385 3278 Savil.
1402 3250 1450 3278 καὶ
1467 3248 1480 3279 ὁ
1497 3252 1652 3290 προφήτης
1668 3247 1699 3278 δέ
1711 3260 1804 3289 φησιν,
1821 3250 1866 3279 ὅτι
1880 3250 1907 3278 ἐν
1920 3255 1972 3289 τῷ.
1990 3245 2090 3278 Secus
2101 3247 2216 3281 Morel.

1255 3299 1271 3322 b
1288 3304 1336 3332 καί
1350 3295 1414 3329 hoc
1429 3304 1462 3329 et
1479 3307 1614 3338 sequeus
1627 3295 1718 3329 deest
1734 3297 1767 3329 in
1785 3295 1897 3329 Morel.

1992 3413 2035 3447 Η)
