2481 3678
751 218 791 247 tx
827 218 1035 248 Josmmssm
1074 216 1229 246 immun.
1267 215 1372 245 xcv.
1411 200 1471 244 ah

160 301 273 338 αὐτῶν
292 298 476 351 θεραπείας
489 326 499 345 ,
528 299 605 338 οὐδὲ
631 298 646 320 ‘¹
661 300 702 338 δι’
721 301 849 338 οἰκείαν
869 300 991 352 χρείαν
1025 313 1178 350 παραγε·

157 361 309 411 νόμενον,
329 360 419 398 ἀλλὰ
451 360 509 398 διὰ
533 361 596 407 τὴν
619 360 758 399 ἐκείνων
776 360 969 413 σωτηρίαν,
985 362 1022 398 οὗ
1043 359 1100 397 διὰ
1114 357 1177 404 τὴν

155 424 238 473 παρ’
262 424 375 460 αὐτῶν
391 421 509 472 τιμήν.
540 421 659 474 ‘'O-rte?
678 423 737 461 καὶ
769 424 804 460 ἐν
824 425 866 473 τῇ
887 419 1041 472 προτέρᾳ
1061 420 1177 468 δημη-

152 482 253 534 γορίᾳ
270 483 386 535 φησὶν,
402 482 455 520 ὅτι
473 482 584 527 Δόξαν
604 482 701 535 παρὰ
722 482 912 534 ἀνθρώπων
931 482 969 518 οὖ
985 478 1156 530 λαμὸάνω
1169 493 1176 500 ·

154 543 211 580 καὶ
230 543 348 592 πάλιν,
366 545 489 581 Ταῦτα
504 544 616 596 λέγω,
636 544 692 582 ἵνα
714 547 812 595 ὑμεῖς
831 543 977 587 σωθῆτε.
1002 538 1092 578 Ἄνω
1109 539 1178 591 γὰρ

154 604 212 641 καὶ
234 603 331 642 κάτω
353 609 453 643 τοῦτο
471 606 658 650 σπουδάζει
684 604 835 649 εδεῖξαι,
854 601 907 640 ὅτι
927 601 983 639 διὰ
1006 600 1069 648 τὴν
1091 602 1178 638 ἐκεί-

153 680 219 702 νων
243 666 420 721 σωτηρίαν
454 667 672 720 παρεγένετο.
702 665 808 716 Λέγει
833 663 868 702 δὲ
897 662 957 702 καὶ
983 664 1033 713 τῷ
1059 662 1177 714 Πατρὶ

151 725 250 770 δόξαν
269 729 560 780 παρασκευάζειν,
585 727 676 766 ὥστε
694 726 888 768 ἀνύποπτος
905 725 1012 769 δόξαι.
1036 723 1107 762 Καὶ
1123 723 1176 761 ὅτι

151 787 208 826 διὰ
226 792 328 827 τοῦτο
356 789 462 833 οὕτως
483 783 570 834 εἷπε,
598 788 655 827 διὰ
679 789 748 825 τῶν
778 786 857 832 ἑξῆς
888 789 989 824 τοῦτο
1006 783 1173 837 σαφέστε-

151 863 208 901 ρον
227 850 463 903 ἀπεκάλυψεν·
483 850 529 889 ‘O
550 849 618 902 γὰρ
649 851 776 896 ζητῶν,
794 847 900 899 φησὶ,
913 846 953 885 τὸ
969 846 1105 897 θέλημα
1135 847 1174 885 τὸ

147 913 290 959 ἑαυτοῦ,
309 912 374 958 τὴν
389 911 488 956 δόξαν
504 911 568 958 τὴν
587 910 676 948 ἰδίαν
696 913 808 956 ζητεῖ·
824 912 842 947 ὁ
862 909 897 948 δὲ
917 911 1028 956 ζητῶν
1042 908 1103 956 τὴν
1122 909 1174 947 δό-

148 970 208 1015 ξαν
228 976 288 1010 τοῦ
306 972 508 1025 πέμψαντος
526 972 644 1019 αὐτὸν,
663 971 794 1018 ἀληθής
808 973 882 1009 ἐστι
893 1001 902 1019 ,
923 970 982 1008 καὶ
1002 972 1064 1008 οὐκ
1080 970 1173 1008 ἔστιν

144 1033 263 1072 ἀδικία
282 1036 317 1072 ἐν
337 1036 446 1087 αὐτῷ.
459 1036 573 1072 Τοῦτο
589 1033 625 1071 δέ
640 1035 714 1071 ε’στι
732 1033 772 1072 τὸ
788 1032 923 1083 θέλημα
943 1037 1002 1071 τοῦ
1015 1032 1171 1083 Πατρὸς,

143 1094 200 1132 ἵνα
227 1101 296 1139 πᾶς
323 1099 340 1134 ὃ
364 1097 501 1148 θεωρῶν
526 1095 584 1133 τὸν
604 1095 703 1143 Υἱὸν,
720 1095 778 1133 καὶ
797 1093 969 1133 πιστεύων
989 1095 1036 1136 εἷς
1054 1093 1170 1140 αὐτὸν,

143 1155 206 1208 ἔχῃ
234 1156 324 1204 ζωὴν
345 1156 497 1206 αἰώνιον,
512 1157 572 1195 καὶ
603 1156 789 1202 ἀναστήσω
806 1155 908 1193 αὐτὸν
928 1156 962 1192 ἐν
979 1157 1022 1205 τῇ
1036 1154 1169 1206 ἐσχάτῃ

143 1216 274 1269 ἡμέρᾳ.
303 1220 336 1256 Τ
341 1218 351 1255 ί
377 1217 508 1265 δήποτε
537 1219 690 1270 συνεχῶς
722 1217 794 1255 ἄνω
825 1215 883 1254 καὶ
908 1215 1004 1254 κάτω
1031 1215 1170 1268 στρέφει

142 1277 206 1326 τὴν
235 1279 424 1317 ἀνάστασιν
440 1295 449 1326 ;
467 1278 544 1316 Ἵνα
565 1278 614 1329 μὴ
633 1284 704 1321 τοῖς
722 1281 870 1330 παροῦσι
885 1276 1070 1329 πράγμασι
1090 1276 1171 1328 κρί-

143 1355 228 1378 νωσι
249 1339 352 1390 μόνον
372 1340 438 1387 τὴν
452 1344 512 1378 τοῦ
540 1342 633 1378 Θεοῦ
651 1339 834 1393 πρόνοιαν·
864 1338 920 1376 ἵνα
939 1338 1004 1376 κᾶν
1024 1339 1171 1376 ἐνταῦθα

144 1400 192 1451 μὴ
225 1401 450 1450 ἀπολαύωσι,
481 1400 530 1452 μὴ
552 1400 609 1440 διὰ
627 1404 728 1438 τοῦτο
743 1399 952 1451 ὑπτιώτεροι
981 1399 1172 1450 γένωνται,

142 1462 231 1500 ἀλλὰ
262 1462 306 1501 τὰ
342 1462 515 1513 μέλλοντα
544 1462 708 1506 ἐλπίζωσι
721 1492 731 1510 ,
751 1461 812 1500 καὶ
840 1460 896 1498 ἵνα
917 1460 965 1511 μὴ
987 1459 1044 1498 διὰ
1059 1460 1099 1498 τὸ
1120 1461 1169 1511 μὴ

139 1523 345 1568 κολάζεσθαι
361 1524 446 1576 πρὸς
469 1524 509 1564 τὸ
524 1524 648 1575 παρὸν,
669 1524 774 1561 αὐτοῦ
793 1523 1070 1574 καταφρονῶσιν,
1091 1523 1168 1560 ἀλλ’

139 1584 260 1637 ἑτέραν
280 1585 502 1637 προσδοκῶσι
520 1584 625 1631 ζωήν.

138 1709 239 1746 δᾶναι
259 1708 512 1759 σπουδάσωμεν
540 1711 579 1747 ἐκ
596 1712 654 1747 τοῦ
674 1709 824 1760 συνεχῶς
840 1707 920 1760 περὶ
942 1707 1167 1752 ἀναστάσεως

138 1769 369 1821 διαλέγεσθαι.
392 1769 466 1808 Κᾶν
485 1771 737 1817 πλεονεκτῆσαι
759 1771 997 1820 βουληθῶμεν,
1018 1769 1082 1807 κᾶν
1103 1770 1166 1821 ἆρ-

136 1830 269 1878 πάσαι,
291 1830 355 1869 κᾶν
385 1830 512 1869 ἄτοπόν
539 1846 574 1869 τι
600 1830 750 1885 πρᾶξαι,
784 1830 909 1874 εὐθέως
939 1830 1001 1878 τὴν
1031 1831 1162 1884 ἡμέραν

135 1892 268 1940 ἐκείνην
285 1894 332 1936 εἷς
344 1896 420 1930 νοῦν
434 1891 687 1944 λαμὸάνωμεν,
702 1892 762 1930 καὶ
781 1892 820 1930 τὸ
839 1892 1062 1944 δικαστήριον
1078 1895 1164 1931 ὓπο-

134 1954 336 2006 γράφωμεν·
366 1954 425 1992 καὶ
453 1954 581 1996 παντὸς
607 1955 753 2006 χαλινοῦ
780 1953 1007 2006 σφοδρότερον
1027 1954 1163 2000 καθέξει

133 2014 197 2062 τὴν
213 2015 325 2067 ὁρμὴν
343 2015 407 2063 τὴν
438 2015 567 2054 ἄτοπον
591 2019 609 2055 ὃ
637 2015 804 2067 λογισμὸς
823 2010 932 2060 οὗτος.
954 2017 1024 2054 Καὶ
1045 2017 1160 2068 λέγω-

133 2092 198 2126 μεν
217 2075 330 2129 1’πρὸς
351 2077 477 2121 ἄλλους
496 2093 534 2116 τε
556 2078 610 2116 ἀεὶ
641 2077 700 2116 καὶ
730 2078 816 2129 πρὸς
835 2078 991 2122 ἑαυτούς·
1009 2078 1161 2117 ἀνάστα-

133 2137 186 2181 σίς
204 2138 298 2184 ἔστι,
321 2137 382 2176 καὶ
412 2138 636 2190 δικαστήριον
656 2142 751 2189 ἡμᾶς
772 2139 869 2189 με’νει
901 2139 1061 2192 φοὸερόν.
1084 2139 1160 2177 Κᾶν

130 2198 259 2250 ἴδωμέν
277 2215 355 2237 τινα
368 2198 616 2253 γαυρούμενον,
644 2199 703 2237 καὶ
724 2200 781 2238 ἐπὶ
799 2205 870 2244 τοῖς
884 2204 1054 2253 παροῦσιν
1075 2202 1160 2252 ἀγα-

129 2262 199 2303 θοῖς
218 2260 496 2312 φλεγμαίνοντα,
517 2261 557 2299 τὸ
579 2261 663 2299 αὐτὸ
683 2262 914 2314 ἓπιλέγωμεν,
935 2261 1160 2315 ἐμφαίνοντες

129 2320 181 2358 ὅτι
198 2320 314 2359 πάντα
336 2323 484 2360 ἐνταῦθα
508 2322 626 2374 μένει·
649 2323 714 2361 κᾶν
735 2323 852 2375 ἕτερον
869 2325 1043 2375 ἀλγοῦντα
1075 2323 1156 2362 ἴδω·
1200 2344 1206 2356 ι

130 2397 192 2432 μεν
214 2382 274 2420 καὶ
304 2384 632 2431 ἀποδυσπετοῦντα,
661 2384 722 2422 καὶ
749 2384 835 2438 πρὸς
866 2386 994 2423 ἐκεῖνον
1015 2385 1054 2423 τὸ
1074 2385 1157 2423 αὐτὸ

128 2443 358 2494 φθεγγώμεθα
368 2473 377 2490 ,
396 2445 578 2490 δηλοῦντες
592 2444 645 2482 ὅτι
655 2445 751 2488 τέλος
766 2445 834 2490 ἕξει
851 2446 896 2483 τὰ
908 2446 1060 2499 λυπηρά.
1081 2445 1157 2484 Κᾶν

130 2507 350 2556 ῥᾳθυμοῦντα
373 2505 432 2542 καὶ
449 2505 710 2557 διακεχυμένον,
731 2507 771 2545 τὸ
787 2508 871 2545 αὐτὸ
890 2507 996 2544 πάλιν
1016 2506 1158 2559 ἐπᾴδω-

132 2581 206 2615 μεν,
224 2567 407 2612 δηλοῦντες
424 2565 476 2604 ὅτι
502 2566 650 2617 ἀνάγκη,
670 2570 732 2613 τῆς
753 2567 923 2620 ῥᾳθυμίας
940 2567 1082 2612 εὐθύνας
1102 2570 1157 2607 δι-

133 2626 241 2664 δόναι.
265 2626 398 2665 Ἱκανὸν
418 2631 520 2665 τοῦτο
539 2628 578 2666 τὸ
599 2630 694 2680 ῥῆμα
720 2628 850 2672 παντὸς
864 2629 1049 2680 φαρμάκου
1068 2634 1157 2681 μᾶλ-

130 2688 190 2725 λον
210 2687 272 2735 τὴν
294 2689 468 2742 ἡμετέραν
488 2692 699 2740 θεραπεῦσαι
715 2689 848 2741 ψυχήν.
876 2691 947 2728 Καὶ
966 2690 1034 2743 γάρ
1063 2693 1157 2730 ἐστιν

131 2748 340 2796 ἀνάστασις,
353 2750 412 2788 καὶ
428 2749 618 2793 ἀνάστασις
639 2750 696 2788 ἐπὶ
715 2750 848 2803 θύραις,
864 2753 902 2789 οὐ
920 2752 1057 2804 μακρὰν
1077 2752 1154 2791 οὐδὲ

129 2810 261 2862 πόῤῥω.
280 2810 362 2850 Ἔτι
384 2811 451 2863 γὰρ
465 2812 623 2864 ρμικρὸν,
643 2811 728 2865 φησὶ
747 2813 907 2860 Παῦλος,
930 2816 947 2851 ὁ
968 2813 1154 2866 ἐρχόμενος

127 2871 223 2921 ἥξει,
240 2873 299 2911 καὶ
312 2875 350 2912 οὒ
361 2879 512 2927 χρονιεῖ·
532 2874 591 2912 καὶ
605 2874 724 2921 πάλιν,
737 2874 880 2918 Πάντας
892 2878 986 2925 ἡμᾶς
1000 2891 1154 2929 φανερω-

129 2935 231 2979 θῆναι
250 2934 300 2971 δεῖ
321 2933 515 2986 ἔμπροσθεν
539 2939 600 2973 τοῦ
619 2935 777 2987 βήματος
803 2939 863 2973 τοῦ
882 2937 1035 2989 Χριστοῦ
1047 2953 1054 2961 ·
1072 2953 1151 2976 του-

128 2993 246 3042 τέστι,
269 2994 329 3033 καὶ
355 2995 526 3049 πονηροὺς
558 2996 619 3034 καὶ
653 2996 822 3048 ἀγαθοὺς,
839 2997 897 3035 ἵνα
924 2999 1075 3037 κάκεῖνοι
1096 3000 1153 3037 ἐπὶ

127 3055 268 3093 πάντων
292 3055 526 3108 αἰσχύνωνται
535 3087 545 3105 ,
578 3058 638 3096 καὶ
677 3052 771 3096 οὗτοι
797 3059 903 3097 πάλιν
934 3059 990 3099 ἐπὶ
1011 3060 1152 3099 πάντων

1183 1611 1230 1635 2υ7

192 1646 283 1685 Ἀλλ’
301 1647 409 1685 εἶκαὶ
441 1648 565 1685 ἐκεῖνοι
590 1645 685 1685 οὐδὲν
706 1645 905 1698 ἐκέρδαναν,
925 1649 1048 1696 ὅὴμεῖς
1081 1662 1166 1697 κερ·
1194 1649 1218 1677 Α

1509 215 1633 244 Χιηα
2140 207 2229 265 507

1251 299 1367 346 cipi0‚·
1384 304 1417 333 et
1440 295 1584 346 iterum,
1601 296 1699 334 Jloec
1721 297 1820 343 dico,
1845 305 1884 335 ut
1908 311 1979 336 vos
2010 299 2110 336 salvi
2138 304 2230 339 sitis.

1252 357 1400 410 Semper
1421 358 1515 396 enim
1528 368 1562 396 et
1586 358 1718 410 ubique
1738 359 1808 397 hoc
1829 360 2010 398 ostendere
2031 362 2173 413 satagit,
2198 379 2233 401 sc

1251 419 1397 458 illorum
1410 421 1533 459 salutis
1555 435 1660 459 causa
1672 421 1820 460 venisse.
1842 422 1939 460 Dicit
1950 432 2068 462 autem
2081 438 2117 461 se
2137 426 2233 462 Patri

1252 481 1404 533 gloriam
1419 497 1556 536 parare,
1577 492 1616 521 ut
1640 484 1732 521 nulli
1757 483 1803 522 sit
1825 484 2020 537 suspicioni
2040 486 2229 524 obnoxius.

1253 543 1363 591 Quod
1379 553 1497 582 autem
1513 544 1594 582 ideo
1607 545 1658 583 sic
1674 545 1844 595 loquutus
1872 545 1931 596 sit,
1950 546 1985 584 in
2007 546 2235 597 sequentibus

1251 605 1429 643 ostendit:
1450 607 1524 657 Qui
1540 606 1784 644 voluntatem
1803 620 1914 645 suam
1933 610 2082 660 quoerit,
2099 608 2231 659 inquit,
2248 615 2428 652 Joan‚7.1›3.

1248 666 1415 717 gloriam
1445 670 1643 720 propriam
1677 671 1835 721 quaerit;
1856 672 1922 721 qui
1946 678 2074 708 autem
2097 674 2234 721 quaerit

1249 727 1416 778 gloriam
1448 731 1530 782 ejus
1553 731 1620 783 qui
1643 731 1747 767 misit
1767 729 1892 777 illum,
1916 731 1982 769 hic
2002 745 2127 769 verax
2160 740 2230 778 est,

1249 796 1285 824 et
1299 790 1497 841 injusticia
1513 792 1554 828 in
1574 790 1643 828 illo
1664 804 1742 828 non
1760 799 1829 829 est.
1848 792 1943 829 Hoec
1953 800 2010 830 est
2023 801 2153 830 autem
2165 806 2234 830 vo-

1250 848 1382 888 luntas
1401 852 1551 898 Patris,
1596 859 1637 889 ut
1657 854 1781 891 omnis
1801 855 1867 905 qui
1882 854 1992 891 vitiet
2012 854 2173 900 Filium,
2197 862 2232 891 et

1248 911 1370 948 credit
1388 913 1431 949 in
1449 925 1548 960 eum,
1574 913 1716 951 habeat
1736 916 1862 951 vitam
1884 923 2082 962 oeternam,
2110 924 2147 953 et
2165 928 2233 967 ego

1247 975 1484 1011 resuscitabo
1505 988 1591 1011 eum
1618 977 1661 1012 in
1678 978 1885 1014 novissimo
1899 977 1973 1014 die.
1995 977 2068 1014 Cur
2080 986 2150 1015 tam
2162 978 2232 1015 fre-
2264 986 2322 1013 Cu·-
2335 987 2431 1014 Chri-

1247 1042 1394 1084 quenter
1403 1035 1697 1074 resurrectionem
1716 1037 1912 1076 memorat?
1932 1039 1986 1076 Ne
1998 1038 2231 1090 praesentibus
2244 1034 2432 1097 δᾟζςῑῖζίἓζζ

1245 1094 1361 1132 solum
1387 1095 1423 1133 in
1440 1096 1545 1134 rebus
1563 1096 1629 1134 Dei
1650 1097 1914 1149 providentiam
1933 1108 2090 1137 statuant
2110 1115 2118 1136 ε
2141 1109 2180 1137 ut
2202 1100 2230 1138 si
2244 1121 2316 1148 saepe
2368 1122 2431 1138 mo-

1246 1154 1305 1192 hic
1327 1155 1429 1193 bonis
1452 1170 1522 1194 non
1544 1157 1722 1206 fruantur,
1751 1172 1794 1197 ne
1824 1158 1905 1198 ideo
1939 1160 2115 1212 segniores
2142 1161 2228 1211 sint,
2244 1160 2352 1182 ’ΜΠ-Ἰ·

1210 1243 1220 1253 ,
1246 1217 1308 1255 sed
1323 1218 1443 1255 futura
1463 1228 1622 1271 sperent,
1640 1220 1720 1258 etsi
1739 1220 1779 1258 in
1803 1222 1967 1274 praesenti
1991 1236 2061 1260 non
2077 1223 2230 1274 punian-

1246 1284 1318 1325 tur,
1338 1290 1381 1314 ne
1401 1277 1520 1329 ipsum
1552 1287 1788 1329 contemnant,
1808 1280 1871 1319 sed
1890 1280 1997 1319 aliam
2029 1291 2232 1333 exspectent

1247 1345 1369 1374 vitam.

1296 1644 1335 1680 4.
1360 1645 1498 1682 Verum
1516 1642 1547 1680 si
1567 1642 1621 1680 illi
1641 1643 1734 1681 nihil
1750 1643 1880 1682 lucrati
1899 1652 1995 1692 sunt,
2016 1657 2079 1682 nos
2097 1643 2229 1683 lucrari

1241 1703 1462 1753 studeamus,
1495 1703 1540 1741 de
1559 1703 1815 1741 resurrectione
1835 1717 1926 1756 saepe
1959 1704 2155 1754 loquentes.
2192 1707 2229 1744 Si

1239 1764 1448 1814 ditescendi,
1484 1764 1662 1816 rapiendi,
1698 1773 1760 1801 aut
1777 1778 1932 1816 pravum
1951 1764 2039 1815 quid
2076 1765 2228 1804 faciendi

1238 1824 1403 1862 voluntas
1432 1823 1571 1874 subeat,
1597 1823 1718 1861 statim
1754 1823 1851 1861 diem
1878 1824 1979 1861 illam
2019 1825 2227 1876 cogitemus,

1238 1895 1271 1924 et
1291 1886 1448 1925 tribunal
1480 1886 1575 1924 illud
1591 1885 1693 1924 nobis
1713 1884 1977 1926 describamus;
1995 1885 2142 1937 haecque
2169 1901 2228 1925 co-

1236 1948 1361 2000 gitatio
1393 1947 1586 1996 efficacius,
1624 1961 1733 1998 quam
1759 1947 1900 1984 frenum
1930 1947 2131 1998 quodlibet,
2153 1949 2226 1986 ani-

1235 2010 1286 2048 mi
1318 2009 1429 2047 nostri
1465 2009 1639 2061 impetum
1676 2008 1860 2047 coercebit.
1883 2008 1931 2046 Et
1948 2008 2030 2046 aliis
2060 2018 2093 2046 et
2124 2009 2226 2048 nohis

1235 2085 1372 2124 semper
1401 2071 1564 2110 dicamus
1585 2085 1592 2106 :
1626 2069 1850 2108 Resurrectio
1886 2079 1938 2107 est
1954 2099 1964 2119 ,
2002 2079 2036 2108 et
2067 2070 2226 2109 terribile

1234 2132 1393 2170 tribunal
1429 2146 1492 2170 nos
1526 2140 1655 2170 manet.
1679 2131 1718 2170 Si
1739 2131 1945 2183 quempiam
1963 2131 2085 2169 laetum
2118 2141 2151 2170 et
2179 2132 2224 2170 de

1236 2194 1469 2245 praesentibus
1487 2193 1591 2232 bonis
1615 2201 1810 2230 tumentem
1828 2191 2029 2243 videamus,
2065 2192 2223 2245 idipsum

1233 2255 1412 2305 dicamus,
1429 2255 1650 2293 declarantes
1665 2253 1784 2291 omnia
1797 2252 1857 2291 hic
1876 2267 1948 2291 esse
1961 2267 2127 2291 mansura
2138 2270 2150 2304 5
2169 2254 2221 2292 sin

1233 2317 1346 2354 alium
1355 2315 1532 2354 dolentem
1543 2314 1780 2364 aerumnisque
1789 2327 1951 2365 pressum
1962 2313 2160 2362 videamus,
2168 2314 2222 2352 id-

1233 2377 1418 2429 ipsumilli
1438 2384 1739 2428 repraesentemus,
1749 2387 1874 2425 nempe
1894 2374 1969 2411 haec
1979 2373 2091 2411 tristia
2112 2374 2220 2413 finem

1232 2439 1400 2477 habitura
1432 2451 1522 2486 esse,
1547 2436 1601 2473 sin
1620 2434 1788 2487 supinum
1815 2443 1849 2472 et
1873 2434 2038 2485 effusum,
2060 2435 2219 2487 idipsum

1234 2497 1288 2534 illi
1306 2496 1523 2545 aecinamus,
1546 2494 1665 2547 ipsum
1684 2507 1809 2545 nempe
1830 2492 1992 2543 segnitiei
2013 2508 2085 2531 suae
2098 2507 2220 2545 poenas

1233 2559 1414 2597 daturum.
1432 2558 1508 2595 Hoc
1523 2556 1659 2594 dictum
1673 2555 1754 2607 plus
1773 2569 1882 2605 quam
1895 2553 2072 2592 medicina
2085 2556 2220 2606 quaevis

1232 2619 1387 2657 animam
1403 2627 1559 2656 nostram
1579 2615 1731 2654 curabit.
1745 2614 1810 2653 Est
1831 2613 1926 2652 enim
1945 2615 2169 2664 resurrectio,
2185 2625 2219 2654 et

1233 2679 1442 2718 resurrectio
1458 2679 1494 2716 in
1503 2677 1623 2730 januis
1634 2685 1697 2726 est,
1708 2690 1778 2715 non
1794 2675 1918 2728 procul
1931 2675 2056 2728 posita.
2070 2676 2113 2714 A
2115 2678 2164 2715 dlz
2171 2691 2216 2716 uc
2228 2685 2320 2715 Heln.
2345 2693 2391 2715 10.

1230 2745 1330 2780 enim
1351 2741 1558 2785 modicum,
1594 2737 1713 2789 inquit
1748 2737 1897 2788 Paulus,
1931 2740 1999 2790 qui
2027 2747 2214 2777 venturus
2227 2727 2279 2764 37.

1229 2812 1286 2842 est
1312 2805 1454 2848 veniet,
1477 2809 1514 2839 et
1531 2813 1610 2837 non
1629 2799 1803 2837 tardabit
1814 2815 1829 2844 ,·
1846 2807 1879 2836 et
1894 2812 2054 2848 rursum,
2074 2801 2214 2839 Omnes
2228 2814 2255 2836 2.
2276 2806 2344 2836 Cor.
2362 2808 2390 2837 5.

1229 2871 1375 2916 oportet
1397 2875 1465 2900 nos
1485 2862 1734 2913 manifestari
1752 2868 1844 2897 ante
1863 2860 2038 2897 tribunal
2051 2861 2196 2899 Christi
2197 2878 2212 2905 ,-
2230 2856 2277 2877 ¹⁰·

1227 2925 1267 2963 id
1286 2933 1350 2972 est,
1382 2932 1416 2962 et
1434 2923 1548 2961 malos
1567 2930 1600 2959 et
1633 2921 1765 2971 bonos,
1787 2920 1883 2971 illos,
1904 2930 1944 2958 ut
1964 2934 2082 2958 coram
2101 2921 2213 2959 omni-

1226 2988 1294 3025 hus
1313 2984 1508 3038 ignominia
1525 2983 1729 3021 afficiantur
1741 2998 1754 3033 3
1772 2982 1849 3031 hos,
1864 2991 1903 3020 ut
1915 2996 2034 3021 coram
2047 2983 2211 3021 omnibus

1226 3046 1485 3101 splendidiores
1503 3045 1667 3084 evadant.
1691 3043 2004 3093 Quemadmodum
2031 3044 2126 3083 enim
2145 3045 2209 3096 ju—

127 3117 366 3169 λαμπρότεροι
389 3117 572 3168 γένωνται.
601 3119 770 3173 Καθάπερ
790 3120 859 3173 γὰρ
879 3123 910 3159 οἱ
932 3124 1078 3161 ἐνταῦθα
1100 3124 1150 3160 δι-
1177 3121 1202 3153 C
1225 3115 1323 3153 dices
1334 3114 1394 3152 hic
1413 3113 1524 3152 malos
1543 3112 1663 3165 palam
1683 3112 1850 3164 puniunt,
1870 3111 1980 3149 bonos
2000 3111 2143 3163 publice
2158 3112 2210 3148 af-

128 3177 287 3221 κάζοντες
311 3178 370 3216 καὶ
397 3178 569 3233 πονηροὺς
601 3180 804 3230 κολάζουσι,
841 3183 900 3220 καὶ
933 3182 1082 3234 ἀγαθοὺς
1107 3200 1157 3221 τι-

171 3297 188 3320 d
212 3296 275 3328 Alii
295 3299 330 3331 δι’
347 3303 455 3332 οἰκείαν
472 3302 617 3335 διακονίαν
634 3316 750 3347 παραγ,

170 3355 181 3368 ²
206 3350 326 3391 [πεῖσαι
351 3362 412 3392 pro
440 3354 529 3391 δεῖξαι
553 3352 653 3386 Savil.
679 3361 710 3386 et
732 3352 841 3386 codd.
860 3355 1034 3387 nostr'1.Et
1060 3366 1137 3387 mox

128 3400 215 3434 idem
242 3405 312 3438 εἶναι
328 3414 388 3446 pro
407 3406 515 3446 Minu]

1229 3183 1355 3221 ficiunt
1371 3181 1526 3220 honore:
1547 3180 1598 3222 sic
1617 3188 1651 3217 et
1679 3179 1756 3217 illic
1773 3179 1855 3227 fiet;
1878 3179 1924 3216 ita
1943 3187 1980 3215 ut
2002 3178 2070 3215 illis
2094 3177 2209 3229 pudor

1247 3314 1260 3328 ί*
1283 3301 1346 3335 Alii
1364 3306 1446 3344 ἡμεῖς
1462 3304 1659 3346 κερδάνωμεν.

1249 3357 1266 3381 b
1285 3352 1431 3395 Quidam
1450 3359 1520 3398 πρὸς
1536 3356 1693 3390 ἀλλήλοις.

1250 3417 1262 3432 0
1285 3405 1384 3440 Savil.
1404 3411 1509 3451 μικρὸν
1525 3410 1591 3439 ὅσον
1609 3408 1622 3439 ὀ
1638 3409 1807 3449 ἐρχόμενος-
