2522 3683
42 643 208 673 Maul1.3.

47 683 158 721 1415.

36 1164 102 1190 ὴν.
116 1162 176 1192 ῐ.6.
195 1170 224 1198 7.

35 1373 139 1400 Exest.
157 1371 187 1410 ί..

40 1413 86 1441 ι3.
112 1423 156 1442 ιο.

35 1589 219 1621 Joan.13.8.

34 1899 207 1933 skal-141.

35 1940 65 1968 6.
84 1940 175 1969 ct15.
190 1940 221 1969 5.

38 2055 222 2095 bledo-42.

41 2275 225 2307 Deue.32.8.

58 3279 148 3303 donn.
189 3274 235 3303 13,

61 3327 106 3349 Η-
120 3323 148 3345 ²2
165 3317 244 3345 15-3-
261 3332 352 3368 opus
367 3318 479 3353 habet
499 3316 572 3351 nisi
588 3321 629 3350 ut
646 3312 758 3363 pedes
776 3311 891 3347 lavet.
908 3311 1000 3347 Jam
1017 3325 1087 3348 ‘vos
1105 3314 1239 3348 mundi

57 3429 135 3457 llud.
154 3427 198 3455 13.

100 3478 213 3498 .—-iu.

243 223 338 288 926

45 321 393 370 Rom-12·15·Paulus,
432 321 612 359 Gaudere
648 333 734 359 cum
767 319 1037 372 gaudentibus,
1042 319 1227 408 1,ριῄιιιιειτο
1798 362 1804 368 ῃ

1077 385 1118 410 oc
1132 372 1225 409 enim
1238 369 1542 417 245νηστευόντων,
1576 369 1708 407 κλαίειν
1740 368 1829 420 μετὰ
1862 369 2063 407 κλαιόντων.
2095 371 2208 407 Τοῦτο
2246 370 2316 422 γάρ

44 441 74 502 Ξ.
93 434 164 463 Cor.
184 442 230 462 ιο.
245 437 295 465 est
326 425 419 476 quod
451 425 539 464 dicit
564 426 826 464 Pa11l11528ive
857 424 1115 471 manducatis,
1147 427 1227 462 sive
1251 426 1274 455 A
1297 424 1390 460 ἐστιν
1419 423 1436 461 ὃ
1467 421 1561 473 λέγει
1590 423 1746 464 Παῦλος·
1778 421 1861 459 Εἴτε
1894 421 2042 468 ἐσθίετε,
2066 421 2145 476 ξῖτε
2180 421 2317 468 πίνετε,

72 483 96 503 Ι.

245 389 326 413 cum
343 373 592 424 jejunantibuS,
608 372 703 421 flere
720 387 806 411 cum
823 372 1017 422 flentibus.

247 482 388 526 bibitis,
421 482 551 516 omnia
581 479 635 516 ad
664 479 830 530 gloriam
856 479 932 515 Dei
951 478 1094 530 facite.
1128 476 1228 514 Nihil

244 545 327 583 ergo
364 532 497 583 profuit
530 531 634 569 Petro
673 530 870 582 pervicacia
903 545 911 565 z
948 530 1062 567 soluta
1094 529 1228 582 quippe

245 585 331 633 suit,
350 593 388 621 ut
414 585 449 622 in
476 583 566 621 aliis.
585 584 736 629 Quando
757 582 919 620 Christus
944 581 1042 621 venit
1057 591 1096 620 ut
1109 582 1228 634 bapti-

244 646 395 686 zaretur,
413 636 506 674 dixit
525 635 555 673 ei
575 636 734 688 Baptista
756 651 763 671 :
780 637 961 681 Domine,
978 649 1046 687 ego
1066 649 1091 673 a
1111 644 1146 672 te
1164 636 1227 673 de-

244 692 313 727 beo
327 691 529 740 baptizari,
549 697 585 725 et
607 697 647 726 tu
665 690 775 726 venis
795 689 849 725 ad
863 692 950 725 me?
967 688 1064 726 Dicit
1077 688 1131 725 illi
1145 688 1222 726 Ser-

243 742 472 780 vatortSine
498 742 625 778 modo.
647 741 700 778 Ne
725 740 935 787 contendas,
961 755 1004 778 ne
1030 754 1224 792 repugnes,

241 795 323 845 quia
340 794 462 832 divina
478 803 529 831 est
544 794 730 842 voluntas;
749 807 792 831 ne
817 802 897 831 ante
910 803 1052 845 tempus
1070 793 1225 844 dignita-

240 856 310 884 tem
344 847 496 895 reveles,
525 846 600 884 sinc
634 860 691 883 me
721 845 883 883 ordinem
907 846 1058 898 replere,
1086 855 1119 883 et
1143 860 1226 883 vere

240 899 422 937 ostendere
444 913 500 937 me
518 899 699 936 hominem
724 899 950 948 assumsisse,
970 908 1009 936 ut
1027 913 1090 950 per
1103 898 1224 936 homi-

239 965 319 990 nem
332 966 470 1001 verum,
486 953 603 989 Deum
615 965 741 990 verum
757 951 958 989 exhibeam.
973 952 1098 989 Solum
1113 950 1221 999 dixit,

238 1005 327 1042 Sine
353 1006 481 1051 modo,
505 1013 538 1042 ct
552 1004 671 1042 statim
687 1004 863 1052 significat
880 1004 1109 1054 evangelista,
1133 1012 1224 1040 tunc

239 1058 385 1095 dimisit
403 1072 487 1095 eum
498 1057 687 1109 baptizari.
705 1056 895 1094 Contendit
912 1065 951 1092 ut
971 1056 1052 1107 pius
1064 1084 1073 1102 ,
1090 1065 1123 1093 et
1142 1055 1224 1092 obe-

240 1110 334 1148 divit
355 1119 393 1147 ut
410 1110 606 1160 religiosus.
627 1109 686 1147 Sic
712 1118 746 1146 et
763 1108 933 1148 Jeremias
952 1122 1034 1145 cum
1049 1109 1124 1146 Deo
1141 1121 1222 1144 con-

241 1161 383 1200 tendit:
411 1164 486 1213 Qui
511 1176 550 1200 es
577 1162 809 1208 dominator,
841 1161 1022 1206 Domine,
1051 1168 1092 1198 tu
1121 1163 1225 1198 nosti

241 1217 346 1267 quod
355 1229 451 1266 puer
462 1229 559 1252 sum.
575 1215 630 1251 Et
643 1215 741 1250 dixit
754 1215 945 1251 Dominus
957 1214 1010 1250 ad
1025 1227 1059 1250 m
1078 1227 1085 1233 “
1099 1228 1110 1249 .·
1129 1213 1224 1250 Noli

239 1269 378 1314 dicere,
395 1269 500 1304 Puer
511 1280 609 1312 sum,
627 1269 720 1319 quia
734 1267 788 1304 ad
798 1279 893 1317 quos
909 1274 945 1303 te
957 1268 1121 1311 mittam,
1136 1267 1221 1303 ibis.

238 1320 354 1357 Solvit
384 1319 621 1371 pervicaciam
651 1318 853 1356 auctoritas.
889 1320 1045 1356 Rursum
1079 1319 1222 1370 Moyses

237 1373 365 1410 restitit
391 1372 514 1409 dicens
531 1387 538 1408 ε
559 1373 760 1409 Constitue
785 1371 907 1408 alium
923 1386 933 1406 .·
953 1385 1044 1408 nam
1063 1371 1222 1422 gracilis

237 1439 333 1463 voce
357 1433 394 1463 et
424 1425 558 1463 tardus
588 1425 722 1476 lingua
747 1438 845 1462 sum.
869 1426 916 1461 At
941 1437 1010 1461 non
1030 1423 1132 1461 cessit
1148 1423 1220 1461 ille.

289 1530 327 1568 5.
344 1529 414 1567 Sed
429 1528 476 1566 ad
493 1528 715 1581 propositum
732 1536 964 1566 revertamur.
980 1526 1080 1564 Dicit
1094 1527 1222 1566 Serva-

235 1584 404 1621 tommsi
419 1582 550 1619 lavero
561 1582 675 1632 pedes
692 1590 787 1629 tuos,
804 1594 882 1617 non
900 1581 1058 1618 habebis
1073 1588 1222 1630 partem

238 1649 398 1674 meeum.
430 1634 524 1671 Hinc
546 1634 698 1671 sciamus
725 1642 864 1685 oportet
895 1641 1033 1683 partem
1061 1632 1223 1669 fidelium

236 1703 308 1726 esse
325 1689 456 1735 Deum,
479 1696 512 1724 et
531 1695 667 1738 partem
694 1687 760 1723 Dei
788 1699 861 1723 esse
887 1684 1019 1722 fideles.
1042 1684 1224 1722 Nimirum

237 1750 330 1779 totus
357 1739 511 1778 mundus
530 1739 594 1776 Dei
614 1747 679 1787 est,
697 1738 818 1775 fideles
843 1746 962 1774 autem
989 1737 1088 1775 novit
1115 1738 1222 1774 Deus.

237 1795 352 1832 Totus
373 1792 541 1839 mundus,
564 1791 677 1841 inquit
691 1820 700 1837 ,
724 1806 744 1827 a
761 1805 818 1828 me
837 1798 973 1827 creatus
989 1798 1041 1826 cst
1056 1805 1063 1825 :
1079 1798 1114 1826 at
1134 1789 1226 1827 nihil

236 1847 285 1884 ita
305 1860 403 1891 curo,
422 1854 461 1882 ut
479 1844 638 1881 fidelium
667 1852 815 1894 partem.
840 1842 923 1879 Ideo
943 1842 1064 1879 fideles
1090 1842 1224 1879 cluma-

236 1900 323 1937 bant
341 1908 380 1936 ut
399 1896 517 1935 David
536 1912 543 1932 :
564 1898 698 1934 Portio
724 1909 808 1932 mea
835 1896 1024 1932 Dominus
1054 1897 1096 1932 in
1122 1904 1226 1932 terra

238 1955 282 1989 rvi
286 1954 387 1990 venti
391 1965 455 1988 um
464 1966 476 1993 ,·
490 1958 524 1987 et
538 1962 679 1986 rursum
690 1963 696 1983 :
707 1949 899 1985 Dominus
927 1961 1019 1998 pars
1034 1948 1226 1984 heredita-

240 2008 287 2042 tis
317 2018 422 2041 meae.
448 2002 562 2039 Maria
592 2015 674 2039 vero
705 2000 826 2038 sedens
846 1999 893 2036 ad
919 1999 1026 2051 pedes
1058 1999 1224 2047 Domini,

239 2057 437 2095 doctrinam
455 2054 611 2102 audivit,
633 2062 666 2091 et
686 2053 736 2090 ait
759 2053 925 2090 Servator
943 2068 951 2088 :
969 2054 1102 2090 ,Μανία
1129 2055 1226 2104 opti—

240 2124 344 2147 mam
366 2117 516 2159 partem
532 2107 660 2158 elegit,
685 2120 769 2157 quoe
787 2119 864 2142 non
888 2106 1088 2155 auferetur
1103 2108 1151 2143 ab
1169 2119 1226 2143 ea.

240 2161 370 2201 Viden'
392 2160 553 2198 fidelium
579 2167 717 2210 partem
735 2172 807 2195 esse
828 2158 971 2195 Deum?
991 2158 1138 2196 Necesse
1165 2157 1228 2195 de-

241 2229 338 2252 mum
371 2222 422 2251 est
453 2211 658 2258 ostendere,
689 2210 869 2262 quomodo
899 2209 1022 2247 fideles
1050 2224 1131 2260 pars
1160 2210 1228 2249 Dei

242 2267 323 2305 sint.
340 2266 398 2304 Ait
417 2267 580 2317 Moyses:
599 2264 764 2313 Quando
784 2263 983 2300 dividebat
998 2261 1227 2301 Altissimus

241 2328 384 2372 gentes,
409 2319 587 2369 dispersit
604 2317 717 2369 filios
750 2314 885 2353 Adam
901 2318 1127 2352 :constituit
1156 2324 1229 2352 ter-

244 2376 367 2409 minos
384 2371 613 2423 populorum
626 2371 746 2421 juxta
775 2381 975 2405 numerum
1003 2368 1230 2418 angelorum

246 2427 346 2469 Dei‚·
364 2425 531 2475 etsacta
561 2430 616 2459 est
651 2434 744 2472 pars
776 2421 937 2457 Domini
955 2421 1118 2472 populus
1149 2422 1230 2472 ejus

246 2479 369 2515 Jacob
385 2492 395 2512 :
423 2476 507 2526 quia
541 2474 697 2511 mundus
744 2481 838 2510 totus
878 2472 976 2510 illius
1010 2481 1098 2521 erat,
1136 2473 1231 2510 solus

247 2539 364 2567 autem
394 2527 548 2580 populus
575 2527 649 2577 ejus
675 2526 785 2565 Jacob
813 2525 964 2564 audivit.
994 2525 1053 2564 Sic
1071 2534 1105 2563 ct
1125 2527 1232 2563 Amos

47 2599 141 2626 Amos
170 2595 233 2635 74
249 2582 421 2634 propheta
436 2580 525 2618 dicit
542 2579 610 2617 :Et
628 2578 715 2627 vidi,
736 2580 789 2616 Et
808 2592 893 2616 ecce
910 2580 1081 2616 ‘vocabat
1097 2579 1233 2616 Domi-

253 2648 323 2671 nus
351 2634 534 2670 ultionem
560 2635 602 2669 in
627 2635 727 2683 igne,
751 2639 785 2669 et
814 2632 1018 2668 devoravit
1045 2633 1233 2680 abyssum

253 2687 428 2731 multam,
456 2694 489 2723 et
511 2686 709 2722 devoravit
734 2692 883 2734 partem
912 2685 1086 2730 Domini,
1109 2698 1235 2735 nempe

252 2739 438 2791 populum.
460 2739 513 2775 Et
541 2738 812 2779 dixitDesine‚
841 2737 1022 2781 Domine,
1049 2750 1074 2773 a
1093 2737 1230 2783 Jacob,

254 2795 346 2844 (suia
359 2804 501 2842 parvus
518 2803 673 2827 numero
690 2797 744 2826 est
753 2805 766 2833 ,·
779 2788 817 2826 id
835 2798 898 2835 cst,
913 2789 966 2826 Ne
980 2789 1146 2826 absumus
1160 2803 1234 2826 nos.

254 2845 339 2881 llaec
356 2843 451 2880 dictu
468 2851 560 2887 sunt,
576 2842 742 2891 quoniam
761 2842 928 2879 Servatur
945 2841 1011 2878 ait:
1026 2842 1113 2879 Nisi
1132 2842 1237 2879 lave-

255 2911 297 2934 ro
317 2905 365 2941 te,
389 2909 465 2932 non
486 2895 640 2930 habebis
659 2902 807 2944 partem
828 2907 987 2931 mecum.
1016 2893 1137 2931 Portio
1154 2908 1238 2945 ergo

255 2949 414 2986 fidelium
429 2949 524 2984 Deus
540 2955 602 2990 cst,
618 2954 650 2982 et
667 2946 779 2996 portio
793 2946 859 2983 Dei
876 2945 1010 2984 fideles.
1021 2946 1080 2984 Ait
1096 2948 1236 2984 Petrus:

257 3004 437 3047 Domine,
461 3013 538 3036 non
558 3006 708 3035 tantum
737 2999 850 3048 pedes
880 3012 981 3036 meos
1000 2999 1151 3047 lavabis,
1171 3000 1241 3036 sed

256 3064 290 3092 et
321 3067 459 3091 manus
490 3060 525 3088 et
547 3059 674 3101 caput.
699 3050 841 3087 Putavit
861 3051 985 3088 Petrus
1006 3051 1174 3089 lotionem
1194 3051 1239 3088 il-

256 3108 328 3144 lum
346 3120 417 3144 esse
437 3102 675 3142 remissionem
693 3111 931 3153 pcccatorum,
953 3113 985 3140 ct
1003 3113 1073 3140 toto
1094 3117 1241 3156 corpore

258 3159 497 3197 remissionem
526 3154 685 3206 accipere
713 3154 867 3205 optabat.
897 3155 998 3192 Lotio
1026 3165 1143 3193 autem
1171 3170 1240 3194 non

258 3221 331 3249 erat
358 3209 517 3249 remissio
544 3216 788 3259 peccatorum,
808 3205 868 3243 sed
898 3206 1035 3257 pietatis
1054 3221 1241 3258 argumen-

261 3274 347 3301 tum.
369 3262 505 3301 Deinde
525 3260 614 3298 dicit
641 3260 806 3297 servator
829 3274 835 3293 :
855 3259 928 3307 Qui
950 3259 1046 3295 lotus
1068 3269 1137 3305 est,
1165 3274 1241 3297 non

260 3373 348 3407 estis
375 3376 529 3420 propter
561 3378 773 3403 sermonem
800 3377 909 3415 quem
940 3363 1119 3414 loquutus
1154 3377 1238 3400 suin

266 3425 382 3459 nobis.
406 3419 476 3459 Sed
495 3419 570 3456 hane
601 3416 744 3467 quidem
774 3414 979 3465 hujusmodi
1006 3415 1112 3452 fuere.
1138 3416 1236 3452 Post-

1192 238 1366 267 st’UfflA.

1296 319 1455 362 Παῦλος,
1485 316 1627 368 Χαίρειν
1662 315 1751 366 μετὰ
1779 316 1983 370 γαιρόντων,
2018 315 2192 363 νηστεύειν
2226 317 2315 367 μετὰ

1297 475 1412 512 πάντα
1433 477 1479 518 εἷς
1512 474 1609 518 δόξαν
1629 476 1720 512 Θεοῦ
1751 479 1894 512 ποιεῖτε.
1915 474 2025 512 Οὐδὲν
2049 478 2106 512 οὐν
2135 473 2266 521 ὤνησεν
2293 477 2315 520 ἦ

1298 527 1434 581 [Ῑέτρου
1463 526 1661 577 μονοτονία·
1683 525 1787 572 ἐλύθη
1818 526 1904 579 γὰρ,
1933 529 1980 569 ὡς
2009 526 2068 564 καὶ
2091 526 2206 564 ἄλλου.
2227 526 2317 564 εΌτε

1298 582 1399 626 ἠλθεν
1423 583 1439 618 ὅ
1459 580 1611 630 Χριστὸς
1644 581 1876 630 βαπτισθῆναι
1910 579 1977 616 ὑπὸ
2009 579 2191 625 Ἰωάννου,
2222 579 2318 629 λέγει

1298 635 1392 684 αὐτῷ
1413 635 1430 670 ὃ
1451 632 1663 684 βαπτιστής·
1692 631 1816 682 Κύριε,
1836 630 1905 682 ἐγὼ
1923 631 2044 682 χρείαν
2071 631 2139 683 ἔχω
2160 632 2225 669 ὑπὸ
2256 636 2317 669 σοῦ

1299 688 1556 735 βαπτισθῆναι,
1595 684 1654 722 καὶ
1686 683 1727 721 σὺ
1762 684 1848 737 ἔρχῃ
1876 683 1961 736 πρός
2002 699 2064 734 με,
2090 683 2194 734 Λέγει
2224 686 2318 735 αὐτῷ

1296 741 1314 776 ὁ
1329 738 1477 790 Σωτήρ·
1497 737 1599 789 Ἄφες
1615 737 1706 790 ἄρτι.
1721 736 1781 783 Μὴ
1810 736 2016 789 φιλονείκει,
2037 735 2085 786 μὴ
2113 735 2320 782 ἀνθίστασο,

1297 790 1348 828 ὅτι
1370 790 1444 828 θεία
1461 790 1552 829 ἐστὶν
1568 793 1589 836 ἡ
1607 789 1743 841 γνόψςη.
1763 791 1825 835 Μὴ
1851 788 1919 841 πρὸ
1938 793 2058 842 καιροῦ
2076 787 2261 840 γυμνώσῃς
2279 788 2322 826 τὸ

1297 842 1455 893 ἀξίωμα·
1478 842 1578 881 ἔασόν
1603 858 1647 892 με
1677 844 1863 895 πληρῶσαι
1881 841 1944 888 τὴν
1976 840 2085 888 τάξιν,
2116 840 2176 878 καὶ
2212 839 2320 884 δεῖξαι

1297 897 1450 942 ἀληθῶς,
1469 895 1522 934 ὅτι
1540 895 1718 947 ἄνθρωπον
1747 895 1883 940 ἔλαὸον,
1905 893 1960 931 ἵνα
1977 893 2032 932 διὰ
2053 898 2109 931 τοῦ
2137 891 2320 947 ἀνθρώπου

1294 952 1354 985 τοῦ
1372 950 1532 995 ἀληθινοῦ
1553 948 1608 986 τὸν
1636 947 1795 994 ἀληθινὸν
1822 947 1911 985 Θεὸν
1943 945 2116 998 ἀναφαίνω.
2134 945 2248 984 Μόνον
2269 949 2320 982 εἰ-

1294 1016 1373 1047 πεν,
1391 1000 1492 1052 Ἄφες
1520 1001 1616 1063 ἄρτι,
1637 1000 1696 1037 καὶ
1728 1000 1849 1043 εὐθέως
1877 998 2146 1049 ἐπισημαίνεται
2170 1001 2188 1035 ὁ
2217 999 2320 1049 εὐαγ-

1295 1052 1478 1103 γελιστὴς,
1497 1054 1588 1090 Τοτε
1616 1055 1747 1103 ἀφῆκεν
1779 1052 1880 1089 αὐτὸν
1907 1054 2154 1100 βαπτισθῆναι.
2179 1049 2320 1102 Ἐφιλο-

1294 1104 1452 1150 νείκησεν
1463 1108 1509 1147 ὡς
1528 1103 1682 1149 εὐσεὸὴς,
1692 1104 1750 1142 καὶ
1767 1103 1957 1150 ὑπήκουσεν
1977 1105 2023 1146 ὡς
2038 1102 2202 1154 φιλόθεος.
2214 1102 2320 1140 Οὕτω

1295 1157 1354 1195 καὶ
1379 1156 1552 1212 Ἱερεμίας
1577 1156 1813 1208 ἐφιλονείκησε
1841 1159 1891 1209 τῷ
1916 1158 2010 1207 Θεῷ·
2030 1154 2073 1193 Ὁ
2091 1154 2138 1191 ὢν
2158 1154 2322 1208 ,Λέσποτα

1297 1209 1422 1264 Κύριε,
1451 1209 1491 1247 σὺ
1519 1209 1631 1256 οἶδας,
1663 1208 1718 1247 ὅτι
1747 1207 1912 1259 νεώτερός
1942 1209 2028 1258 εἰμι.
2049 1206 2116 1245 Καὶ
2148 1210 2223 1244 εἶπε
2249 1205 2321 1245 Κύ-

1295 1277 1365 1313 ριος
1395 1261 1480 1315 πρός
1513 1277 1576 1312 με·
1598 1260 1647 1310 μὴ
1680 1261 1780 1311 λέγε,
1810 1261 1862 1299 ὅτι
1889 1259 2052 1326 νεώτερος
2068 1257 2135 1310 ἐγώ
2155 1260 2247 1309 εἶμι,
2268 1258 2322 1296 ὅτι

1293 1315 1378 1367 πρὸς
1414 1315 1471 1359 οὓς
1503 1314 1542 1352 ἂν
1572 1313 1791 1357 ἐξαποστελῶ
1817 1329 1875 1360 σε,
1903 1328 2069 1365 πορευσῃ.
2092 1310 2224 1350 >Έλυσε
2257 1311 2321 1357 τὴν

1295 1367 1494 1417 μονοτονίαν
1517 1370 1538 1413 ἦ
1568 1366 1714 1404 εὐτονία.
1739 1367 1853 1404 Πάλιν
1873 1368 1891 1403 ὃ
1911 1368 2065 1411 Μωϋσῆς
2095 1363 2323 1414 ἐμονοτόνησε

1293 1419 1402 1471 λέγων
1414 1451 1423 1467 ,
1443 1420 1675 1472 Προχείρισαι
1695 1419 1798 1457 ἄλλον
1815 1434 1822 1442 ·
1847 1418 2055 1471 ἰσχνόφωνος
2070 1417 2137 1469 γάρ
2155 1419 2245 1467 εἰμι,
2262 1416 2322 1454 καὶ

1298 1473 1564 1526 βραδύγλο)σσος
1578 1488 1585 1495 ·
1606 1472 1684 1510 ἀλλ’
1704 1473 1766 1510 οὐκ
1785 1471 1962 1509 ἐνέδωκεν.

1348 1525 1438 1563 Ἀλλ’
1473 1528 1520 1568 εἷς
1551 1525 1590 1562 τὸ
1623 1525 1849 1575 προκείμενον
1884 1522 2139 1572 ἐπανέλθωμεν.
2160 1522 2264 1572 Λέγει
2305 1524 2324 1559 ὁ

1295 1577 1443 1630 Σωτὴρ,
1461 1577 1545 1615 Ἰἰὰν
1565 1577 1613 1627 μὴ
1633 1577 1722 1629 νίψω
1743 1593 1802 1615 σου
1822 1575 1900 1618 τοὺς
1920 1575 2023 1617 πόδας
2038 1605 2047 1622 ,
2069 1576 2130 1612 οὐκ
2148 1575 2239 1626 ἔχεις
2260 1574 2322 1624 μέ-

1298 1646 1352 1683 ρος
1382 1633 1459 1681 μετ’
1478 1632 1574 1681 ἐμοῦ.
1597 1630 1659 1667 Ἐν
1679 1629 1787 1681 τούτῳ
1819 1629 2000 1681 ὀφείλομεν
2023 1627 2172 1674 εἰδέναι,
2192 1626 2244 1664 ὅτι
2263 1627 2321 1677 μέ-

1299 1699 1353 1734 ρος
1371 1686 1439 1721 τῶν
1460 1686 1591 1721 πιστῶν
1614 1685 1631 1719 ὁ
1658 1681 1747 1724 Θεός
1773 1684 1861 1727 ἐστι,
1882 1681 1942 1717 καὶ
1975 1679 2076 1732 μέρος
2094 1685 2153 1718 τοῦ
2172 1682 2263 1734 ΘΝεοῦ
2291 1681 2322 1717 οἱ

1297 1735 1425 1774 πιστοί.
1462 1730 1559 1782 Οἷον,
1589 1734 1666 1778 ὅλος
1698 1733 1852 1783 ὃκόσμος
1869 1736 1925 1770 τοῦ
1946 1734 2038 1770 Θεοῦ
2063 1733 2157 1779 ἐστι,
2190 1733 2260 1770 οἰδε
2286 1731 2321 1769 δὲ

1297 1787 1374 1831 τοὺς
1398 1786 1541 1830 πιστοὺς
1561 1790 1577 1825 ὃ
1596 1786 1698 1830 Θεός.
1717 1786 1827 1828 ςὈλος
1844 1789 1862 1824 ὃ
1880 1785 2026 1835 κόσμος,
2047 1784 2163 1835 φησιν,
2181 1784 2322 1830 ἐκτίσθη

1298 1843 1357 1879 ὑπ’
1374 1844 1457 1891 ἐμοῦ
1471 1871 1480 1888 ,
1502 1841 1577 1876 ἀλλ’
1598 1838 1692 1877 οὐδέν
1720 1855 1778 1889 μοι
1801 1837 1956 1890 ’διαφέρει
1970 1836 2016 1884 ,ἢ
2037 1837 2076 1875 τὸ
2098 1839 2165 1874 τῶν
2191 1839 2324 1875 πιστῶν

1300 1893 1416 1947 μέρος.
1434 1893 1502 1930 Διὰ
1522 1897 1622 1931 τοῦτο
1642 1895 1673 1930 οἱ
1705 1891 1766 1942 μὲν
1798 1891 1916 1929 πιστοὶ
1949 1889 2069 1938 {Coum
2089 1893 2134 1932 ὡς
2153 1892 2170 1927 ὃ
2195 1889 2324 1926 Δαυίδ-

1301 1946 1410 1998 Μερίς
1432 1961 1496 1996 μου
1519 1948 1536 1983 ὃ
1558 1943 1683 1996 Κύριος
1700 1947 1732 1981 ἐν
1747 1947 1791 1995 γῇ
1812 1943 1967 1987 ζώντων·
1984 1942 2043 1980 καὶ
2059 1943 2177 1989 πάλιν,
2199 1941 2325 1994 Κύριος

1301 1999 1398 2063 μερὶς
1420 2000 1482 2043 τῆς
1501 1996 1734 2050 κληρονομίας
1767 2013 1844 2047 μου.
1864 1995 1909 2033 ‘H
1943 1994 1979 2033 δὲ
2005 1995 2126 2047 Μαρία
2143 1994 2323 2044 καθημένη

1299 2068 1384 2102 προς
1402 2057 1472 2093 τοῖς
1501 2051 1584 2088 ποσὶ
1602 2055 1662 2088 τοῦ
1687 2048 1863 2087 Δεσπότου
1882 2077 1891 2094 ,
1915 2047 2041 2093 ἤκουσε
2067 2050 2130 2092 τῆς
2156 2048 2324 2085 διδασκα-

1299 2104 1396 2152 λίας,
1419 2103 1477 2140 καὶ
1493 2103 1586 2154 λέγει
1611 2105 1628 2139 ὁ
1644 2102 1791 2153 Σωτήρ·
1818 2100 1940 2154 Μαρία
1961 2099 1996 2138 δὲ
2017 2099 2079 2147 τὴν
2101 2099 2233 2150 ἀγαθὴν
2255 2115 2321 2149 με-

1300 2157 1378 2221 ρίδα
1409 2155 1602 2203 ἐξελέξατο,
1624 2154 1700 2201 ἥτις
1727 2157 1790 2192 οὐκ
1818 2152 2090 2205 ἀφαιρεθήσεται
2115 2152 2177 2190 ἀπ’
2198 2153 2317 2197 αὐτῆς.

1313 2212 1409 2261 Ορᾷς
1423 2239 1432 2255 ,
1450 2208 1503 2247 ὅτι
1523 2210 1590 2245 τῶν
1613 2209 1746 2245 πιστῶν
1767 2210 1788 2253 ἡ
1812 2206 1907 2258 μερὶς
1925 2208 1942 2243 ὃ
1971 2204 2060 2248 Θεός
2079 2207 2177 2252 ἐστι,
2197 2204 2325 2242 Λοιπὸν

1302 2261 1409 2305 δεῖξαι
1440 2263 1640 2312 ἀναγκαῖον,
1660 2263 1728 2297 ποῦ
1760 2262 1781 2305 ἡ
1814 2260 1910 2310 μερὶς
1940 2261 1999 2295 τοῦ
2028 2259 2119 2295 Θεοῦ
2140 2260 2171 2295 οἱ
2190 2256 2324 2294 πιστοί.

1301 2314 1407 2365 Λέγει
1428 2315 1583 2359 Μωῦσῆς
1596 2342 1604 2358 ,
1626 2312 1683 2349 ὅτε
1704 2312 1895 2363 διεμέριζεν
1916 2310 1996 2355 ἔθνη
2018 2312 2035 2347 ὅ
2053 2308 2245 2360 “Υψιστος,
2264 2308 2328 2347 διέ-

1303 2382 1442 2418 σπειρεν
1471 2365 1563 2409 υἱοὺς
1583 2364 1717 2414 Ἀδὰμ,
1743 2364 1887 2411 ἔστησεν
1910 2362 1987 2415 ὅρια
2007 2365 2110 2400 ἐθνῶν
2130 2361 2221 2399 κατὰ
2245 2363 2324 2412 ἀρι-

1302 2419 1387 2470 θμὸν
1405 2417 1561 2470 ἀγγέλων
1577 2419 1668 2456 Θεοῦ
1681 2447 1690 2463 ,
1709 2416 1768 2454 καὶ
1796 2415 1960 2466 ἐγεννήθη
1983 2414 2080 2471 μερὶς
2096 2413 2223 2467 Κυρίου
2244 2414 2327 2456 λαὸς

1305 2474 1406 2510 αὐτοῦ
1427 2469 1557 2509 Ἰακὼδ
1569 2485 1577 2493 ·
1599 2468 1718 2515 ἐπειδὴ
1736 2468 1813 2512 ὅλος
1839 2471 1856 2505 ὁ
1876 2467 2005 2517 κόσμος
2034 2473 2076 2515 ἠν
2104 2469 2206 2504 αὐτοῦ
2221 2495 2230 2511 ,
2268 2466 2329 2515 μό-

1304 2541 1359 2568 νος
1380 2523 1415 2561 δὲ
1436 2524 1518 2566 λαὸς
1537 2523 1641 2559 αὐτοῦ
1668 2521 1815 2567 ἤκουσεν
1836 2519 1976 2559 'lanoso
1997 2520 2102 2558 Οὕτω
2122 2519 2181 2557 καὶ
2208 2521 2225 2556 ὃ
2243 2533 2331 2570 προ-

1311 2577 1421 2630 φήτης
1443 2575 1554 2626 ’Λμὼς
1572 2574 1685 2626 λέγει·
1702 2574 1761 2612 καὶ
1780 2568 1881 2621 εἶδον,
1896 2573 1967 2611 Καὶ
2000 2572 2070 2611 ἰδοὺ
2096 2572 2240 2610 ἐκάλεσε
2257 2571 2330 2608 Κύ-

1309 2646 1377 2682 ρ.ος
1402 2629 1465 2675 τὴν
1487 2629 1584 2674 δίκην
1606 2630 1640 2666 ἐν
1668 2628 1774 2678 πυρὶ,
1797 2627 1857 2664 καὶ
1876 2625 2052 2676 κατέφαγε
2083 2624 2145 2671 τὴν
2177 2623 2328 2661 diffusam,

1306 2683 1368 2729 τὴν
1387 2680 1535 2729 πολλὴν,
1564 2681 1622 2718 καὶ
1651 2680 1825 2732 κατέφαγε
1857 2678 1919 2725 τὴν
1944 2678 2068 2728 μερίδα
2099 2676 2249 2726 Κυρίου,
2271 2676 2329 2713 τὸν

1305 2735 1388 2773 λαὸν
1417 2734 1524 2784 λέγει.
1548 2734 1618 2771 Καὶ
1648 2726 1756 2780 εἷπον,
1787 2731 1889 2783 φησὶ,
1920 2730 2085 2776 κόπασον,
2107 2729 2231 2780 Κύριε,
2262 2727 2332 2766 ἀπὸ

1308 2791 1367 2826 τοῦ
1390 2786 1519 2825 ’lame
1533 2816 1542 2833 ‚
1572 2785 1625 2824 ὅτι
1645 2784 1820 2835 ὀλίγοστός
1843 2787 1947 2830 ἐστιν,
1962 2782 2037 2820 ἀντὶ
2053 2786 2111 2820 τοῦ
2128 2811 2137 2825 ,
2171 2780 2218 2831 μὴ
2248 2782 2330 2818 ἀνα-

1308 2840 1425 2890 λώσῃς
1442 2843 1547 2889 ἡμᾶς.
1566 2841 1690 2877 Ταῦτα
1720 2838 1781 2886 μὲν
1812 2836 1964 2887 εἴρηται,
1988 2835 2043 2873 διὰ
2065 2834 2103 2872 τὸ
2131 2834 2242 2884 λέγειν
2272 2833 2331 2871 τὸν

1311 2895 1483 2944 Σωτῆρα,
1504 2891 1600 2945 Ἐὰνυ
1626 2890 1673 2941 μὴ
1705 2891 1795 2941 νίψω
1827 2905 1884 2935 σε,
1915 2890 1977 2926 οὐκ
2011 2887 2102 2939 ἔχεις
2132 2886 2232 2951 μέρος
2256 2887 2331 2936 μετ’

1261 2962 1286 2990 ι)
1311 2948 1406 2995 ἐμοῦ.
1428 2944 1536 2996 Μερὶς
1563 2947 1619 2981 οὐν
1645 2945 1713 2980 τῶν
1734 2943 1866 2979 πιστῶν
1888 2940 2027 2985 ὁΘεὸς,
2049 2939 2107 2976 καὶ
2146 2955 2241 2990 μερις
2270 2941 2330 2974 τοῦ

1311 3001 1402 3036 Θεοῦ
1428 3000 1458 3035 οἵ
1478 2995 1608 3035 πιστοί.
1629 2995 1734 3046 Λέγει
1755 2998 1772 3032 ὃ
1798 2993 1954 3046 Πέτρος,
1988 2992 2110 3043 Κύριε,
2144 2991 2192 3041 μὴ
2228 2990 2331 3040 μόνον

1310 3050 1388 3093 τοὺς
1403 3049 1509 3092 πόδας
1531 3065 1595 3099 μου
1615 3048 1723 3099 νίψεις
1735 3077 1744 3093 ,
1766 3045 1855 3085 ἀλλὰ
1874 3045 1932 3083 καὶ
1951 3044 2012 3087 τὰς
2036 3049 2178 3095 χεῖρας,
2194 3043 2252 3081 καὶ
2267 3042 2330 3089 τὴν

1312 3103 1479 3154 κεφαλήν.
1503 3101 1685 3150 Ἰίνόμισεν
1705 3103 1721 3137 ὃ
1741 3099 1889 3150 Πέτρος,
1906 3097 1958 3135 ὅτι
1984 3100 2005 3142 ἡ
2036 3097 2197 3147 &novt-late,-
2216 3094 2330 3141 ἐκείνη

1313 3158 1492 3206 ἁμαρτιῶν
1513 3149 1555 3200 ἦν
1574 3154 1712 3205 ἄφεσις,
1735 3151 1793 3190 καὶ
1811 3151 1911 3196 ἤθελε
1940 3150 1982 3186 δι’
2020 3149 2099 3186 ὅλου
2128 3152 2187 3185 τοῦ
2208 3147 2332 3201 σώμωα-

1312 3225 1368 3251 τος
1389 3208 1507 3246 λανῗεῖν
1529 3206 1663 3258 ἄφεσιν.
1687 3205 1731 3242 ἹΙ
1760 3203 1795 3242 δὲ
1827 3204 1893 3253 οὐχ
1920 3202 2098 3251 ἁμαρτιῶν
2130 3201 2249 3252 ἄφεσις
2275 3203 2330 3245 ἠν,

1315 3262 1389 3298 ἀλλ’
1410 3259 1589 3302 εὐλαῧείας
1608 3258 1776 3299 ὑπόθεσις.
1796 3249 1882 3293 Εἶτα
1899 3254 1992 3304 λέγει
2012 3257 2029 3291 ὃ
2050 3254 2190 3305 Σωτὴρ,
2211 3252 2254 3289 ‘O
2274 3252 2330 3288 λε-

1310 3312 1472 3362 λουμένος
1508 3313 1544 3349 οὐ
1575 3310 1695 3362 χρείαν
1737 3309 1829 3360 ἔχει,
1860 3309 1889 3343 εἷ
1927 3306 1974 3356 μὴ
2006 3306 2106 3356 μόνον
2148 3304 2224 3346 τοὺς
2260 3303 2329 3340 πό-

1312 3365 1371 3406 δας
1384 3364 1566 3414 νίψασθαι·
1584 3364 1650 3409 ἤδη
1672 3366 1769 3411 ὑμεῖς
1796 3359 1941 3412 καθαροί
1960 3362 2037 3397 ἐστε
2057 3357 2113 3396 διὰ
2129 3357 2186 3394 τὸν
2211 3355 2327 3406 λόγον,

1311 3416 1346 3452 ὃν
1362 3416 1538 3461 λελάληκα
1568 3417 1661 3464 1ἀμῖν.
1681 3413 1784 3452 Ἀλλὰ
1804 3415 1913 3450 ταῦτα
1937 3410 1997 3461 μὲν
2017 3410 2144 3454 ταύτην
2164 3408 2234 3459 ἔχει
2264 3407 2327 3453 τὴν
