2481 3678
641 182 682 212 ιΝ
721 181 933 212 sommam
970 179 1124 210 nonii..
1165 178 1333 209 Lxxvu.
1373 165 1432 210 al.

99 263 277 308 Μωυσέως
305 264 408 314 νόμον
420 279 427 286 ·
452 263 486 307 ὃς
505 265 555 315 τῷ
574 263 618 301 τὰ
640 267 784 302 τοιαῦτα
810 267 965 300 ποιοῦντι
983 261 1043 299 καὶ
1059 259 1122 298 λε’-

96 341 192 376 γοντι
210 325 388 364 πείθεσθαι
412 323 567 367 ἅπαντας
587 323 776 369 ἐκέλευσεν,
793 323 873 361 ὅταν
890 322 948 360 καὶ
967 320 1052 374 πρὸς
1065 323 1123 358 εὐ-

97 385 234 424 σέὲειαν
263 386 330 437 ἄγῃ
343 415 352 431 ,
381 384 439 422 καὶ
471 384 633 435 θαύματα
671 384 809 436 παρέχῃ
844 383 1004 435 μέγιστα.
1044 384 1123 432 Οὐχ

98 447 216 491 ἁπλῶς
235 447 270 485 δὲ
290 441 365 485 εἷπε
385 452 536 497 σημεῖα,
554 446 644 484 ἀλλὰ
661 446 682 483 ἃ
705 446 824 496 μηῗεὶς
843 445 946 488 ἄλλος
964 442 1120 488 ἐποίησε.

97 508 167 545 Καὶ
187 507 317 545 τούτων
334 508 431 545 αὐτοὶ
452 507 624 559 μάρτυρες
643 506 732 545 οὕτω
748 506 905 557 λέγοντες
918 520 925 527 ·
943 502 1120 542 Οὐδέποτε

96 566 203 610 οὕτως
237 569 345 620 ἐφάνη
382 569 559 620 ἅνθρωπος
593 571 627 606 ἐν
665 571 714 619 τῷ
747 566 911 617 Ἰσραήλ·
943 564 1019 610 καὶ,
1045 564 1122 600 Οὐκ

95 628 248 676 ἠκούσθη
274 631 313 667 ἐκ
332 634 391 668 τοῦ
412 632 554 675 αἰῶνος,
575 628 628 667 ὅτι
647 627 759 680 ᾔνοιξέ
778 642 830 669 τις
847 624 1042 677 ὀφθαλμοὺς
1056 639 1120 661 τυ-

96 691 182 741 φλοῦ
201 690 451 742 γεγεννημένου
467 706 472 712 ·
508 690 567 728 καὶ
586 690 625 727 τὸ
645 689 734 726 κατὰ
758 688 815 724 τὸν
835 686 993 737 Λάζαρον
1011 689 1121 722 τοιοῦ-

94 766 167 800 τον,
200 751 258 789 καὶ
280 751 324 789 τὰ
343 753 432 789 ἄλλα
451 750 565 789 πάντα
594 752 758 795 τοιαῦτα,
774 748 832 784 καὶ
856 750 874 784 ὃ
900 749 962 792 τῆς
982 749 1122 795 θαυμα-

207 812 214 823 ’
328 812 335 824 '
523 810 531 826 ¹
601 810 609 823 “
721 809 751 821 '⁸
775 809 788 832 ἶ
848 807 862 822 ⁷⁷
1018 806 1122 844 Τίνος

93 827 257 864 τουργιας
274 828 416 865 τροπος·
437 826 540 849 καινα
555 826 615 847 και
635 823 814 861 παραοοςα
842 822 1000 879 απανταέΙ
1089 835 1122 881 3,

95 866 152 909 οῦν
172 872 298 920 ἕνεκεν,
314 873 418 925 φησί,
433 872 491 909 καὶ
515 871 552 908 σὲ
573 870 631 907 καὶ
651 873 744 920 ἡμᾶς
762 867 964 929 διώκοΝυο-ιν,
1001 870 1070 905 Οτι
1084 882 1122 905 εκ

93 938 153 972 τοῦ
171 934 302 984 κόσμου
321 934 382 970 οὐκ
394 932 483 970 ἐστέ.
504 933 549 970 Εἰ
568 933 608 969 ἐκ
627 933 686 968 τοῦ
706 929 837 980 κόσμου
857 932 919 974 ἠτε
931 959 940 976 ,
956 930 974 965 ὁ
993 927 1122 979 κόσμος

94 992 134 1029 ἂν
159 993 198 1031 τὸ
217 993 302 1031 ἴδιον
336 992 458 1045 ἐφίλει.
486 991 826 1051 Προαναμιμνήσκεωι
855 993 925 1028 τῶν
956 989 1123 1041 ῥημάτων

93 1051 234 1098 αὐτοὺς,
255 1046 301 1089 ὧν
320 1052 379 1089 καὶ
407 1051 492 1103 πρὸς
511 1050 587 1094 τοὺς
603 1049 769 1102 ἀδελφοὺς
789 1053 864 1087 εἷπε
881 1048 958 1092 τοὺς
980 1051 1122 1087 ἑαυτοῦ·

1474 183 1626 215 Lxxvi.
2091 176 2115 221 5
2129 196 2138 221 ι
2152 194 2182 240 9

1195 258 1386 296 verborum
1406 260 1607 301 doctrinam
1624 265 1710 317 ipsis
1725 266 1874 318 praebui,
1896 270 2062 321 operibus
2075 273 2185 309 verba

1195 320 1403 358 confirmavi
1428 324 1624 362 secundum
1649 327 1786 378 Moysis
1814 329 1940 379 legem,
1954 332 2013 381 qui
2035 333 2110 370 haec
2133 334 2186 371 fa-

1195 379 1298 418 cienti
1320 391 1354 418 et
1373 381 1505 421 dicenti
1529 386 1772 439 obtemperare
1785 389 1886 439 jubet
1905 393 2186 442 omnes,quando

1195 440 1291 478 dicta
1311 451 1344 479 et
1365 442 1409 480 ad
1429 445 1594 495 pietatem
1618 447 1764 496 ducunt,
1783 457 1815 486 et
1835 449 1972 500 magnis
1998 462 2078 489 suut
2098 454 2186 491 fulta

1195 502 1389 540 miraculis.
1405 505 1479 543 Nec
1500 506 1709 560 simpliciter
1723 509 1895 547 miracula
1912 510 2089 559 dixit,scd
2101 528 2186 563 qua-

1195 561 1243 599 lia
1258 577 1360 601 nemo
1379 565 1471 603 alius
1491 569 1645 619 patr-‘ivit
1662 585 1669 605 :
1685 570 1787 622 cujus
1806 571 1856 607 rei
1881 571 1949 623 ipsi
1972 581 2073 609 testes
2089 584 2186 612 erant

1195 636 1278 660 cum
1296 623 1455 663 dicerent
1471 642 1478 662 :
1495 629 1718 681 qumquam
1739 632 1854 668 homo
1872 635 1926 670 sic
1946 637 2125 685 apparuit
2144 638 2185 671 in
2206 628 2312 655 '‘mm‘'
2330 641 2364 670 9·

2198 668 2249 699 33.

1195 686 1338 730 Israel,-
1360 696 1407 737 et,
1435 688 1479 726 A
1508 692 1648 728 saeculo
1684 706 1762 729 non
1793 703 1847 731 est
1868 696 2056 743 auditum,
2083 698 2187 749 quod
2201 712 2383 749 loan.9.32.

1196 748 1281 797 quis
1301 752 1495 798 aperuerit
1510 752 1639 789 oculos
1659 757 1751 791 coeci
1766 755 1964 793 nati:item
1982 756 2026 794 de
2042 759 2184 807 Lazaro,

1195 816 1299 857 atque
1317 808 1449 847 similia
1473 812 1585 849 multa
1608 814 1757 865 proferri
1780 826 1937 868 possent,
1959 832 2093 856 necnon
2116 819 2186 857 mi-

1194 868 1399 907 raculorum
1415 871 1543 910 modus
1559 888 1566 909 :
1582 875 1700 912 omnia
1714 886 1807 914 certe
1826 891 1933 928 nova,
1945 888 1977 916 et
1994 881 2181 932 stupenda.

1195 929 1270 966 Cur
1296 944 1396 982 ergo,
1430 933 1568 985 inquit,
1594 945 1628 973 et
1659 945 1693 974 te
1729 947 1762 976 et
1798 953 1860 976 nos
1900 943 2183 992 persequuntur?

1200 994 1301 1044 Quia
1325 996 1372 1032 de
1397 998 1540 1034 mundo
1568 1012 1646 1036 non
1668 1004 1771 1039 estis.
1791 1002 1832 1040 Si
1855 1003 1903 1040 de
1923 1006 2065 1041 mundo
2087 1020 2185 1043 esse-

1196 1057 1258 1102 tis,
1283 1058 1449 1095 mundus
1469 1060 1574 1111 quod
1600 1074 1712 1098 suum
1742 1072 1797 1100 est
1819 1065 2006 1116 diligeret.
2024 1066 2129 1104 Prius
2148 1067 2184 1104 in

94 1113 169 1150 ἀλλ’
186 1114 257 1151 ἐκεῖ
285 1113 345 1164 μὲν
364 1112 591 1165 ἠθικώτερον,
618 1111 673 1149 ἵνα
693 1111 741 1162 μὴ
763 1110 896 1162 πλήξῃ·
925 1113 1070 1149 ἐνταῦθα
1087 1109 1122 1147 δὲ
1135 1147 1182 1172 [1510
1195 1118 1403 1156 memoriam
1422 1120 1495 1157 illis
1521 1131 1664 1160 revocat
1682 1125 1804 1173 verba,
1823 1140 1902 1176 quae
1922 1127 2092 1165 fratribus
2111 1129 2184 1167 suis

94 1174 304 1222 τούναντίον,
330 1174 369 1212 τὸ
395 1181 462 1212 πᾶν
487 1174 703 1225 ἀπεκάλυψε.
730 1172 799 1210 Καὶ
826 1172 929 1209 πόθεν
950 1172 1053 1217 δῆλον
1069 1169 1122 1208 ὅτι
1147 1185 1172 1212 Α
1194 1177 1335 1216 dixerat
1357 1195 1364 1215 ε
1388 1180 1449 1217 sed
1468 1181 1543 1219 illic
1556 1183 1704 1232 quidem
1719 1186 1871 1236 cautius,
1891 1202 1934 1224 ne
1953 1189 2047 1240 ipsos
2067 1190 2183 1228 offen-

96 1235 152 1273 διὰ
176 1240 276 1274 τοῦτο
308 1235 520 1286 μισούμεθα;
548 1234 632 1273 Ἀπὸ
651 1237 720 1272 τῶν
748 1236 795 1277 εἰς
828 1233 886 1284 ἐμὲ
920 1232 1122 1285 γινομένων.

95 1295 198 1339 Τίνος
214 1297 301 1349 γὰρ,
319 1296 395 1334 εἰπέ
416 1311 495 1347 μοι,
516 1297 583 1332 τῶν
600 1295 794 1347 λεχθέντων
816 1294 838 1340 ἢ
859 1298 926 1332 τῶν
948 1294 1122 1357 πραχθέν-

93 1372 160 1393 των
194 1356 422 1395 ἐπιλαὲέσθαι
458 1356 595 1408 ἔχοντες
634 1358 695 1394 οὐκ
742 1355 900 1399 ἐδέξαντό
935 1371 996 1405 με,
1030 1357 1122 1392 Εἶτα

93 1417 213 1464 ἐπειδὴ
239 1418 277 1455 τὸ
307 1425 456 1470 πρᾶγμα
483 1417 593 1463 ἔκπλη
620 1433 677 1455 τον
695 1411 849 1467 ἦνὴμῖν,
875 1410 950 1454 εἷπε
978 1416 1037 1454 καὶ
1057 1417 1120 1463 τὴν

93 1478 224 1516 αἰτίαν·
251 1479 430 1525 τουτέστι,
444 1477 507 1524 τὴν
529 1477 698 1528 πονηρίαν
719 1477 781 1524 τὴν
808 1478 933 1515 αὐτῶν.
953 1477 1024 1515 Καὶ
1045 1478 1120 1516 οὗῖὲ

91 1539 236 1577 ἐνταῦθα
256 1537 418 1586 ἵσταται,
441 1538 531 1576 ἀλλὰ
560 1538 618 1575 καὶ
638 1538 694 1575 τὸν
718 1537 900 1590 προφήτην
927 1538 1119 1589 ἐπάγεται,

92 1599 224 1644 δεικνὺς
251 1600 350 1638 αὐτὸν
378 1600 504 1638 ἄνωθεν
531 1604 849 1652 προαναφωνοῦντα
869 1599 926 1636 καὶ
954 1599 1119 1650 λέγοντα,

90 1658 143 1698 ὅτι
158 1660 356 1711 Ἐμίσησάν
378 1677 423 1711 με
442 1661 590 1713 δωρεάν·
611 1660 629 1699 ὃ
647 1661 706 1697 καὶ
730 1661 869 1704 Παῦλος
888 1665 995 1698 ποιεῖ.
1019 1662 1118 1698 Πολ-

90 1721 160 1758 λῶν
187 1722 253 1774 γὰρ
282 1722 528 1773 Θαυμαζόντων
543 1725 617 1764 πῶς
637 1721 799 1759 Ἰουδαῖοι
821 1724 881 1760 οὐκ
899 1722 1118 1769 ἐπίστευσαν,

91 1784 272 1835 προφήτας
299 1784 376 1835 ἄγει
402 1784 635 1836 προλέγοντας
664 1784 806 1830 ἄνωθεν,
831 1784 890 1821 καὶ
917 1783 980 1830 τὴν
1008 1783 1120 1821 αἰτίαν

92 1846 299 1894 δηλοῦντας,
324 1845 377 1883 ὅτι
392 1849 413 1891 ἡ
436 1845 586 1898 πονηρία
619 1846 730 1883 αὐτῶν
753 1846 812 1883 καὶ
844 1850 862 1892 ἦ
893 1845 1038 1884 ἀπόνοια
1058 1849 1120 1892 τῆς

92 1906 255 1950 ἀπιστίας
279 1907 385 1945 αἰτία.
407 1906 453 1944 Τί
486 1901 564 1954 οῦν,
585 1909 613 1944 εἷ
632 1906 690 1943 τὸν
708 1907 808 1958 λόγον
829 1923 889 1945 σου
906 1909 968 1945 οὐκ
987 1906 1120 1959 ἐτήρη-

91 1983 167 2014 σαν,
195 1967 251 2005 διὰ
279 1972 378 2006 τοῦτο
409 1967 485 2007 οὐδὲ
510 1968 567 2006 τὸν
584 1966 753 2020 ἡμέτερον
773 1968 1001 2020 τηρήσουσιν·
1033 1972 1062 2008 εἷ
1082 1967 1120 2032 (ἑὲ

92 2028 246 2075 ἐδίωξαν,
268 2029 324 2067 διὰ
344 2033 444 2067 τοῦτο
460 2029 518 2066 καὶ
537 2032 630 2079 ἡμᾶς
650 2029 845 2073 διώξουσιν·
869 2033 898 2068 εἶ
929 2036 1059 2081 σημεῖα
1074 2035 1120 2069 εἰ-

92 2090 161 2136 δον,
179 2084 234 2127 οἶα
253 2091 360 2134 οὐδεὶς
388 2091 490 2134 ἄλλος
511 2090 723 2137 πεποίηκεν·
745 2093 776 2128 εἰ
798 2092 989 2143 Ηρημάτων
1009 2091 1119 2138 ἥκου-

92 2167 169 2199 σαν,
186 2151 266 2189 οῗων
288 2152 415 2200 οὐδεὶς,
432 2152 491 2190 καὶ
511 2152 605 2191 οὐδὲν
625 2151 810 2190 ἀπώναντο
824 2168 831 2175 ·
854 2155 884 2190 εἷ
900 2154 957 2191 τὸν
974 2154 1119 2207 Πατέρα

90 2229 150 2251 σου
172 2218 334 2264 μισοῦσι,
362 2213 421 2252 καὶ
447 2214 484 2252 σὲ
514 2215 589 2264 μετ’
609 2213 751 2253 ἐκείνου·
771 2215 861 2259 τίνος
875 2243 884 2260 ,
900 2215 1018 2267 φησιν,
1043 2215 1120 2254 ἕνε-

90 2289 148 2311 κεν
175 2277 268 2324 ἡμᾶς
295 2274 470 2322 ἐνέὲαλες,
487 2278 560 2317 πῶς
576 2279 609 2325 ἧι
632 2281 677 2318 εἷς
696 2274 889 2319 ἀξιόπιστοι
902 2277 1023 2314 λοιπον
1040 2277 1118 2316 ἐσό-

90 2337 194 2385 μεθα,
214 2334 266 2379 τίς
284 2334 319 2374 δὲ
334 2335 494 2389 προσέξει
513 2339 581 2374 τῶν
603 2336 787 2388 ὁμοφύλων
819 2340 925 2388 ἡμῖν,

144 2525 205 2564 c'Iit’
229 2519 287 2563 οῦν
306 2525 354 2576 μὴ
372 2531 481 2564 ταῦτα
498 2529 686 2570 ἐννοοῦντες
706 2528 942 2579 θορυὸῶνται,
964 2531 1028 2582 ὅρα
1043 2530 1116 2569 οἵαν

90 2588 212 2638 ἐπάγει
237 2588 472 2640 παράκλησιν.
504 2587 618 2626 εΌταν
646 2588 727 2640 ἔλθη
757 2593 774 2627 ὃ
804 2591 1058 2643 Παράκλητος,
1080 2592 1115 2630 ὃν

90 2649 158 2701 ἐγὼ
177 2648 306 2701 πέμψω
320 2678 329 2695 ,
357 2650 396 2687 τὸ
426 2651 573 2700 Πνεῦμα
593 2654 653 2696 τῆς
675 2651 838 2697 ἀληθείας
851 2682 859 2698 ,
877 2652 894 2690 ὃ
927 2654 1024 2705 παρα
1055 2657 1115 2691 τοῦ

90 2710 230 2763 Πατρὸς
260 2710 503 2762 ἐκπορεύεται,
531 2713 657 2754 ἐκεῖνος
680 2713 895 2765 μαρτυρήσει
916 2714 995 2764 περὶ
1021 2715 1115 2764 ἐμοῦ.

88 2772 158 2810 Καὶ
194 2775 291 2821 ὓμεῖς
311 2772 345 2809 δὲ
367 2777 573 2825 μαρτυρεῖτε
589 2802 598 2819 ,
630 2772 683 2810 ὅτι
716 2774 777 2811 ἀπ’
799 2776 911 2826 ἀρχῆς
936 2776 1011 2825 μετ’
1032 2777 1116 2825 ἐμοῦ

89 2835 178 2870 ἐστε.
198 2832 352 2876 Ἐκεῖνος
387 2833 585 2876 ἀξιόπιστος
617 2833 736 2871 ἔσται·
770 2836 917 2885 Πνεῦμα
936 2835 1004 2890 γὰρ
1025 2837 1116 2883 ἀλη-

88 2893 180 2937 θείας
211 2893 294 2931 ἐστί.
322 2893 389 2931 Διὰ
419 2900 520 2933 τοῦτο
542 2896 579 2933 οὐ
607 2897 754 2946 Πνεῦμα
782 2897 901 2948 ἅγιον,
924 2898 999 2934 ἀλλ’
1034 2899 1118 2943 ἅλη-

86 2955 177 2998 θείας
196 2956 279 2993 αὐτὸ
310 2956 467 2994 ἐκάλεσε.
498 2956 550 2994 Τὸ
589 2958 642 3004 δὲ,
671 2956 720 2995 '³0
751 2958 849 3011 παρὰ
885 2962 945 2996 τοῦ
978 2960 1118 3011 Πατρὸς

86 3015 333 3068 ἐκπορεύεται,
365 3017 462 3061 δηλοῖ
493 3017 546 3055 ὅτι
565 3017 681 3054 πάντα
701 3012 789 3056 οἶῗεν
811 3020 982 3071 ἀκριέῶς,
1003 3021 1116 3057 καθοί-

86 3094 152 3129 περ
172 3078 231 3116 καὶ
250 3078 350 3121 αὐτός
370 3093 454 3130 φησι
474 3079 555 3132 περὶ
584 3082 708 3117 ἑαυτοῦ
721 3110 730 3127 ,
747 3081 800 3119 ὅτι
818 3076 909 3119 Οἶδα
930 3083 1033 3120 πόθεν
1056 3083 1117 3135 ἔρ-

86 3154 215 3190 χομαι,
235 3139 293 3176 καὶ
321 3142 387 3176 ποῦ
423 3139 546 3191 ὑποίγω
561 3155 568 3162 ·
588 3141 647 3178 καί
667 3143 738 3179 ἐκεῖ
758 3143 837 3195 περὶ
858 3142 1019 3190 ἀληθείας
1039 3145 1116 3181 δια-

85 3199 284 3250 λεγόμενος.
302 3198 369 3237 ’”Ὸν
390 3199 459 3251 ἐγὼ
489 3200 631 3252 πέμψω.
653 3201 742 3240 Ἰδοὺ
771 3205 832 3240 οὐκ
859 3203 910 3241 ἔτι
943 3207 960 3241 ὃ
992 3205 1118 3257 Πατὴρ

90 3259 211 3308 μόνος,
233 3259 323 3298 ἀλλὰ
343 3260 401 3298 καὶ
424 3263 442 3298 ὁ
462 3261 544 3304 Υἱός
573 3263 666 3301 ἐστιν
686 3265 703 3300 ὁ
731 3262 893 3313 πέμπων.
918 3264 986 3303 Καὶ
1021 3269 1119 3316 ὑμεῖς

134 3373 147 3388 ···
164 3363 282 3397 Morel.
302 3370 430 3410 ῥήματα.
447 3372 583 3404 ἥκουσαν,

1195 1239 1308 1287 deret3
1334 1240 1393 1278 hic
1416 1256 1501 1280 vero
1526 1253 1646 1281 contra
1672 1255 1785 1283 totum
1814 1249 2000 1287 revelavit.
2020 1250 2067 1288 Et
2091 1252 2184 1290 unde

1193 1301 1306 1352 liquet
1324 1315 1387 1339 nos
1409 1313 1594 1355 propterea
1623 1305 1706 1344 odio
1727 1308 1878 1346 haberi?
1901 1310 1957 1348 Ex
1984 1311 2027 1349 iis
2051 1327 2128 1362 quae
2147 1314 2182 1351 in

1194 1376 1250 1399 me
1277 1363 1369 1400 facta
1396 1373 1490 1401 sunt.
1514 1366 1607 1403 Nam
1629 1368 1727 1417 quod
1754 1369 1932 1408 dictorum
1959 1382 2184 1423 gestorumve

1193 1437 1355 1461 meorum
1373 1438 1563 1476 coarguere
1590 1438 1795 1480 potuerunt,
1814 1441 1853 1468 ut
1873 1446 1928 1469 me
1954 1448 2022 1471 non
2050 1436 2183 1488 recipe-

1192 1487 1292 1523 rent?
1314 1487 1454 1525 Deinde
1475 1502 1560 1525 cum
1584 1504 1638 1527 res
1661 1493 1835 1543 stupenda
1856 1494 1958 1531 nohis
1983 1507 2084 1547 esset,
2101 1513 2183 1536 cau-

1192 1560 1269 1583 sam
1285 1561 1425 1597 quoque
1441 1547 1554 1597 dixit3
1568 1564 1694 1603 nempe
1708 1552 1868 1603 ipsorum
1890 1556 2097 1605 nequitiam.
2112 1560 2182 1596 Ne-

1193 1622 1261 1658 que
1279 1609 1347 1646 hoc
1358 1610 1441 1647 satis
1452 1610 1593 1661 habuit,
1604 1613 1667 1650 sed
1681 1613 1786 1651 etiam
1797 1617 2008 1668 prophetam
2023 1619 2182 1669 adducit,

1193 1669 1378 1708 ostendens
1409 1671 1514 1709 illum
1542 1672 1618 1710 haec
1643 1674 1720 1726 jam
1749 1676 1836 1713 olim
1866 1681 2122 1729 praenuntiasse
2143 1696 2183 1719 ac

1193 1730 1328 1770 dixisse
1345 1748 1352 1769 :
1371 1734 1436 1771 95.
1464 1736 1564 1785 Quia
1594 1737 1680 1773 odio
1711 1739 1929 1778 hahuerunt
1957 1756 2018 1780 me
2044 1747 2179 1795 gratis.
2201 1733 2382 1766 P⁸¹⁷l·68·5·

1194 1793 1301 1839 Quod
1335 1804 1368 1832 et
1400 1796 1533 1833 Paulus
1566 1797 1662 1835 facit.
1690 1799 1819 1837 Multis
1850 1801 1945 1839 enirn
1970 1804 2184 1844 mirantibus

1195 1855 1293 1904 quod
1318 1854 1436 1895 Judaei
1465 1872 1535 1895 non
1561 1859 1791 1912 crediderint,
1812 1864 2003 1915 prophetas
2026 1867 2128 1904 affert
2147 1867 2186 1905 id

1193 1916 1280 1953 olim
1303 1918 1596 1970 praenuntiantes,
1616 1929 1650 1957 et
1669 1935 1811 1959 causam
1830 1925 2044 1975 proferentes
2063 1928 2184 1966 incre-

1194 1978 1371 2030 dulitatis,
1393 1994 1519 2033 nempe
1538 1982 1714 2021 malitiam
1734 1993 1767 2021 et
1783 1988 2023 2038 arrogantiam
2043 2004 2181 2028 eorum.

1193 2040 1293 2087 Quid
1310 2042 1422 2092 ergo?
1441 2042 1471 2079 si
1486 2057 1684 2081 sermonem
1699 2054 1802 2083 tuum
1820 2061 1890 2085 non
1904 2061 2106 2101 servarunt,
2125 2066 2184 2089 ne-

1193 2116 1262 2153 que
1286 2112 1448 2140 nostrum
1463 2104 1656 2142 servabunt
1677 2121 1684 2141 :
1705 2105 1735 2143 si
1762 2116 1796 2144 te
1819 2111 2023 2160 persequuti
2043 2122 2136 2160 sunt,
2150 2123 2184 2151 et

1193 2178 1255 2202 nos
1267 2174 1523 2216 persequentur
1544 2181 1552 2202 :
1575 2166 1604 2203 si
1615 2167 1784 2206 viderunt
1807 2170 1907 2222 signa
1923 2173 2043 2222 qualia
2062 2174 2184 2212 nullus

1192 2227 1283 2265 alius
1302 2227 1405 2276 feeit,
1427 2227 1457 2265 si
1483 2228 1592 2267 verba
1624 2230 1813 2269 audierunt
1834 2247 1903 2270 non
1925 2234 2094 2273 hactenus
2120 2251 2183 2274 au-

1191 2289 1280 2338 dita,
1301 2299 1333 2328 et
1360 2290 1454 2328 nihil
1482 2292 1726 2343 profecerunt,
1748 2294 1777 2331 si
1804 2297 1946 2334 Patrem
1968 2306 2068 2335 tuum
2095 2308 2128 2336 et
2150 2308 2184 2338 te

1192 2351 1368 2389 Oderunt:
1390 2366 1452 2389 cur
1479 2366 1542 2390 nos
1576 2352 1611 2390 in
1642 2354 1777 2392 medios
1804 2355 1983 2408 injecisti?
2003 2360 2183 2409 quomodo

1192 2426 1254 2450 nos
1274 2412 1345 2449 fide
1368 2411 1469 2463 digni
1496 2413 1652 2451 erimus?
1670 2415 1752 2465 quis
1772 2430 1817 2453 ex
1839 2418 2100 2457 contribulibus
2120 2435 2183 2459 nos

1191 2474 1338 2512 audiet?

1245 2537 1281 2573 5.
1306 2537 1359 2573 Ne
1387 2536 1505 2585 itaque
1526 2536 1600 2573 haec
1620 2537 1811 2588 cogitantes
1831 2541 2075 2593 turbarentur,
2098 2544 2182 2583 vide

1191 2610 1298 2646 quam
1317 2597 1441 2634 afferat
1478 2597 1764 2636 consolationem.
1799 2602 1861 2639 96.
1898 2603 1993 2640 Cum
2030 2609 2184 2643 venerit

1193 2658 1440 2703 Paracletus,
1466 2671 1579 2709 quem
1601 2673 1668 2711 ego
1685 2664 1851 2709 mittam,
1877 2664 2060 2715 Spiritum
2079 2670 2182 2704 veri-

1193 2721 1298 2763 tatis,
1323 2721 1388 2769 qui
1415 2733 1440 2755 a
1460 2720 1581 2756 Patre
1598 2723 1785 2771 procedit,
1822 2725 1891 2762 ille
1921 2729 2184 2766 testimonium

1189 2781 1405 2829 perhibebit
1426 2780 1473 2816 de
1510 2795 1582 2817 me.
1611 2783 1675 2819 97.
1712 2785 1767 2821 Et
1795 2799 1868 2823 vos
1905 2791 2179 2835 testimonium,

1189 2841 1452 2890 perhibebitis,
1479 2844 1573 2893 quia
1598 2845 1647 2880 ab
1679 2846 1790 2882 initio
1812 2861 1959 2885 mecum
1991 2853 2093 2888 estis.
2121 2851 2184 2888 Ille

1192 2899 1264 2937 fide
1283 2900 1413 2951 dignus
1433 2901 1500 2939 erit
1518 2917 1525 2938 :
1546 2917 1629 2940 nam
1659 2905 1817 2957 Spiritus
1839 2909 1998 2947 veritatis
2016 2920 2077 2948 est.
2100 2911 2182 2949 Ideo

1192 2975 1261 2998 non
1279 2961 1453 3013 Spiritum
1485 2973 1665 3014 sanctum,
1692 2966 1754 3004 sed.
1784 2968 1968 3020 Spiritum
2002 2975 2182 3010 veritatis

1192 3020 1311 3073 ipsum
1324 3024 1476 3061 vocavit.
1492 3024 1590 3062 Illud
1606 3040 1704 3076 vero,
1727 3029 1802 3078 Qui
1820 3044 1846 3067 a
1861 3032 1981 3068 Patre
1991 3034 2177 3083 procedit,

1191 3083 1345 3121 ostendit
1364 3083 1481 3136 ipsum
1501 3086 1620 3123 omnia
1638 3098 1800 3126 accurate
1820 3104 1931 3138 nosse,
1952 3092 2047 3143 quod
2074 3093 2181 3131 etiam

1190 3144 1235 3182 de
1263 3145 1378 3197 seipso
1408 3146 1497 3184 dicit
1526 3148 1710 3187 Christus:
1729 3151 1815 3189 Scio
1847 3154 1949 3190 unde
1981 3158 2112 3201 venio,
2145 3164 2182 3192 et

1192 3220 1267 3258 quo
1288 3208 1413 3257 vadO,
1435 3217 1469 3246 et
1486 3209 1544 3247 hic
1564 3210 1608 3248 de
1624 3211 1771 3250 veritate
1788 3213 1944 3264 loquens.
1972 3217 2090 3265 Quem
2113 3229 2181 3267 ego

1192 3270 1357 3306 mittam.
1374 3268 1467 3307 Ecce
1486 3284 1555 3309 non
1588 3273 1691 3311 Pater
1719 3273 1829 3323 solus,
1849 3274 1908 3312 sed
1942 3276 2047 3312 ctiam
2068 3276 2180 3313 Filius
