2507 3673
646 213 688 240 tx
728 214 1010 245 CHANANAEAM
1051 217 1105 245 ET
1145 219 1185 245 tx
1227 219 1518 259 1’11.xu.x‹›Nt=·„u‚
1559 222 1656 250 13'1‘12.

112 296 132 338 ἡ
151 292 354 342 ’,φιλονεικία-
379 292 436 330 καὶ
451 291 555 340 μέσον
570 294 690 331 ἑαυτὸν
710 295 909 347 παρενΟεὶς,
933 302 1023 334 ποιεῖ
1043 303 1130 350 πρᾶ-

110 361 184 396 γμα
213 347 250 383 οὐ
277 345 493 392 δικάζοντος,
516 346 592 382 ἀλλ’
615 346 866 398 εἰρηνεύοντος,
887 347 1016 398 εἷδὼς,,
1032 348 1085 386 ὅτι
1110 351 1131 394 ἡ

109 398 300 449 φιλονεικία
330 397 504 436 εὐσέὸειαν
524 400 589 449 οὐχ
614 399 765 446 ἵστησιν,
784 400 940 438 εὐσέὲεια
958 402 994 438 δὲ
1014 407 1130 439 πᾶσαν

2094 210 2184 267 ‹⁸³4⁷›

1204 311 1344 335 omnem
1361 299 1499 336 solvere
1518 300 1788 337 contentionem.
1817 308 1866 339 Ae
1885 302 2185 352 quemadmodum

1203 349 1263 399 qui
1300 363 1458 401 pugnam
1490 360 1523 388 et
1556 352 1749 389 tumultum
1784 353 1905 390 sedare
1946 356 2086 404 volunt,
2118 371 2184 395 non

1201 401 1348 438 alteram
1368 412 1504 453 partem
1523 403 1720 455 increpant,
1739 418 1782 441 nc
1804 406 1949 443 alteram
1975 408 2087 458 magis
2100 410 2185 447 irri-

110 450 242 488 διαλύει
261 450 484 502 φιλονεικίαν.
516 452 584 488 Καὶ
604 451 723 505 ὥσπερ
741 455 772 490 οἱ
802 453 1005 504 βουλόμενοι
1024 469 1130 491 κατα·
1143 480 1190 503 ,30
1204 462 1295 499 tent;
1309 453 1370 490 sed
1390 463 1574 506 utramque
1591 456 1849 507 reprimunt,ut
1863 472 1906 496 ex
1924 460 1983 495 tati
2001 462 2185 512 correptio-

109 505 262 541 στέλλειν
277 503 394 554 μάχην
411 502 470 541 καὶ
488 503 642 555 θόρυὸον,
658 507 721 556 οὐχ
737 505 784 542 ἑνὶ
800 505 897 557 μέρει
911 507 1131 556 ἐπιτιμῶσιν,
1156 516 1180 544 A
1201 519 1244 542 ne
1262 505 1457 544 faciliorem
1480 508 1617 545 consilii
1641 509 1696 545 sni
1725 509 1862 547 exitum
1882 511 2020 563 pariant
2038 527 2045 547 :
2063 514 2113 550 sic
2131 515 2184 551 di-

107 555 163 593 ἵνα
180 556 227 604 μὴ
244 571 283 593 το
297 555 410 607 ἕτερον
428 556 531 594 πλέον
545 556 731 608 ἐξάψιιωιν·
751 557 841 596 ἀλλὰ
855 557 913 595 καὶ
930 557 1041 608 τούτῳ
1057 558 1134 593 ἐπι-

107 611 238 658 τιμῶσι
257 608 407 661 κάκείνῳ
419 638 428 654 ,
448 607 504 646 ἵνα
522 609 578 646 διὰ
600 614 662 656 τῆς
681 609 858 660 ἐπιτιμίας
877 609 1132 660 εὐπαράδεκτον

107 660 211 704 ἕξωσι
229 660 292 708 τὴν
316 661 531 711 συμῧουλίαν
552 662 836 713 ἀπεργαζομένην
850 677 858 685 ·
881 661 989 704 οὕτως
1010 664 1028 698 ὁ
1047 664 1134 704 Οεῖος

109 713 300 757 ἀπόστολος
313 743 322 759 ,
354 714 458 764 μέσον
478 714 597 752 ἑαυτὸν
624 714 804 765 παρενθεὶς
824 716 892 751 τῶν
910 713 1133 765 μαχομένων,

107 766 337 804 καταστέλλει
373 767 432 804 καὶ
468 767 525 805 τὸν
556 767 746 805 Ἰουδαϊκὸν
787 765 944 819 Ορύλλον,
981 766 1040 804 καὶ
1076 766 1133 804 τὸν

107 818 144 863 ἐξ
163 821 282 857 ἐθνῶν.
314 819 539 857 ΚαΟάπτεται
568 819 602 856 δὲ
636 822 773 870 πρῶτον
801 822 860 856 τοῦ
892 819 1135 870 ἀναιδεστέρου

109 873 253 924 μέρους,
286 871 378 923 λέγω
406 871 446 917 δὴ
467 875 534 909 τῶν
566 871 757 910 Ἰουδαίων.
777 870 914 914 Πάντες
942 871 1010 924 γὰρ
1037 870 1135 914 κύνες

109 926 282 970 ἀναιδεῖς,
317 925 355 961 οὐ
387 923 569 973 δυνάμενοι
603 924 778 962 ὑλακτεῖν.
811 923 960 967 Ἀναιδὲς
997 924 1132 981 τὸωγέ-

108 993 181 1024 νος,
220 979 258 1015 οὐ
291 975 348 1013 διὰ
384 976 423 1014 τὸ
455 977 551 1028 γένος
589 975 707 1026 λέγω,
739 976 830 1014 ἀλλὰ
870 976 927 1014 διὰ
964 977 1003 1015 τὸ
1035 981 1130 1024 ἠΟος.

107 1031 160 1067 Οὐ
200 1028 267 1080 γὰρ
303 1028 342 1066 τὸ
371 1029 489 1079 ἀγενές
522 1030 615 1066 ἐστιν
654 1028 814 1077 ἀναιδὲς,
854 1030 930 1067 ἀλλ’
963 1033 981 1068 ὃ
1009 1030 1135 1082 τρόπος

108 1082 247 1133 ἀγενής.
288 1081 482 1119 Διαὲάλλει
525 1081 637 1118 τοίνυν
670 1082 709 1120 τὸ
742 1082 844 1134 μέρος
882 1085 984 1120 τοῦτο
1005 1112 1014 1129 ,
1045 1084 1136 1132 μᾶλ-

105 1137 163 1174 λον
194 1134 229 1174 δὲ
259 1134 473 1172 καθάπτεται
503 1134 625 1172 τούτου
665 1134 819 1188 πρώτου,
838 1138 898 1172 τοῦ
931 1135 1052 1186 μέρους
1077 1141 1136 1174 τοῦ

107 1189 266 1231 ἀναιδοῦς
278 1218 287 1235 ,
303 1187 389 1239 πρὸς
406 1187 423 1226 ὃ
442 1187 557 1238 ἔλεγεν
573 1186 738 1232 Ἡσαΐας·
754 1187 798 1225 Ὁ
815 1187 989 1240 τράχηλός
1006 1204 1065 1226 σου
1083 1204 1136 1226 σι·

321 1240 328 1252 Χ

109 1241 254 1292 δηροῦς,
273 1256 333 1278 και
362 1240 401 1278 τὸ
435 1240 596 1290 μέτωπόν
628 1255 688 1278 σου
716 1242 888 1292 γαλκοῧν·
911 1240 1018 1284 οὕτως
1038 1241 1135 1279 &wf-
1167 1254 1174 1263 “

131 1310 136 1314 .
269 1292 313 1314 J*
356 1293 434 1315 .-*
571 1293 646 1318 ,.’,,..
693 1286 823 1316 ‘J„'
879 1293 917 1330 λέ
1002 1293 1041 1317 .'‘

108 1309 255 1345 σχυντον
274 1308 346 1344 ῃοει
381 1309 440 1330 και
462 1297 479 1332 ὃ
499 1308 679 1344 προρη.ης
707 1295 865 1344 Ιερεμιας
901 1309 988 1344 ,γων
1043 1296 1134 1346 Οψις

107 1345 238 1398 πόρνης
265 1344 400 1396 ἐγένετό
422 1361 495 1392 σοι,
521 1345 686 1398 Ἰσραήλ·
710 1345 1030 1398 ἀπηνῃσχύντησας
1050 1347 1135 1400 πρὸς

107 1398 251 1442 πάντας.
270 1398 499 1436 Καθάπτεται
517 1397 631 1436 τοίνυν
651 1401 668 1436 ὃ
687 1401 773 1441 Οεῖος
793 1398 983 1442 ἀπόστολος
997 1403 1135 1452 πρῶτον

105 1456 165 1489 τοῦ
195 1451 351 1493 ἀναιδοῦς
389 1450 512 1503 μέρους
526 1480 535 1497 ,
570 1451 661 1503 λέγω
682 1450 724 1497 δὴ
756 1454 814 1488 τοῦ
844 1450 1036 1490 Ἰουδαϊκοῦ
1069 1452 1133 1502 μέ-

109 1519 186 1556 ρους
199 1519 206 1527 ·
228 1503 287 1541 καὶ
305 1502 423 1548 ἐπειδὴ
445 1503 657 1556 προσέφερον
671 1503 733 1550 τὴν
750 1503 967 1554 ἀρχαιότητα
982 1507 1051 1542 τῶν
1068 1521 1136 1542 πα-

106 1555 215 1609 τέρων
244 1555 423 1608 ’empna-u,
451 1556 592 1603 Ἰσαὰκ,
613 1556 762 1601 Ἰακὼὸ,
795 1555 964 1595 δείκνυσιν
996 1558 1134 1605 αὐτοῖς,

105 1609 159 1647 ὅτι
179 1612 216 1648 οὐ
236 1610 286 1646 δεῖ
304 1609 530 1659 σεμνύνεσθαι
552 1608 663 1660 γένει,
684 1608 774 1646 ἀλλὰ
794 1609 925 1661 τρόπῳ.
945 1609 1050 1648 αΟΟεν
1072 1613 1136 1662 ἀρ-

105 1661 254 1727 ἴόμενος
274 1661 393 1699 τούτου
423 1667 483 1699 τοῦ
504 1661 619 1713 λόγου,
636 1661 771 1712 ἔλεγεν·
802 1664 855 1700 Οὐ
884 1662 1012 1706 πάντες
1046 1666 1078 1702 οἳ
1103 1663 1136 1709 ἐξ

120 1708 270 1780 Ῑσραὴλ,
287 1709 381 1753 οὗτοι
396 1715 553 1766 Ἰσραήλ.
575 1714 721 1761 Ἐπειδὴ
741 1713 838 1765 γένος
861 1715 1137 1771 προφέρεις,ητὸν

106 1783 233 1818 τροπον
265 1769 302 1805 οὐ
322 1767 501 1814 δεικνύων,
537 1769 590 1804 Οὐ
618 1767 745 1810 πάντες
763 1770 794 1806 οἱ
814 1767 848 1812 ἐξ
865 1767 1026 1820 Ἰσραὴλ,
1045 1773 1139 1807 οὑτοι

107 1821 264 1873 Ἰσραήλ.
286 1821 410 1858 Ταῦτα
430 1820 516 1871 πρὸς
534 1820 611 1863 τοὺς
632 1820 835 1864 Ἰουδαίους.
854 1820 948 1858 Ἀλλ’
970 1821 1062 1860 Οὐδὲ
1086 1822 1140 1860 ὅτι

107 1874 173 1912 εἶσὶ
191 1873 332 1924 σπέρμα
349 1872 526 1924 Ἀδραὰμ,
542 1872 670 1916 πάντες
688 1873 794 1911 τέκνα
810 1888 818 1897 ·
837 1873 1034 1927 γέγραπται
1054 1873 1137 1926 γὰρ,

106 1925 160 1964 ὅτι
182 1926 243 1964 Ἐν
275 1925 399 1963 Ἰσαὰκ
426 1925 640 1972 κληθήσεταί
658 1941 711 1964 σοι
726 1925 878 1977 σπέρμα.
906 1928 951 1964 Εἰ
976 1926 1016 1964 τὸ
1042 1927 1139 1978 γένος

106 1985 199 2017 ποιεῖ
219 1979 274 2025 τὴν
291 1978 482 2025 εὓσέὸειαν,
503 1977 598 2016 οὐδὲν
616 1978 747 2016 ἐκώλυε
765 1978 822 2016 τὸν
845 1978 997 2029 Ἰσμαὴλ
1011 1994 1135 2031 προτι-

108 2035 241 2082 μᾶσθαι
257 2035 316 2068 τοῦ
333 2030 456 2069 Ἰσαάκ
469 2046 476 2053 ·
491 2031 561 2073 υἱὸς
576 2029 643 2083 γὰρ
660 2026 700 2078 ἦν
722 2035 781 2068 τοῦ
800 2030 978 2084 Ἀδραὰμ,
995 2033 1054 2070 καὶ
1063 2032 1138 2086 υἱὸς

107 2085 353 2136 πρεσὲύτερος.
389 2085 442 2121 Οὐ
476 2084 604 2127 πάντες
635 2077 691 2121 οὖν
727 2086 758 2121 οἱ
791 2082 826 2127 ἐξ
857 2084 1021 2135 Ἰσραὴλ,
1044 2087 1138 2122 οὗτοι

107 2136 271 2190 Ἰσραὴλ,
289 2136 364 2175 οὐδὲ
378 2137 430 2174 ὅτι
447 2136 514 2173 εἶσὶ
532 2136 674 2189 σπέρμα
692 2136 852 2187 Ἀὅραὰμ
865 2167 874 2184 ,
890 2137 1018 2181 πάντες
1032 2137 1136 2176 τέκνα

107 2189 268 2243 Ἀδραάμ
283 2204 291 2212 ·
323 2191 398 2227 ἀλλ’
431 2189 466 2226 ἐν
495 2188 619 2226 Ἰσαὰκ
649 2188 864 2235 κληθήσεταί
893 2204 947 2228 σοι
981 2189 1133 2242 σπέρμα.

107 2243 178 2281 Καὶ
200 2241 320 2293 ἐπάγει
334 2241 397 2288 τὴν
418 2241 605 2294 ἑρμηνείαν
625 2243 781 2289 Παῦλος,
801 2241 989 2290 τουτέστιν,
1006 2245 1059 2281 ὅτι
1079 2247 1132 2283 Οὐ

105 2295 150 2333 τὰ
175 2295 281 2333 τέκνα
305 2298 367 2342 τῆς
387 2294 513 2345 σαρκὸς
539 2294 713 2345 λογίζεται
741 2297 788 2338 εἷς
814 2293 946 2343 πίστιν,
981 2295 1071 2333 ἀλλὰ
1088 2297 1132 2335 τὰ

105 2349 210 2387 τέκνα
228 2352 290 2395 τῆς
317 2347 547 2398 ἐπαγγελίας,
573 2351 684 2385 ταῦτα
705 2346 811 2386 τέκνα
827 2350 887 2385 τοῦ
915 2351 1018 2387 Θεοῦ.
1039 2348 1131 2388 Ἀλλ’

107 2400 226 2448 ἐπειδὴ
243 2400 421 2452 ἐνδέγεται
435 2399 601 2438 Ἰουδαῖον
622 2402 846 2453 ἀντικροῧσαι
863 2400 949 2453 πρὸς
966 2401 1005 2440 τὸ
1022 2404 1130 2453 ῥῆμα,

106 2454 165 2492 καὶ
193 2445 389 2505 εἰσαγαγεῖν
420 2452 540 2505 ἑτέραν
569 2452 817 2504 ἀναισχυντίαν
840 2454 932 2492 κατὰ
952 2459 1012 2492 τοῦ
1040 2455 1130 2493 Θείου

107 2506 350 2560 κηρύγματος,
380 2505 440 2543 καὶ
472 2508 592 2552 εἰπεῖν,
612 2504 666 2542 ὅτι
691 2504 844 2554 Ἰσμαὴλ
865 2507 1130 2558 ἀπεδοκιμάσθη

107 2559 164 2597 διὰ
184 2559 222 2596 τὸ
242 2559 281 2595 ἐκ
302 2557 489 2604 παιδίσκης
509 2552 596 2595 εἶναι
609 2587 619 2605 ,
640 2557 764 2596 Ἰσαὰκ
786 2557 822 2596 δὲ
840 2560 1057 2610 προετιμήθη
1075 2560 1132 2599 διὰ

107 2612 146 2650 τὸ
166 2610 200 2655 ἐξ
219 2611 400 2661 ἐλευθέρας
428 2611 541 2662 φέρειν
568 2610 632 2656 τὴν
653 2610 824 2661 εὐγένειαν
842 2625 850 2634 ·
880 2612 1077 2663 ἀντεισάγει
1097 2613 1131 2652 δὲ

107 2664 248 2716 ὕστερον
278 2667 296 2702 ὁ
327 2663 479 2714 Ἰσμαὴλ
504 2662 638 2710 εἰκόνα,
666 2662 726 2701 καί
746 2678 870 2715 φησιν·
896 2666 950 2702 Οὐ
985 2666 1087 2716 μόνον
1112 2670 1134 2705 ’ὁ

108 2716 231 2756 Ἰσαὰκ
243 2746 252 2763 ,
275 2716 365 2755 ἀλλὰ
383 2715 443 2753 καὶ
461 2715 634 2754 Ῥεὸέκκα
653 2715 687 2759 ἐξ
705 2716 777 2759 ἑνὸς
795 2715 915 2764 κοίτην
932 2716 1059 2770 ἔχουσα
1074 2723 1133 2756 τοῦ

108 2770 239 2820 πατρὸς
253 2771 369 2819 ἡμῶν.
392 2768 513 2814 Μήπω
529 2767 596 2819 γὰρ
615 2768 847 2819 γεννηθέντων
863 2772 990 2818 αὐτῶν,
1005 2769 1027 2816 ἢ
1049 2786 1134 2823 πρα-

110 2820 238 2866 ξάντων
261 2838 295 2859 τι
317 2820 482 2873 ἀγαΟὸνῆ
504 2821 623 2868 κακὸν,
642 2821 699 2858 ἵνα
726 2824 748 2867 ἡ
775 2824 852 2860 κατ’
869 2822 1014 2874 ἐκλογὴν
1045 2824 1133 2875 πρό·-

109 2877 200 2918 Οεσις
223 2879 283 2913 τοῦ
317 2876 411 2913 Θεοῦ
449 2873 535 2925 μένῃ
553 2903 562 2921 ,
606 2876 666 2912 οὐκ
687 2873 721 2918 ἐξ
749 2873 870 2926 ἔργων,
907 2876 982 2913 ἀλλ’
1001 2877 1040 2914 ἐκ
1074 2881 1133 2914 τοῦ

109 2928 311 2973 καλοῦντος,
332 2927 460 2978 ε’ῤῥήΟη
492 2929 580 2978 αὐτῇ
595 2956 603 2972 ,
633 2927 685 2964 ὅτι
705 2930 723 2965 ὃ
745 2928 870 2977 μείζων
892 2927 1067 2966 δουλεύσει
1085 2932 1135 2980 τῷ

108 2979 280 3018 ἐλάσσονι.
298 2978 445 3026 Ἐπειδὴ
464 2980 535 3017 ἐκεῖ
554 2979 617 3025 τὴν
632 2979 789 3031 ἀγένειαν
806 2984 866 3027 τῆς
882 2980 1009 3032 σαρκὸς
1027 2996 1136 3032 προσ-

109 3031 223 3084 φέρεις
241 3034 289 3075 εἷς
311 3030 533 3083 φιλονεικίαν,
556 3030 713 3081 δείκνυμί
734 3047 787 3069 σοι
804 3034 842 3070 ἐκ
865 3039 946 3082 μιᾶς
965 3032 1060 3085 ῥίζης
1079 3033 1136 3072 δύο

110 3084 256 3127 κλάδους
276 3083 573 3135 ἀποσχισθέντας,
600 3089 614 3105 ²¹
627 3085 784 3135 δείκνυμί
815 3100 868 3122 σοι
888 3084 946 3122 τὸν
967 3085 1137 3124 ἀπιστού-

112 3152 212 3188 μενον
233 3136 398 3189 δεχθέντα
410 3167 419 3182 ,
438 3135 496 3173 τὸν
517 3136 553 3173 δὲ
567 3137 814 3187 πιστευόμενον
827 3137 982 3175 ἄδεκτον.
999 3140 1053 3176 Οὐ
1069 3138 1136 3189 γὰρ

111 3189 241 3242 ὓὲρίζει
258 3183 356 3241 φύσις
369 3218 378 3235 ,
401 3189 435 3227 ὃν
465 3187 512 3238 μὴ
528 3189 661 3240 ὑδρίζει
680 3189 860 3240 πρόθεσις,
882 3189 940 3227 ἵνα
957 3190 1069 3242 μάθῃς
1085 3190 1137 3228 ὅτι

114 3243 240 3294 ἐῤῥήθη
253 3270 263 3288 ,
289 3241 344 3280 ὅτι
359 3241 404 3279 ‘O
419 3240 543 3290 μείζων
564 3241 738 3280 δουλεύσει
753 3245 802 3293 τῷ
817 3243 977 3280 ἐλάσσονι
990 3273 999 3291 ,
1024 3242 1139 3286 καθὼς

156 3376 167 3387 «ι
194 3363 308 3395 Lectio
324 3371 486 3405 suspecta.

1200 557 1306 596 vinus
1327 560 1509 610 apostolus
1527 574 1601 598 sese
1616 561 1773 599 medinm
1785 563 1874 600 inter
1892 572 2086 615 pugnantes
2106 581 2187 603 con-

1201 611 1360 659 stituens,
1375 621 1407 649 ct
1423 612 1631 651 Judaeorum
1647 623 1679 650 et
1694 615 1879 664 gentilium
1899 630 2078 656 rumorem
2092 632 2186 656 com—

1201 663 1342 715 p1·imit;
1361 665 1547 716 primoque
1567 666 1863 718 impudentiorem
1885 670 2091 721 perstringit
2107 686 2187 723 par--

1202 725 1287 764 tem,
1307 730 1432 769 nempe
1460 718 1678 757 Judaeorum.
1701 721 1834 758 Omnes
1852 721 1944 758 enim
1966 733 2063 770 erant
2089 738 2189 762 canes

1204 768 1446 820 impudentes,
1473 771 1617 821 quinon
1639 782 1798 823 poterant
1826 774 1965 811 latrare.
1998 776 2190 828 Impudens

1203 830 1295 859 certe
1314 835 1424 871 genus
1439 833 1507 871 est3
1532 838 1600 862 non
1621 839 1667 862 ex
1682 838 1807 875 genere
1823 826 1916 873 dieo,
1936 827 1997 864 scd
2016 843 2060 866 ex
2076 830 2188 867 mori—

1202 873 1282 911 bus.
1299 875 1379 912 Non
1393 875 1598 926 ignobilitas
1613 886 1664 915 est
1682 878 1882 930 impudens,
1904 880 1965 917 sed
1982 895 2096 920 mores
2110 892 2191 920 sunt

1203 926 1388 977 ignobiles.
1412 929 1513 966 Hanc
1531 929 1650 980 itaque
1667 940 1804 982 partem
1832 932 1965 984 carpit,
1992 934 2064 972 imo
2095 936 2190 987 prio-

1204 993 1278 1017 rem
1305 980 1404 1018 illam
1432 982 1639 1032 aggreditur
1669 992 1706 1021 ut
1733 983 1997 1036 impudentem,
2023 987 2078 1024 cui
2105 988 2192 1025 dicit

1204 1032 1331 1070 Isaias:
1345 1034 1498 1075 Collum
1516 1043 1636 1088 tuum‘
1641 1038 1823 1087 ferreum,
1845 1039 1955 1088 frons
1974 1048 2041 1077 tua
2058 1054 2165 1078 cenea
2179 1058 2191 1084 ,·
2209 1054 2334 1093 ssu-124<
2365 1054 2391 1081 ἦ.

1205 1093 1276 1122 tam
1296 1085 1538 1137 impudentem
1552 1102 1625 1126 esse
1643 1089 1794 1127 sciebat:
1810 1089 1842 1127 et'
1857 1092 2028 1130 Jcremias
2042 1094 2193 1145 prophe-

1204 1146 1240 1174 ta
1269 1137 1390 1176 dicens
1407 1142 1558 1178 :Frons
1591 1145 1800 1179 meretricis
1828 1145 1909 1194 fuit
1936 1146 2018 1190 tibi,
2051 1147 2187 1192 Israel,
2207 1165 2268 1191 ΛΓ,
2295 1166 2322 1193 3.
2344 1166 2358 1193 3

1206 1193 1299 1242 quia
1330 1193 1530 1243 impudens
1549 1195 1673 1245 fuisti
1703 1196 1888 1233 adversas
1919 1210 2063 1236 omnes.
2095 1199 2193 1237 Hanc

1204 1243 1324 1293 itaque
1355 1244 1599 1296 impudentem
1631 1255 1768 1299 partem
1801 1249 1956 1299 priorem
1988 1251 2194 1301 aggreditur

1205 1295 1352 1333 divinus
1367 1298 1560 1348 apostolus,
1579 1312 1704 1351 nempe
1722 1299 1928 1351 Juda'l'cam3
1949 1311 1981 1339 et
2001 1305 2084 1353 quia
2103 1305 2191 1342 anti-

1204 1348 1376 1397 quitatem
1394 1351 1616 1401 proferebant
1636 1352 1811 1403 maj0rum
1831 1368 1977 1393 suorum
1997 1356 2192 1406 Abraham,

1205 1401 1306 1438 Isaac
1320 1410 1353 1439 et
1368 1404 1491 1452 Jacob,
1507 1404 1660 1442 ostendit
1678 1405 1750 1443 illis
1770 1420 1840 1444 non
1857 1417 2017 1459 oportere
2034 1409 2078 1447 de
2093 1423 2196 1461 gene-

1206 1467 1243 1490 re
1259 1453 1420 1504 gloriari,
1438 1455 1499 1493 scd
1516 1457 1560 1494 de
1576 1457 1746 1495 moribus.
1761 1460 1880 1506 Quare
1895 1460 1991 1499 hune
2009 1475 2110 1500 orsus
2125 1477 2196 1500 ser-

1207 1519 1347 1543 monem
1373 1507 1459 1546 dicit
1478 1511 1590 1547 :IVon
1613 1524 1744 1548 omnes
1772 1515 1839 1563 qui
1866 1528 1914 1549 ex·
1942 1516 2080 1561 Israel,
2107 1524 2195 1553 sunl
2213 1530 2299 1557 [ζμ-,μ4
2319 1542 2335 1567 ¹5
2370 1530 2397 1557 ιζ,

1205 1561 1345 1597 Israel.
1378 1561 1472 1607 Quia
1501 1575 1611 1613 genus
1636 1563 1785 1614 profers,
1810 1578 1872 1602 nee
1891 1579 2004 1604 mores
2031 1568 2193 1614 exhibes,

1208 1612 1299 1648 Non
1317 1626 1447 1651 omnes
1464 1617 1531 1666 qui
1546 1629 1594 1652 ez·
1614 1616 1753 1661 Israel,
1776 1626 1866 1654 sunt
1893 1620 2031 1657 Israel.
2054 1621 2136 1658 Haec
2152 1621 2198 1658 ad

1209 1663 1368 1715 Judaeos,
1385 1666 1448 1704 sed
1466 1669 1602 1719 Neque
1634 1671 1727 1727 qnia
1753 1678 1844 1707 sunt
1861 1683 1990 1709 semen
2005 1672 2047 1709 A
2051 1675 2194 1720 brahoe,

1211 1731 1341 1755 omnes
1365 1728 1453 1756 sunt
1471 1720 1585 1771 filii;
1605 1730 1776 1772 scriptum
1803 1731 1853 1760 est
1883 1723 1977 1761 enim
1994 1727 2064 1762 :In
2084 1728 2200 1763 Isaac
2217 1737 2294 1764 lma.
2312 1748 2336 1762 v,
2352 1749 2380 1775 ς,

1211 1773 1419 1809 ‘vocabitur
1437 1774 1506 1809 tibi
1528 1787 1670 1810 semen.
1701 1774 1741 1811 Si
1767 1788 1877 1825 genus
1899 1776 2066 1827 pietatem
2097 1778 2198 1826 facit,

1210 1822 1301 1860 nihil
1340 1825 1481 1862 vetabat
1524 1825 1715 1875 quominus
1755 1827 1884 1866 Ismae'l
1932 1838 2200 1881 anteponeretur

1209 1876 1330 1914 Isaaco
1347 1877 1469 1915 :filius
1498 1879 1593 1916 enim
1622 1888 1695 1917 erat
1724 1879 1891 1926 Abrahae,
1913 1891 1947 1919 ct
1973 1891 2051 1920 ortu
2084 1884 2195 1935 prior.

1209 1929 1300 1966 Non
1316 1943 1447 1967 omnes
1466 1930 1584 1981 itaque
1602 1934 1669 1983 qui
1694 1946 1739 1969 ex
1769 1934 1907 1979 lsrael,
1929 1944 2020 1973 sunt
2048 1937 2176 1974 Israel
2188 1953 2196 1972 ς

1210 1995 1332 2033 neque
1365 1985 1459 2034 quia
1489 1992 1578 2020 sunt
1608 1998 1735 2021 semen
1753 1984 1943 2032 Abrahce,
1967 2001 2098 2026 omnes
2114 1989 2201 2041 filii

1207 2034 1250 2072 A
1254 2035 1385 2072 bralzae
1409 2044 1518 2074 sunt:
1533 2037 1602 2073 sed
1619 2039 1661 2073 in
1679 2039 1795 2074 Isaac
1814 2041 2022 2077 vocabitur
2044 2043 2112 2078 tibi
2142 2056 2199 2079 se-

1206 2101 1308 2123 men.
1328 2087 1656 2139 Interpretationem
1669 2103 1754 2127 vero
1769 2089 1820 2127 sic
1834 2090 1933 2128 addit
1946 2092 2095 2130 Paulus:
2108 2095 2197 2131 [Von
2216 2104 2295 2131 Μία.
2315 2115 2341 2132 v.
2360 2103 2389 2132 ὃ,

1194 2140 1282 2192 filii
1310 2143 1439 2177 carnis
1464 2141 1685 2178 aestimantur
1712 2141 1748 2179 in
1769 2141 1895 2190 fidem,
1916 2146 1985 2181 sed
1997 2145 2084 2196 filii
2101 2160 2195 2197 pro-

1206 2194 1414 2239 missionis,
1435 2194 1570 2246 hifilii
1591 2195 1667 2231 Dei
1690 2204 1793 2232 sunt.
1817 2195 1887 2233 Sed
1912 2196 1995 2247 quia
2014 2197 2109 2235 dicto
2128 2199 2195 2236 ob—

1156 2259 1178 2288 C
1205 2244 1334 2282 sistunt
1349 2246 1370 2283 J
1374 2245 1480 2295 udmi,
1500 2256 1533 2284 et
1551 2247 1659 2284 aliam
1677 2247 1815 2285 addunt
1835 2247 2096 2300 impudentiam
2115 2265 2197 2288 con-

1204 2306 1259 2334 tra
1279 2297 1442 2336 divinam
1463 2299 1769 2350 praedicationem,
1790 2300 1984 2351 dicuntque
2015 2304 2197 2341 Ismafflem

1202 2350 1432 2402 reprobatum
1442 2351 1562 2398 fuisse,
1574 2352 1669 2402 quod
1679 2368 1724 2391 ex
1735 2353 1863 2390 ancilla
1876 2362 1974 2391 ortus
1986 2364 2093 2405 esset3
2109 2356 2197 2393 Isra-

1203 2403 1292 2442 e'lem
1307 2417 1391 2441 vero
1411 2404 1641 2456 praepositum
1661 2405 1779 2451 fuisse,
1800 2405 1894 2456 quod
1910 2421 1955 2444 ex
1970 2407 2080 2445 libera
2100 2418 2198 2446 ortus

1202 2465 1235 2494 et
1256 2456 1387 2494 nobilis
1403 2466 1506 2504 esset,
1527 2457 1670 2495 demum
1686 2458 1844 2496 Ismaelis
1858 2458 2047 2510 imaginem
2060 2460 2198 2499 inducit

1203 2517 1237 2547 et
1255 2508 1304 2546 ait
1321 2510 1432 2546 :Non
1450 2510 1574 2547 solum
1590 2511 1699 2558 Isaac,
1719 2511 1787 2548 sed
1804 2519 1841 2547 et
1860 2513 2031 2550 Rebecca
2053 2528 2100 2550 ex
2120 2528 2196 2551 uno
2214 2531 2331 2557 ll›1‹l.v.
2350 2539 2394 2557 10,

1202 2571 1317 2613 patre
1346 2570 1475 2599 nostro
1501 2564 1747 2600 concubitum
1776 2564 1937 2601 habens.
1967 2566 2063 2602 Cum
2095 2570 2303 2604 enim—13-

1207 2614 1377 2651 nondwn
1396 2617 1480 2651 nati
1499 2623 1636 2661 essent,
1657 2624 1726 2653 aut
1744 2616 1899 2667 aliquid
1921 2619 2011 2654 boni
2034 2622 2196 2670 egissent

1205 2675 1274 2704 aut
1291 2666 1401 2712 mali,
1426 2674 1465 2703 ut
1489 2668 1699 2704 secundum
1718 2668 1942 2706 electionem
1959 2675 2196 2722 proposition

1206 2720 1283 2756 Dei
1298 2726 1470 2756 maneret
1481 2735 1494 2763 ,-
1511 2733 1588 2756 non
1600 2734 1647 2757 ex
1662 2722 1850 2772 operibus,
1868 2723 1937 2759 sed
1951 2737 1998 2760 ea·
2012 2734 2192 2771 vocante,

1207 2772 1351 2809 dictum
1371 2780 1426 2809 est
1447 2773 1502 2808 ei:
1516 2773 1648 2824 ,Major
1665 2776 1804 2811 serviet
1820 2777 1974 2812 minori.
1989 2776 2084 2822 Quia
2098 2777 2195 2829 igno-

1205 2823 1380 2860 bilitatem
1399 2824 1535 2875 generis
1553 2825 1688 2876 profers
1710 2825 1755 2863 ad
1782 2827 2054 2878 contentionem,
2076 2839 2195 2867 osten-

1207 2876 1254 2913 do
1274 2875 1339 2913 tibi
1356 2889 1401 2913 ex
1417 2890 1487 2913 una
1507 2877 1626 2915 radice
1653 2877 1743 2916 duos
1759 2877 1895 2917 divisos
1916 2881 2029 2918 emitti
2058 2897 2193 2930 ramos3

1209 2929 1354 2965 ostendo
1367 2928 1433 2966 tibi
1449 2943 1529 2966 cum
1543 2929 1603 2979 qui
1628 2944 1698 2968 non
1734 2931 1929 2970 crediderat
1944 2933 2101 2985 admitti,
2118 2950 2198 2973 eum

1208 2994 1291 3019 vero
1303 2981 1365 3031 qui
1381 2980 1578 3019 crediderat
1590 2982 1747 3021 minime.
1759 2985 1837 3022 Non
1853 2986 1948 3023 enim
1964 2986 2060 3024 laedit
2073 2997 2197 3025 natura

1206 3047 1415 3084 eum,quem
1431 3047 1500 3072 non
1514 3034 1613 3072 laedit
1627 3036 1863 3088 propositum,
1876 3047 1916 3076 ut
1931 3038 2047 3076 discas
2061 3040 2197 3078 dictum

1208 3099 1282 3123 esse
1302 3101 1309 3121 :
1329 3088 1463 3137 Major
1486 3090 1626 3124 serviet
1657 3091 1810 3135 minori,
1840 3099 1881 3127 ut
1910 3094 2093 3142 scriptum
2116 3101 2193 3129 est:

1208 3139 1332 3176 Jacob
1350 3140 1484 3185 dilati,
1506 3141 1615 3177 Esait'
1632 3149 1762 3179 autern
1782 3142 1870 3179 odio
1891 3144 2020 3181 habui.
2044 3145 2125 3181 Haec
2151 3158 2195 3180 ex

1208 3190 1331 3239 divina
1349 3205 1434 3230 voce
1449 3193 1583 3244 profert
1598 3193 1741 3231 Paulus.
1764 3194 1859 3231 Dicit
1875 3196 2007 3247 quippe
2023 3197 2119 3233 Deus
2134 3210 2196 3247 per

1209 3244 1415 3295 prophetam
1433 3260 1440 3280 :
1461 3246 1599 3283 Nonne
1618 3245 1748 3297 fimet·
1771 3256 1851 3283 crac
1888 3248 1989 3284 Esaii
2024 3249 2164 3286 Jacobi
2180 3253 2195 3286 P
2212 3265 2348 3292 alulit-fh*
2373 3274 2395 3289 ι,

2211 3316 2273 3335 ja.
