<?xml version="1.0" encoding="UTF-8"?>
<!DOCTYPE html PUBLIC "-//W3C//DTD XHTML 1.0 Transitional//EN"
    "http://www.w3.org/TR/xhtml1/DTD/xhtml1-transitional.dtd">
<html xmlns="http://www.w3.org/1999/xhtml" xml:lang="en" lang="en">
 <head>
  <title>
</title>
<meta http-equiv="Content-Type" content="text/html;charset=utf-8" />
  <meta name='ocr-system' content='tesseract 3.04.00' />
  <meta name='ocr-capabilities' content='ocr_page ocr_carea ocr_par ocr_line ocrx_word'/>
</head>
<body>
  <div class='ocr_page' id='page_1' title='image "./operaomniaquaeex08johnuoft/operaomniaquaeex08johnuoft_0018.png"; bbox 0 0 2450 3683; ppageno 0'>
   <div class='ocr_carea' id='block_1_1' title="bbox 274 226 1433 259">
    <p class='ocr_par' dir='ltr' id='par_1_1' title="bbox 274 226 1433 259">
     <span class='ocr_line' id='line_1_1' title="bbox 274 226 1433 259; baseline -0.003 -1"><span class='ocrx_word' id='word_1_1' title='bbox 274 228 288 254; x_wconf 71' lang='grc' dir='ltr'>ἰ</span> <span class='ocrx_word' id='word_1_2' title='bbox 306 231 353 259; x_wconf 68' lang='lat' dir='ltr'>itt</span> <span class='ocrx_word' id='word_1_3' title='bbox 1193 226 1433 255; x_wconf 64' lang='lat' dir='ltr'>t*tt.t&lt;]t&lt;&#39;.t‘t&#39;to.</span> 
     </span>
    </p>
   </div>
   <div class='ocr_carea' id='block_1_2' title="bbox 270 307 2364 3444">
    <p class='ocr_par' dir='ltr' id='par_1_2' title="bbox 272 307 2347 477">
     <span class='ocr_line' id='line_1_2' title="bbox 272 307 2346 361; baseline -0.003 -10"><span class='ocrx_word' id='word_1_4' title='bbox 272 314 308 351; x_wconf 88' lang='lat' dir='ltr'>in</span> <span class='ocrx_word' id='word_1_5' title='bbox 330 315 404 351; x_wconf 92' lang='lat' dir='ltr'>Deo</span> <span class='ocrx_word' id='word_1_6' title='bbox 423 322 487 361; x_wconf 81' lang='lat' dir='ltr'>est,</span> <span class='ocrx_word' id='word_1_7' title='bbox 512 322 679 350; x_wconf 65' lang='lat' dir='ltr'>a‘ternum</span> <span class='ocrx_word' id='word_1_8' title='bbox 699 312 823 361; x_wconf 86' lang='lat' dir='ltr'>utique</span> <span class='ocrx_word' id='word_1_9' title='bbox 840 320 900 348; x_wconf 84' lang='lat' dir='ltr'>est.</span> <span class='ocrx_word' id='word_1_10' title='bbox 918 308 1026 356; x_wconf 83' lang='lat' dir='ltr'>Quod</span> <span class='ocrx_word' id='word_1_11' title='bbox 1042 316 1158 345; x_wconf 86' lang='lat' dir='ltr'>autem</span> <span class='ocrx_word' id='word_1_12' title='bbox 1181 308 1215 344; x_wconf 90' lang='lat' dir='ltr'>in</span> <span class='ocrx_word' id='word_1_13' title='bbox 1234 309 1308 344; x_wconf 92' lang='lat' dir='ltr'>Deo</span> <span class='ocrx_word' id='word_1_14' title='bbox 1329 307 1490 346; x_wconf 82' lang='lat' dir='ltr'>Verbum</span> <span class='ocrx_word' id='word_1_15' title='bbox 1507 308 1552 345; x_wconf 83' lang='lat' dir='ltr'>sit</span> <span class='ocrx_word' id='word_1_16' title='bbox 1568 308 1642 360; x_wconf 85' lang='lat' dir='ltr'>ipse</span> <span class='ocrx_word' id='word_1_17' title='bbox 1659 309 1772 346; x_wconf 86' lang='lat' dir='ltr'>Filius</span> <span class='ocrx_word' id='word_1_18' title='bbox 1786 308 1884 355; x_wconf 85' lang='lat' dir='ltr'>dicit,</span> <span class='ocrx_word' id='word_1_19' title='bbox 1903 311 1987 360; x_wconf 75' lang='lat' dir='ltr'>Ego</span> <span class='ocrx_word' id='word_1_20' title='bbox 2007 312 2045 345; x_wconf 76' lang='lat' dir='ltr'>in</span> <span class='ocrx_word' id='word_1_21' title='bbox 2066 309 2197 355; x_wconf 78' lang='lat' dir='ltr'>Patre,</span> <span class='ocrx_word' id='word_1_22' title='bbox 2220 317 2255 345; x_wconf 84' lang='lat' dir='ltr'>et</span> <span class='ocrx_word' id='word_1_23' title='bbox 2269 308 2346 345; x_wconf 24' lang='lat' dir='ltr'>Pa-</span> 
     </span>
     <span class='ocr_line' id='line_1_3' title="bbox 274 369 2347 427; baseline -0.003 -14"><span class='ocrx_word' id='word_1_24' title='bbox 274 386 331 414; x_wconf 82' lang='lat' dir='ltr'>ter</span> <span class='ocrx_word' id='word_1_25' title='bbox 347 379 388 414; x_wconf 83' lang='lat' dir='ltr'>in</span> <span class='ocrx_word' id='word_1_26' title='bbox 407 391 466 415; x_wconf 85' lang='lat' dir='ltr'>me</span> <span class='ocrx_word' id='word_1_27' title='bbox 485 387 550 415; x_wconf 81' lang='lat' dir='ltr'>est.</span> <span class='ocrx_word' id='word_1_28' title='bbox 570 376 646 427; x_wconf 80' lang='lat' dir='ltr'>Ego</span> <span class='ocrx_word' id='word_1_29' title='bbox 661 375 695 412; x_wconf 92' lang='lat' dir='ltr'>in</span> <span class='ocrx_word' id='word_1_30' title='bbox 711 376 826 423; x_wconf 87' lang='lat' dir='ltr'>Patre,</span> <span class='ocrx_word' id='word_1_31' title='bbox 846 383 878 411; x_wconf 89' lang='lat' dir='ltr'>et</span> <span class='ocrx_word' id='word_1_32' title='bbox 894 372 1050 411; x_wconf 82' lang='lat' dir='ltr'>vicissim</span> <span class='ocrx_word' id='word_1_33' title='bbox 1067 372 1169 408; x_wconf 89' lang='lat' dir='ltr'>Pater</span> <span class='ocrx_word' id='word_1_34' title='bbox 1184 370 1220 407; x_wconf 88' lang='lat' dir='ltr'>in</span> <span class='ocrx_word' id='word_1_35' title='bbox 1236 384 1310 419; x_wconf 87' lang='lat' dir='ltr'>me,</span> <span class='ocrx_word' id='word_1_36' title='bbox 1333 383 1402 421; x_wconf 89' lang='lat' dir='ltr'>quo</span> <span class='ocrx_word' id='word_1_37' title='bbox 1422 369 1519 408; x_wconf 86' lang='lat' dir='ltr'>dieto</span> <span class='ocrx_word' id='word_1_38' title='bbox 1538 370 1671 422; x_wconf 86' lang='lat' dir='ltr'>paritas</span> <span class='ocrx_word' id='word_1_39' title='bbox 1693 380 1726 409; x_wconf 91' lang='lat' dir='ltr'>et</span> <span class='ocrx_word' id='word_1_40' title='bbox 1744 371 1939 422; x_wconf 66' lang='lat' dir='ltr'>aequalssas,</span> <span class='ocrx_word' id='word_1_41' title='bbox 1960 385 2000 409; x_wconf 91' lang='lat' dir='ltr'>ac</span> <span class='ocrx_word' id='word_1_42' title='bbox 2015 370 2162 422; x_wconf 82' lang='lat' dir='ltr'>proinde</span> <span class='ocrx_word' id='word_1_43' title='bbox 2175 369 2347 408; x_wconf 58' lang='lat' dir='ltr'>aeternitas</span> 
     </span>
     <span class='ocr_line' id='line_1_4' title="bbox 276 439 861 477; baseline -0.007 0"><span class='ocrx_word' id='word_1_44' title='bbox 276 440 358 477; x_wconf 83' lang='lat' dir='ltr'>Filii</span> <span class='ocrx_word' id='word_1_45' title='bbox 376 440 570 477; x_wconf 79' lang='lat' dir='ltr'>clarissime</span> <span class='ocrx_word' id='word_1_46' title='bbox 586 439 861 476; x_wconf 85' lang='lat' dir='ltr'>demonstratur.</span> 
     </span>
    </p>

    <p class='ocr_par' dir='ltr' id='par_1_3' title="bbox 270 493 2351 1054">
     <span class='ocr_line' id='line_1_5' title="bbox 328 493 2348 553; baseline -0.005 -14"><span class='ocrx_word' id='word_1_47' title='bbox 328 502 423 540; x_wconf 88' lang='lat' dir='ltr'>Illud</span> <span class='ocrx_word' id='word_1_48' title='bbox 442 503 571 552; x_wconf 83' lang='lat' dir='ltr'>itaque,</span> <span class='ocrx_word' id='word_1_49' title='bbox 589 503 709 553; x_wconf 76' lang='lat' dir='ltr'>Apud</span> <span class='ocrx_word' id='word_1_50' title='bbox 732 501 873 547; x_wconf 80' lang='lat' dir='ltr'>Deum,</span> <span class='ocrx_word' id='word_1_51' title='bbox 893 500 934 536; x_wconf 91' lang='lat' dir='ltr'>In</span> <span class='ocrx_word' id='word_1_52' title='bbox 949 499 1023 534; x_wconf 89' lang='lat' dir='ltr'>Deo</span> <span class='ocrx_word' id='word_1_53' title='bbox 1037 496 1224 548; x_wconf 85' lang='lat' dir='ltr'>significat.</span> <span class='ocrx_word' id='word_1_54' title='bbox 1239 496 1346 543; x_wconf 87' lang='lat' dir='ltr'>Quod</span> <span class='ocrx_word' id='word_1_55' title='bbox 1360 511 1456 547; x_wconf 83' lang='lat' dir='ltr'>vero,</span> <span class='ocrx_word' id='word_1_56' title='bbox 1479 500 1529 535; x_wconf 83' lang='lat' dir='ltr'>In</span> <span class='ocrx_word' id='word_1_57' title='bbox 1542 499 1731 549; x_wconf 82' lang='lat' dir='ltr'>principio</span> <span class='ocrx_word' id='word_1_58' title='bbox 1744 496 1898 546; x_wconf 85' lang='lat' dir='ltr'>dicatur,</span> <span class='ocrx_word' id='word_1_59' title='bbox 1915 511 1957 534; x_wconf 92' lang='lat' dir='ltr'>ne</span> <span class='ocrx_word' id='word_1_60' title='bbox 1976 496 2060 534; x_wconf 88' lang='lat' dir='ltr'>hinc</span> <span class='ocrx_word' id='word_1_61' title='bbox 2076 506 2193 534; x_wconf 77' lang='lat' dir='ltr'>tamen</span> <span class='ocrx_word' id='word_1_62' title='bbox 2206 493 2348 531; x_wconf 92' lang='lat' dir='ltr'>initium</span> 
     </span>
     <span class='ocr_line' id='line_1_6' title="bbox 273 557 2349 615; baseline -0.005 -12"><span class='ocrx_word' id='word_1_63' title='bbox 273 565 477 611; x_wconf 75' lang='lat' dir='ltr'>exsistendi,</span> <span class='ocrx_word' id='word_1_64' title='bbox 495 574 555 602; x_wconf 89' lang='lat' dir='ltr'>aut</span> <span class='ocrx_word' id='word_1_65' title='bbox 570 562 787 615; x_wconf 88' lang='lat' dir='ltr'>principium</span> <span class='ocrx_word' id='word_1_66' title='bbox 805 560 974 612; x_wconf 83' lang='lat' dir='ltr'>temporis</span> <span class='ocrx_word' id='word_1_67' title='bbox 992 559 1049 596; x_wconf 84' lang='lat' dir='ltr'>vel</span> <span class='ocrx_word' id='word_1_68' title='bbox 1067 558 1265 597; x_wconf 79' lang='lat' dir='ltr'>durationis</span> <span class='ocrx_word' id='word_1_69' title='bbox 1280 560 1402 598; x_wconf 89' lang='lat' dir='ltr'>Verbo</span> <span class='ocrx_word' id='word_1_70' title='bbox 1416 559 1609 597; x_wconf 80' lang='lat' dir='ltr'>adscribas.</span> <span class='ocrx_word' id='word_1_71' title='bbox 1633 561 1710 597; x_wconf 90' lang='lat' dir='ltr'>Non</span> <span class='ocrx_word' id='word_1_72' title='bbox 1728 560 1821 597; x_wconf 87' lang='lat' dir='ltr'>enim</span> <span class='ocrx_word' id='word_1_73' title='bbox 1842 560 1925 597; x_wconf 89' lang='lat' dir='ltr'>hinc</span> <span class='ocrx_word' id='word_1_74' title='bbox 1939 568 2065 611; x_wconf 88' lang='lat' dir='ltr'>potest,</span> <span class='ocrx_word' id='word_1_75' title='bbox 2079 557 2238 610; x_wconf 86' lang='lat' dir='ltr'>quisquis</span> <span class='ocrx_word' id='word_1_76' title='bbox 2258 570 2349 594; x_wconf 71' lang='lat' dir='ltr'>Sana!</span> 
     </span>
     <span class='ocr_line' id='line_1_7' title="bbox 274 617 2349 675; baseline -0.005 -11"><span class='ocrx_word' id='word_1_77' title='bbox 274 627 400 664; x_wconf 82' lang='lat' dir='ltr'>mentis</span> <span class='ocrx_word' id='word_1_78' title='bbox 419 626 521 662; x_wconf 83' lang='lat' dir='ltr'>fuerit</span> <span class='ocrx_word' id='word_1_79' title='bbox 535 655 544 672; x_wconf 86' lang='lat'>,</span> <span class='ocrx_word' id='word_1_80' title='bbox 571 624 638 662; x_wconf 86' lang='lat' dir='ltr'>tale</span> <span class='ocrx_word' id='word_1_81' title='bbox 659 622 878 675; x_wconf 87' lang='lat' dir='ltr'>principium</span> <span class='ocrx_word' id='word_1_82' title='bbox 906 620 997 659; x_wconf 78' lang='lat' dir='ltr'>Filio</span> <span class='ocrx_word' id='word_1_83' title='bbox 1017 620 1083 658; x_wconf 90' lang='lat' dir='ltr'>Dei</span> <span class='ocrx_word' id='word_1_84' title='bbox 1113 620 1279 659; x_wconf 86' lang='lat' dir='ltr'>tribuere.</span> <span class='ocrx_word' id='word_1_85' title='bbox 1311 621 1407 659; x_wconf 83' lang='lat' dir='ltr'>Illud</span> <span class='ocrx_word' id='word_1_86' title='bbox 1426 621 1533 671; x_wconf 87' lang='lat' dir='ltr'>enim,</span> <span class='ocrx_word' id='word_1_87' title='bbox 1555 624 1605 658; x_wconf 83' lang='lat' dir='ltr'>In</span> <span class='ocrx_word' id='word_1_88' title='bbox 1629 624 1816 673; x_wconf 83' lang='lat' dir='ltr'>principio</span> <span class='ocrx_word' id='word_1_89' title='bbox 1836 630 1928 669; x_wconf 84' lang='lat' dir='ltr'>erat,</span> <span class='ocrx_word' id='word_1_90' title='bbox 1950 635 2019 658; x_wconf 91' lang='lat' dir='ltr'>non</span> <span class='ocrx_word' id='word_1_91' title='bbox 2041 621 2076 657; x_wconf 93' lang='lat' dir='ltr'>in</span> <span class='ocrx_word' id='word_1_92' title='bbox 2093 618 2269 671; x_wconf 88' lang='lat' dir='ltr'>principio</span> <span class='ocrx_word' id='word_1_93' title='bbox 2300 617 2349 654; x_wconf 86' lang='lat' dir='ltr'>fa-</span> 
     </span>
     <span class='ocr_line' id='line_1_8' title="bbox 273 684 2349 737; baseline -0.006 -10"><span class='ocrx_word' id='word_1_94' title='bbox 273 700 367 727; x_wconf 82' lang='lat' dir='ltr'>rtum</span> <span class='ocrx_word' id='word_1_95' title='bbox 388 688 493 725; x_wconf 80' lang='lat' dir='ltr'>fuisse</span> <span class='ocrx_word' id='word_1_96' title='bbox 516 687 676 726; x_wconf 79' lang='lat' dir='ltr'>Verbum</span> <span class='ocrx_word' id='word_1_97' title='bbox 697 685 898 736; x_wconf 83' lang='lat' dir='ltr'>significare</span> <span class='ocrx_word' id='word_1_98' title='bbox 917 693 1042 736; x_wconf 85' lang='lat' dir='ltr'>potest.</span> <span class='ocrx_word' id='word_1_99' title='bbox 1064 684 1185 735; x_wconf 84' lang='lat' dir='ltr'>Neque</span> <span class='ocrx_word' id='word_1_100' title='bbox 1204 684 1299 722; x_wconf 87' lang='lat' dir='ltr'>enim</span> <span class='ocrx_word' id='word_1_101' title='bbox 1312 684 1349 722; x_wconf 88' lang='lat' dir='ltr'>id</span> <span class='ocrx_word' id='word_1_102' title='bbox 1370 685 1478 723; x_wconf 84' lang='lat' dir='ltr'>verba</span> <span class='ocrx_word' id='word_1_103' title='bbox 1494 685 1570 737; x_wconf 85' lang='lat' dir='ltr'>ipsa</span> <span class='ocrx_word' id='word_1_104' title='bbox 1590 694 1724 734; x_wconf 89' lang='lat' dir='ltr'>sonant,</span> <span class='ocrx_word' id='word_1_105' title='bbox 1747 694 1780 722; x_wconf 87' lang='lat' dir='ltr'>et</span> <span class='ocrx_word' id='word_1_106' title='bbox 1795 684 1952 735; x_wconf 89' lang='lat' dir='ltr'>alioquin</span> <span class='ocrx_word' id='word_1_107' title='bbox 1981 684 2078 720; x_wconf 89' lang='lat' dir='ltr'>Deus</span> <span class='ocrx_word' id='word_1_108' title='bbox 2092 695 2272 732; x_wconf 86' lang='lat' dir='ltr'>nunquam</span> <span class='ocrx_word' id='word_1_109' title='bbox 2286 693 2349 731; x_wconf 90' lang='lat' dir='ltr'>po—</span> 
     </span>
     <span class='ocr_line' id='line_1_9' title="bbox 272 743 2350 800; baseline -0.005 -11"><span class='ocrx_word' id='word_1_110' title='bbox 272 753 337 789; x_wconf 82' lang='lat' dir='ltr'>luit</span> <span class='ocrx_word' id='word_1_111' title='bbox 356 766 427 788; x_wconf 77' lang='lat' dir='ltr'>esse</span> <span class='ocrx_word' id='word_1_112' title='bbox 444 751 516 788; x_wconf 79' lang='lat' dir='ltr'>sine</span> <span class='ocrx_word' id='word_1_113' title='bbox 538 750 671 798; x_wconf 63' lang='lat' dir='ltr'>Velim,</span> <span class='ocrx_word' id='word_1_114' title='bbox 693 749 732 786; x_wconf 86' lang='lat' dir='ltr'>id</span> <span class='ocrx_word' id='word_1_115' title='bbox 749 747 845 799; x_wconf 89' lang='lat' dir='ltr'>quod</span> <span class='ocrx_word' id='word_1_116' title='bbox 864 747 978 798; x_wconf 81' lang='lat' dir='ltr'>magis</span> <span class='ocrx_word' id='word_1_117' title='bbox 993 761 1038 784; x_wconf 82' lang='lat' dir='ltr'>ex</span> <span class='ocrx_word' id='word_1_118' title='bbox 1059 761 1144 785; x_wconf 86' lang='lat' dir='ltr'>voce</span> <span class='ocrx_word' id='word_1_119' title='bbox 1163 748 1288 785; x_wconf 79' lang='lat' dir='ltr'>Graeca</span> <span class='ocrx_word' id='word_1_120' title='bbox 1311 748 1410 799; x_wconf 76' lang='grc' dir='ltr'>λόγος</span> <span class='ocrx_word' id='word_1_121' title='bbox 1438 747 1715 800; x_wconf 74' lang='lat' dir='ltr'>deprehenditur</span> <span class='ocrx_word' id='word_1_122' title='bbox 1727 763 1737 797; x_wconf 81' lang='lat'>3</span> <span class='ocrx_word' id='word_1_123' title='bbox 1761 747 1939 799; x_wconf 82' lang='lat' dir='ltr'>significat</span> <span class='ocrx_word' id='word_1_124' title='bbox 1958 747 2052 784; x_wconf 88' lang='lat' dir='ltr'>enim</span> <span class='ocrx_word' id='word_1_125' title='bbox 2076 754 2109 783; x_wconf 88' lang='lat' dir='ltr'>et</span> <span class='ocrx_word' id='word_1_126' title='bbox 2126 743 2291 784; x_wconf 82' lang='lat' dir='ltr'>Verbum</span> <span class='ocrx_word' id='word_1_127' title='bbox 2317 750 2350 779; x_wconf 86' lang='lat' dir='ltr'>et</span> 
     </span>
     <span class='ocr_line' id='line_1_10' title="bbox 271 804 2348 861; baseline -0.005 -9"><span class='ocrx_word' id='word_1_128' title='bbox 271 815 456 852; x_wconf 84' lang='lat' dir='ltr'>rationem.</span> <span class='ocrx_word' id='word_1_129' title='bbox 479 814 562 852; x_wconf 76' lang='lat' dir='ltr'>Sine</span> <span class='ocrx_word' id='word_1_130' title='bbox 581 813 714 850; x_wconf 89' lang='lat' dir='ltr'>ratione</span> <span class='ocrx_word' id='word_1_131' title='bbox 733 821 851 849; x_wconf 86' lang='lat' dir='ltr'>autem</span> <span class='ocrx_word' id='word_1_132' title='bbox 873 819 907 848; x_wconf 89' lang='lat' dir='ltr'>et</span> <span class='ocrx_word' id='word_1_133' title='bbox 930 810 1050 851; x_wconf 89' lang='lat' dir='ltr'>Verbo</span> <span class='ocrx_word' id='word_1_134' title='bbox 1070 812 1186 848; x_wconf 88' lang='lat' dir='ltr'>Deum</span> <span class='ocrx_word' id='word_1_135' title='bbox 1205 825 1388 861; x_wconf 87' lang='lat' dir='ltr'>nunquam</span> <span class='ocrx_word' id='word_1_136' title='bbox 1410 811 1517 848; x_wconf 87' lang='lat' dir='ltr'>fuisse</span> <span class='ocrx_word' id='word_1_137' title='bbox 1536 810 1772 849; x_wconf 89' lang='lat' dir='ltr'>certissimum</span> <span class='ocrx_word' id='word_1_138' title='bbox 1789 820 1840 848; x_wconf 87' lang='lat' dir='ltr'>cst</span> <span class='ocrx_word' id='word_1_139' title='bbox 1858 827 1865 847; x_wconf 93' lang='lat'>:</span> <span class='ocrx_word' id='word_1_140' title='bbox 1881 810 1987 861; x_wconf 88' lang='lat' dir='ltr'>idque</span> <span class='ocrx_word' id='word_1_141' title='bbox 2008 808 2195 849; x_wconf 80' lang='lat' dir='ltr'>evidentur</span> <span class='ocrx_word' id='word_1_142' title='bbox 2219 804 2348 842; x_wconf 89' lang='lat' dir='ltr'>asseri—</span> 
     </span>
     <span class='ocr_line' id='line_1_11' title="bbox 273 870 2349 929; baseline -0.005 -14"><span class='ocrx_word' id='word_1_143' title='bbox 273 889 328 915; x_wconf 86' lang='lat' dir='ltr'>tur</span> <span class='ocrx_word' id='word_1_144' title='bbox 346 893 409 929; x_wconf 86' lang='lat' dir='ltr'>per</span> <span class='ocrx_word' id='word_1_145' title='bbox 430 877 521 914; x_wconf 86' lang='lat' dir='ltr'>illud</span> <span class='ocrx_word' id='word_1_146' title='bbox 541 875 636 927; x_wconf 87' lang='lat' dir='ltr'>quod</span> <span class='ocrx_word' id='word_1_147' title='bbox 651 874 810 925; x_wconf 87' lang='lat' dir='ltr'>sequitur</span> <span class='ocrx_word' id='word_1_148' title='bbox 827 890 833 910; x_wconf 93' lang='lat'>:</span> <span class='ocrx_word' id='word_1_149' title='bbox 858 875 944 911; x_wconf 84' lang='lat' dir='ltr'>Hoc</span> <span class='ocrx_word' id='word_1_150' title='bbox 964 883 1048 911; x_wconf 80' lang='lat' dir='ltr'>erat</span> <span class='ocrx_word' id='word_1_151' title='bbox 1068 888 1092 911; x_wconf 84' lang='lat' dir='ltr'>a</span> <span class='ocrx_word' id='word_1_152' title='bbox 1118 874 1304 925; x_wconf 79' lang='lat' dir='ltr'>principio</span> <span class='ocrx_word' id='word_1_153' title='bbox 1329 875 1434 926; x_wconf 82' lang='lat' dir='ltr'>apud</span> <span class='ocrx_word' id='word_1_154' title='bbox 1452 875 1598 923; x_wconf 82' lang='lat' dir='ltr'>Deum,</span> <span class='ocrx_word' id='word_1_155' title='bbox 1618 883 1721 924; x_wconf 86' lang='lat' dir='ltr'>atque</span> <span class='ocrx_word' id='word_1_156' title='bbox 1742 873 1827 911; x_wconf 89' lang='lat' dir='ltr'>hinc</span> <span class='ocrx_word' id='word_1_157' title='bbox 1857 873 2082 924; x_wconf 81' lang='lat' dir='ltr'>consequitur</span> <span class='ocrx_word' id='word_1_158' title='bbox 2106 870 2269 911; x_wconf 81' lang='lat' dir='ltr'>Verbum</span> <span class='ocrx_word' id='word_1_159' title='bbox 2291 882 2349 905; x_wconf 88' lang='lat' dir='ltr'>seu</span> 
     </span>
     <span class='ocr_line' id='line_1_12' title="bbox 274 932 2351 988; baseline -0.003 -11"><span class='ocrx_word' id='word_1_160' title='bbox 274 941 406 978; x_wconf 75' lang='lat' dir='ltr'>Filium</span> <span class='ocrx_word' id='word_1_161' title='bbox 426 951 595 978; x_wconf 63' lang='lat' dir='ltr'>aeternum</span> <span class='ocrx_word' id='word_1_162' title='bbox 617 953 689 977; x_wconf 92' lang='lat' dir='ltr'>esse</span> <span class='ocrx_word' id='word_1_163' title='bbox 715 938 805 975; x_wconf 86' lang='lat' dir='ltr'>sieut</span> <span class='ocrx_word' id='word_1_164' title='bbox 826 945 860 975; x_wconf 89' lang='lat' dir='ltr'>et</span> <span class='ocrx_word' id='word_1_165' title='bbox 882 937 1033 974; x_wconf 87' lang='lat' dir='ltr'>Patrem.</span> <span class='ocrx_word' id='word_1_166' title='bbox 1066 936 1149 973; x_wconf 79' lang='lat' dir='ltr'>Hace</span> <span class='ocrx_word' id='word_1_167' title='bbox 1171 950 1276 988; x_wconf 89' lang='lat' dir='ltr'>porro</span> <span class='ocrx_word' id='word_1_168' title='bbox 1293 951 1371 987; x_wconf 70' lang='lat' dir='ltr'>qua:</span> <span class='ocrx_word' id='word_1_169' title='bbox 1390 937 1465 988; x_wconf 85' lang='lat' dir='ltr'>jam</span> <span class='ocrx_word' id='word_1_170' title='bbox 1485 936 1645 974; x_wconf 77' lang='lat' dir='ltr'>diximus</span> <span class='ocrx_word' id='word_1_171' title='bbox 1671 950 1740 974; x_wconf 94' lang='lat' dir='ltr'>non</span> <span class='ocrx_word' id='word_1_172' title='bbox 1772 951 1816 974; x_wconf 77' lang='lat' dir='ltr'>ex</span> <span class='ocrx_word' id='word_1_173' title='bbox 1840 936 1989 974; x_wconf 90' lang='lat' dir='ltr'>homilia</span> <span class='ocrx_word' id='word_1_174' title='bbox 2016 935 2121 972; x_wconf 90' lang='lat' dir='ltr'>tertia</span> <span class='ocrx_word' id='word_1_175' title='bbox 2143 932 2270 984; x_wconf 88' lang='lat' dir='ltr'>modo,</span> <span class='ocrx_word' id='word_1_176' title='bbox 2292 933 2351 972; x_wconf 89' lang='lat' dir='ltr'>sed</span> 
     </span>
     <span class='ocr_line' id='line_1_13' title="bbox 270 998 1264 1054; baseline -0.004 -15"><span class='ocrx_word' id='word_1_177' title='bbox 270 1003 374 1041; x_wconf 84' lang='lat' dir='ltr'>etiam</span> <span class='ocrx_word' id='word_1_178' title='bbox 390 1018 434 1040; x_wconf 78' lang='lat' dir='ltr'>ex</span> <span class='ocrx_word' id='word_1_179' title='bbox 449 1003 528 1039; x_wconf 86' lang='lat' dir='ltr'>aliis</span> <span class='ocrx_word' id='word_1_180' title='bbox 548 1000 794 1054; x_wconf 80' lang='lat' dir='ltr'>Chrysostomi</span> <span class='ocrx_word' id='word_1_181' title='bbox 810 998 970 1037; x_wconf 84' lang='lat' dir='ltr'>homiliis</span> <span class='ocrx_word' id='word_1_182' title='bbox 991 1008 1155 1050; x_wconf 75' lang='lat' dir='ltr'>excerpta</span> <span class='ocrx_word' id='word_1_183' title='bbox 1172 1008 1264 1036; x_wconf 86' lang='lat' dir='ltr'>sunt.</span> 
     </span>
    </p>

    <p class='ocr_par' dir='ltr' id='par_1_4' title="bbox 324 1058 2353 1115">
     <span class='ocr_line' id='line_1_14' title="bbox 324 1058 2353 1115; baseline -0.003 -13"><span class='ocrx_word' id='word_1_184' title='bbox 324 1066 479 1103; x_wconf 86' lang='lat' dir='ltr'>Homilia</span> <span class='ocrx_word' id='word_1_185' title='bbox 501 1080 583 1103; x_wconf 73' lang='lat' dir='ltr'>vero</span> <span class='ocrx_word' id='word_1_186' title='bbox 602 1073 728 1115; x_wconf 88' lang='lat' dir='ltr'>quarta</span> <span class='ocrx_word' id='word_1_187' title='bbox 746 1063 853 1100; x_wconf 88' lang='lat' dir='ltr'>aliam</span> <span class='ocrx_word' id='word_1_188' title='bbox 868 1064 1120 1099; x_wconf 76' lang='lat' dir='ltr'>Anomoeorum</span> <span class='ocrx_word' id='word_1_189' title='bbox 1138 1061 1370 1113; x_wconf 89' lang='lat' dir='ltr'>objectionem</span> <span class='ocrx_word' id='word_1_190' title='bbox 1387 1060 1533 1113; x_wconf 83' lang='lat' dir='ltr'>depellit</span> <span class='ocrx_word' id='word_1_191' title='bbox 1551 1061 1837 1113; x_wconf 81' lang='lat' dir='ltr'>Chrysostomus,</span> <span class='ocrx_word' id='word_1_192' title='bbox 1852 1075 1930 1111; x_wconf 82' lang='lat' dir='ltr'>quae</span> <span class='ocrx_word' id='word_1_193' title='bbox 1945 1060 2091 1111; x_wconf 85' lang='lat' dir='ltr'>quidem</span> <span class='ocrx_word' id='word_1_194' title='bbox 2107 1060 2258 1112; x_wconf 87' lang='lat' dir='ltr'>objectio</span> <span class='ocrx_word' id='word_1_195' title='bbox 2273 1058 2353 1097; x_wconf 85' lang='lat' dir='ltr'>inde</span> 
     </span>
    </p>

    <p class='ocr_par' dir='ltr' id='par_1_5' title="bbox 270 1118 2359 2381">
     <span class='ocr_line' id='line_1_15' title="bbox 271 1118 2352 1180; baseline -0.003 -15"><span class='ocrx_word' id='word_1_196' title='bbox 271 1129 414 1180; x_wconf 79' lang='lat' dir='ltr'>petitur,</span> <span class='ocrx_word' id='word_1_197' title='bbox 436 1128 530 1179; x_wconf 86' lang='lat' dir='ltr'>quod</span> <span class='ocrx_word' id='word_1_198' title='bbox 559 1129 595 1165; x_wconf 89' lang='lat' dir='ltr'>in</span> <span class='ocrx_word' id='word_1_199' title='bbox 621 1127 719 1164; x_wconf 87' lang='lat' dir='ltr'>hisce</span> <span class='ocrx_word' id='word_1_200' title='bbox 738 1125 873 1163; x_wconf 84' lang='lat' dir='ltr'>Graeeis</span> <span class='ocrx_word' id='word_1_201' title='bbox 905 1125 1091 1176; x_wconf 82' lang='lat' dir='ltr'>Evangelii</span> <span class='ocrx_word' id='word_1_202' title='bbox 1118 1124 1266 1163; x_wconf 89' lang='lat' dir='ltr'>Joannis</span> <span class='ocrx_word' id='word_1_203' title='bbox 1289 1124 1419 1172; x_wconf 82' lang='lat' dir='ltr'>verbis,</span> <span class='ocrx_word' id='word_1_204' title='bbox 1438 1124 1498 1162; x_wconf 78' lang='grc' dir='ltr'>Ἓν</span> <span class='ocrx_word' id='word_1_205' title='bbox 1517 1126 1608 1175; x_wconf 65' lang='grc' dir='ltr'>ἀρχῇ</span> <span class='ocrx_word' id='word_1_206' title='bbox 1629 1119 1671 1171; x_wconf 69' lang='grc' dir='ltr'>ἦν</span> <span class='ocrx_word' id='word_1_207' title='bbox 1693 1128 1710 1162; x_wconf 84' lang='grc' dir='ltr'>ὃ</span> <span class='ocrx_word' id='word_1_208' title='bbox 1732 1124 1862 1175; x_wconf 81' lang='grc' dir='ltr'>Λόγος,</span> <span class='ocrx_word' id='word_1_209' title='bbox 1881 1125 1939 1162; x_wconf 85' lang='grc' dir='ltr'>καὶ</span> <span class='ocrx_word' id='word_1_210' title='bbox 1958 1127 1976 1162; x_wconf 80' lang='grc' dir='ltr'>ὁ</span> <span class='ocrx_word' id='word_1_211' title='bbox 1996 1124 2105 1174; x_wconf 84' lang='grc' dir='ltr'>Λόγος</span> <span class='ocrx_word' id='word_1_212' title='bbox 2124 1118 2166 1170; x_wconf 67' lang='grc' dir='ltr'>ἦν</span> <span class='ocrx_word' id='word_1_213' title='bbox 2185 1122 2270 1175; x_wconf 79' lang='grc' dir='ltr'>πρὸς</span> <span class='ocrx_word' id='word_1_214' title='bbox 2295 1122 2352 1160; x_wconf 76' lang='grc' dir='ltr'>τὸν</span> 
     </span>
     <span class='ocr_line' id='line_1_16' title="bbox 271 1185 2353 1240; baseline -0.002 -12"><span class='ocrx_word' id='word_1_215' title='bbox 271 1193 373 1240; x_wconf 71' lang='grc' dir='ltr'>Θεὸν,</span> <span class='ocrx_word' id='word_1_216' title='bbox 390 1193 447 1229; x_wconf 79' lang='grc' dir='ltr'>καὶ</span> <span class='ocrx_word' id='word_1_217' title='bbox 464 1192 553 1234; x_wconf 73' lang='grc' dir='ltr'>Θεὸς</span> <span class='ocrx_word' id='word_1_218' title='bbox 568 1186 609 1237; x_wconf 67' lang='grc' dir='ltr'>ἦν</span> <span class='ocrx_word' id='word_1_219' title='bbox 626 1194 643 1228; x_wconf 83' lang='grc' dir='ltr'>ὃ</span> <span class='ocrx_word' id='word_1_220' title='bbox 662 1189 786 1240; x_wconf 78' lang='grc' dir='ltr'>Λόγος,</span> <span class='ocrx_word' id='word_1_221' title='bbox 803 1188 977 1225; x_wconf 83' lang='lat' dir='ltr'>articulus</span> <span class='ocrx_word' id='word_1_222' title='bbox 996 1188 1055 1224; x_wconf 83' lang='grc' dir='ltr'>τὸν</span> <span class='ocrx_word' id='word_1_223' title='bbox 1075 1196 1154 1223; x_wconf 87' lang='lat' dir='ltr'>ante</span> <span class='ocrx_word' id='word_1_224' title='bbox 1173 1200 1296 1224; x_wconf 89' lang='lat' dir='ltr'>vocem</span> <span class='ocrx_word' id='word_1_225' title='bbox 1315 1186 1405 1224; x_wconf 84' lang='grc' dir='ltr'>Θεόν</span> <span class='ocrx_word' id='word_1_226' title='bbox 1433 1185 1662 1234; x_wconf 84' lang='lat' dir='ltr'>adhibeatur,</span> <span class='ocrx_word' id='word_1_227' title='bbox 1680 1187 1742 1223; x_wconf 91' lang='lat' dir='ltr'>ubi</span> <span class='ocrx_word' id='word_1_228' title='bbox 1757 1187 1801 1224; x_wconf 88' lang='lat' dir='ltr'>de</span> <span class='ocrx_word' id='word_1_229' title='bbox 1827 1188 1902 1224; x_wconf 90' lang='lat' dir='ltr'>Deo</span> <span class='ocrx_word' id='word_1_230' title='bbox 1925 1188 2028 1224; x_wconf 88' lang='lat' dir='ltr'>Patre</span> <span class='ocrx_word' id='word_1_231' title='bbox 2050 1186 2228 1236; x_wconf 86' lang='lat' dir='ltr'>loquitur,</span> <span class='ocrx_word' id='word_1_232' title='bbox 2247 1186 2305 1223; x_wconf 88' lang='grc' dir='ltr'>καὶ</span> <span class='ocrx_word' id='word_1_233' title='bbox 2335 1188 2353 1223; x_wconf 85' lang='grc' dir='ltr'><em>ὃ</em></span> 
     </span>
     <span class='ocr_line' id='line_1_17' title="bbox 279 1247 2349 1305; baseline -0.002 -17"><span class='ocrx_word' id='word_1_234' title='bbox 279 1255 384 1305; x_wconf 64' lang='grc' dir='ltr'>Λόγος</span> <span class='ocrx_word' id='word_1_235' title='bbox 400 1249 441 1300; x_wconf 66' lang='grc' dir='ltr'>ἦν</span> <span class='ocrx_word' id='word_1_236' title='bbox 461 1254 546 1305; x_wconf 75' lang='grc' dir='ltr'>πρὸς</span> <span class='ocrx_word' id='word_1_237' title='bbox 563 1253 620 1290; x_wconf 80' lang='grc' dir='ltr'>τὸν</span> <span class='ocrx_word' id='word_1_238' title='bbox 641 1252 751 1291; x_wconf 74' lang='grc' dir='ltr'>Θεόνε</span> <span class='ocrx_word' id='word_1_239' title='bbox 773 1250 833 1286; x_wconf 87' lang='lat' dir='ltr'>ubi</span> <span class='ocrx_word' id='word_1_240' title='bbox 852 1263 933 1287; x_wconf 88' lang='lat' dir='ltr'>vero</span> <span class='ocrx_word' id='word_1_241' title='bbox 948 1248 993 1285; x_wconf 87' lang='lat' dir='ltr'>de</span> <span class='ocrx_word' id='word_1_242' title='bbox 1015 1248 1108 1286; x_wconf 91' lang='lat' dir='ltr'>Filio</span> <span class='ocrx_word' id='word_1_243' title='bbox 1127 1248 1246 1298; x_wconf 79' lang='lat' dir='ltr'>agitur</span> <span class='ocrx_word' id='word_1_244' title='bbox 1266 1256 1299 1284; x_wconf 87' lang='lat' dir='ltr'>et</span> <span class='ocrx_word' id='word_1_245' title='bbox 1321 1247 1366 1284; x_wconf 87' lang='lat' dir='ltr'>de</span> <span class='ocrx_word' id='word_1_246' title='bbox 1384 1247 1521 1296; x_wconf 86' lang='lat' dir='ltr'>Verbo,</span> <span class='ocrx_word' id='word_1_247' title='bbox 1543 1247 1715 1286; x_wconf 80' lang='lat' dir='ltr'>articulus</span> <span class='ocrx_word' id='word_1_248' title='bbox 1739 1263 1807 1286; x_wconf 89' lang='lat' dir='ltr'>non</span> <span class='ocrx_word' id='word_1_249' title='bbox 1829 1258 1981 1300; x_wconf 90' lang='lat' dir='ltr'>ponatur</span> <span class='ocrx_word' id='word_1_250' title='bbox 1999 1258 2078 1286; x_wconf 89' lang='lat' dir='ltr'>ante</span> <span class='ocrx_word' id='word_1_251' title='bbox 2093 1263 2214 1288; x_wconf 90' lang='lat' dir='ltr'>vocem</span> <span class='ocrx_word' id='word_1_252' title='bbox 2234 1249 2323 1292; x_wconf 85' lang='grc' dir='ltr'>Θεός</span> <span class='ocrx_word' id='word_1_253' title='bbox 2343 1264 2349 1284; x_wconf 82' lang='lat' dir='ltr'><em>z</em></span> 
     </span>
     <span class='ocr_line' id='line_1_18' title="bbox 274 1309 2351 1365; baseline -0.003 -11"><span class='ocrx_word' id='word_1_254' title='bbox 274 1317 341 1354; x_wconf 70' lang='grc' dir='ltr'>Καὶ</span> <span class='ocrx_word' id='word_1_255' title='bbox 362 1317 449 1359; x_wconf 78' lang='grc' dir='ltr'>Θεός</span> <span class='ocrx_word' id='word_1_256' title='bbox 469 1311 510 1362; x_wconf 69' lang='grc' dir='ltr'>ἦν</span> <span class='ocrx_word' id='word_1_257' title='bbox 525 1319 542 1353; x_wconf 84' lang='grc' dir='ltr'>ὁ</span> <span class='ocrx_word' id='word_1_258' title='bbox 561 1314 681 1365; x_wconf 81' lang='grc' dir='ltr'>Λόγος.</span> <span class='ocrx_word' id='word_1_259' title='bbox 706 1312 797 1349; x_wconf 87' lang='lat' dir='ltr'>Hinc</span> <span class='ocrx_word' id='word_1_260' title='bbox 820 1325 904 1349; x_wconf 88' lang='lat' dir='ltr'>vcro</span> <span class='ocrx_word' id='word_1_261' title='bbox 928 1310 977 1348; x_wconf 90' lang='lat' dir='ltr'>sic</span> <span class='ocrx_word' id='word_1_262' title='bbox 996 1311 1255 1362; x_wconf 77' lang='lat' dir='ltr'>argutabantur</span> <span class='ocrx_word' id='word_1_263' title='bbox 1273 1309 1327 1347; x_wconf 88' lang='lat' dir='ltr'>illi</span> <span class='ocrx_word' id='word_1_264' title='bbox 1346 1325 1354 1346; x_wconf 77' lang='grc' dir='ltr'>ε</span> <span class='ocrx_word' id='word_1_265' title='bbox 1377 1312 1460 1350; x_wconf 82' lang='lat' dir='ltr'>Vox</span> <span class='ocrx_word' id='word_1_266' title='bbox 1480 1310 1570 1354; x_wconf 83' lang='grc' dir='ltr'>Θεός</span> <span class='ocrx_word' id='word_1_267' title='bbox 1589 1324 1671 1348; x_wconf 90' lang='lat' dir='ltr'>cum</span> <span class='ocrx_word' id='word_1_268' title='bbox 1691 1311 1841 1349; x_wconf 89' lang='lat' dir='ltr'>articulo</span> <span class='ocrx_word' id='word_1_269' title='bbox 1858 1311 2015 1362; x_wconf 80' lang='lat' dir='ltr'>aliquam</span> <span class='ocrx_word' id='word_1_270' title='bbox 2031 1311 2138 1348; x_wconf 84' lang='lat' dir='ltr'>habet</span> <span class='ocrx_word' id='word_1_271' title='bbox 2164 1312 2351 1362; x_wconf 80' lang='grc' dir='ltr'>ἐνέργειαν,</span> 
     </span>
     <span class='ocr_line' id='line_1_19' title="bbox 273 1373 2354 1430; baseline -0.002 -14"><span class='ocrx_word' id='word_1_272' title='bbox 273 1394 341 1430; x_wconf 87' lang='lat' dir='ltr'>qua</span> <span class='ocrx_word' id='word_1_273' title='bbox 361 1378 598 1430; x_wconf 76' lang='lat' dir='ltr'>significatur,</span> <span class='ocrx_word' id='word_1_274' title='bbox 617 1376 721 1413; x_wconf 89' lang='lat' dir='ltr'>illum</span> <span class='ocrx_word' id='word_1_275' title='bbox 741 1375 858 1427; x_wconf 85' lang='lat' dir='ltr'>ipsum</span> <span class='ocrx_word' id='word_1_276' title='bbox 880 1388 953 1411; x_wconf 89' lang='lat' dir='ltr'>csse</span> <span class='ocrx_word' id='word_1_277' title='bbox 968 1375 1095 1423; x_wconf 89' lang='lat' dir='ltr'>Deum,</span> <span class='ocrx_word' id='word_1_278' title='bbox 1116 1373 1153 1410; x_wconf 89' lang='lat' dir='ltr'>id</span> <span class='ocrx_word' id='word_1_279' title='bbox 1170 1382 1233 1422; x_wconf 83' lang='lat' dir='ltr'>est,</span> <span class='ocrx_word' id='word_1_280' title='bbox 1250 1387 1377 1411; x_wconf 79' lang='lat' dir='ltr'>verum</span> <span class='ocrx_word' id='word_1_281' title='bbox 1398 1375 1529 1421; x_wconf 84' lang='lat' dir='ltr'>Deum,</span> <span class='ocrx_word' id='word_1_282' title='bbox 1552 1373 1648 1423; x_wconf 85' lang='lat' dir='ltr'>quod</span> <span class='ocrx_word' id='word_1_283' title='bbox 1665 1373 1710 1411; x_wconf 89' lang='lat' dir='ltr'>de</span> <span class='ocrx_word' id='word_1_284' title='bbox 1730 1375 1833 1412; x_wconf 90' lang='lat' dir='ltr'>Patre</span> <span class='ocrx_word' id='word_1_285' title='bbox 1852 1374 1993 1425; x_wconf 80' lang='lat' dir='ltr'>legitur.</span> <span class='ocrx_word' id='word_1_286' title='bbox 2020 1374 2105 1412; x_wconf 86' lang='lat' dir='ltr'>Sine</span> <span class='ocrx_word' id='word_1_287' title='bbox 2119 1373 2269 1411; x_wconf 87' lang='lat' dir='ltr'>articulo</span> <span class='ocrx_word' id='word_1_288' title='bbox 2288 1388 2354 1411; x_wconf 82' lang='lat' dir='ltr'>au—</span> 
     </span>
     <span class='ocr_line' id='line_1_20' title="bbox 277 1436 2352 1491; baseline -0.003 -11"><span class='ocrx_word' id='word_1_289' title='bbox 277 1453 356 1491; x_wconf 88' lang='lat' dir='ltr'>tem,</span> <span class='ocrx_word' id='word_1_290' title='bbox 379 1451 417 1479; x_wconf 90' lang='lat' dir='ltr'>ut</span> <span class='ocrx_word' id='word_1_291' title='bbox 435 1442 478 1478; x_wconf 89' lang='lat' dir='ltr'>de</span> <span class='ocrx_word' id='word_1_292' title='bbox 499 1441 592 1477; x_wconf 87' lang='lat' dir='ltr'>Filio</span> <span class='ocrx_word' id='word_1_293' title='bbox 608 1439 760 1487; x_wconf 85' lang='lat' dir='ltr'>dicitur,</span> <span class='ocrx_word' id='word_1_294' title='bbox 781 1452 849 1475; x_wconf 92' lang='lat' dir='ltr'>non</span> <span class='ocrx_word' id='word_1_295' title='bbox 872 1451 992 1489; x_wconf 87' lang='lat' dir='ltr'>parem</span> <span class='ocrx_word' id='word_1_296' title='bbox 1013 1436 1089 1475; x_wconf 92' lang='lat' dir='ltr'>vim</span> <span class='ocrx_word' id='word_1_297' title='bbox 1106 1437 1225 1474; x_wconf 87' lang='lat' dir='ltr'>habet.</span> <span class='ocrx_word' id='word_1_298' title='bbox 1257 1436 1349 1473; x_wconf 89' lang='lat' dir='ltr'>Hinc</span> <span class='ocrx_word' id='word_1_299' title='bbox 1368 1436 1611 1487; x_wconf 79' lang='lat' dir='ltr'>significatur,</span> <span class='ocrx_word' id='word_1_300' title='bbox 1638 1436 1779 1474; x_wconf 80' lang='lat' dir='ltr'>aiebant</span> <span class='ocrx_word' id='word_1_301' title='bbox 1793 1468 1802 1485; x_wconf 89' lang='lat'>,</span> <span class='ocrx_word' id='word_1_302' title='bbox 1825 1451 1893 1475; x_wconf 89' lang='lat' dir='ltr'>non</span> <span class='ocrx_word' id='word_1_303' title='bbox 1913 1437 2035 1475; x_wconf 89' lang='lat' dir='ltr'>eodem</span> <span class='ocrx_word' id='word_1_304' title='bbox 2065 1437 2170 1475; x_wconf 90' lang='lat' dir='ltr'>modo</span> <span class='ocrx_word' id='word_1_305' title='bbox 2196 1437 2352 1487; x_wconf 84' lang='lat' dir='ltr'>Patrem,</span> 
     </span>
     <span class='ocr_line' id='line_1_21' title="bbox 276 1499 2354 1555; baseline -0.003 -13"><span class='ocrx_word' id='word_1_306' title='bbox 276 1505 468 1555; x_wconf 86' lang='lat' dir='ltr'>eodemque</span> <span class='ocrx_word' id='word_1_307' title='bbox 484 1504 616 1541; x_wconf 83' lang='lat' dir='ltr'>Filium</span> <span class='ocrx_word' id='word_1_308' title='bbox 630 1517 701 1540; x_wconf 85' lang='lat' dir='ltr'>esse</span> <span class='ocrx_word' id='word_1_309' title='bbox 720 1503 837 1539; x_wconf 90' lang='lat' dir='ltr'>Deum</span> <span class='ocrx_word' id='word_1_310' title='bbox 857 1516 863 1536; x_wconf 76' lang='grc' dir='ltr'>ε</span> <span class='ocrx_word' id='word_1_311' title='bbox 882 1501 986 1538; x_wconf 89' lang='lat' dir='ltr'>Pater</span> <span class='ocrx_word' id='word_1_312' title='bbox 1001 1499 1096 1537; x_wconf 90' lang='lat' dir='ltr'>enim</span> <span class='ocrx_word' id='word_1_313' title='bbox 1116 1509 1243 1537; x_wconf 88' lang='lat' dir='ltr'>natura</span> <span class='ocrx_word' id='word_1_314' title='bbox 1262 1500 1359 1537; x_wconf 87' lang='lat' dir='ltr'>Deus</span> <span class='ocrx_word' id='word_1_315' title='bbox 1376 1508 1408 1537; x_wconf 85' lang='lat' dir='ltr'>et</span> <span class='ocrx_word' id='word_1_316' title='bbox 1425 1500 1521 1537; x_wconf 90' lang='lat' dir='ltr'>solus</span> <span class='ocrx_word' id='word_1_317' title='bbox 1533 1513 1639 1538; x_wconf 83' lang='lat' dir='ltr'>verus</span> <span class='ocrx_word' id='word_1_318' title='bbox 1655 1501 1752 1538; x_wconf 88' lang='lat' dir='ltr'>Deus</span> <span class='ocrx_word' id='word_1_319' title='bbox 1768 1509 1830 1549; x_wconf 87' lang='lat' dir='ltr'>est,</span> <span class='ocrx_word' id='word_1_320' title='bbox 1850 1500 1963 1538; x_wconf 90' lang='lat' dir='ltr'>Filius</span> <span class='ocrx_word' id='word_1_321' title='bbox 1982 1509 2101 1538; x_wconf 85' lang='lat' dir='ltr'>autem</span> <span class='ocrx_word' id='word_1_322' title='bbox 2120 1514 2182 1552; x_wconf 88' lang='lat' dir='ltr'>per</span> <span class='ocrx_word' id='word_1_323' title='bbox 2192 1499 2354 1551; x_wconf 90' lang='lat' dir='ltr'>adoptio-</span> 
     </span>
     <span class='ocr_line' id='line_1_22' title="bbox 277 1562 2353 1615; baseline -0.003 -9"><span class='ocrx_word' id='word_1_324' title='bbox 277 1583 356 1606; x_wconf 87' lang='lat' dir='ltr'>nem</span> <span class='ocrx_word' id='word_1_325' title='bbox 370 1578 507 1606; x_wconf 84' lang='lat' dir='ltr'>tantum</span> <span class='ocrx_word' id='word_1_326' title='bbox 525 1569 635 1612; x_wconf 77' lang='lat' dir='ltr'>Deus,</span> <span class='ocrx_word' id='word_1_327' title='bbox 659 1580 723 1603; x_wconf 89' lang='lat' dir='ltr'>nec</span> <span class='ocrx_word' id='word_1_328' title='bbox 740 1579 847 1603; x_wconf 79' lang='lat' dir='ltr'>verus</span> <span class='ocrx_word' id='word_1_329' title='bbox 861 1566 968 1601; x_wconf 85' lang='lat' dir='ltr'>Deus.</span> <span class='ocrx_word' id='word_1_330' title='bbox 990 1564 1064 1600; x_wconf 89' lang='lat' dir='ltr'>Hoc</span> <span class='ocrx_word' id='word_1_331' title='bbox 1077 1577 1096 1600; x_wconf 92' lang='lat' dir='ltr'>a</span> <span class='ocrx_word' id='word_1_332' title='bbox 1113 1563 1289 1615; x_wconf 87' lang='lat' dir='ltr'>principio</span> <span class='ocrx_word' id='word_1_333' title='bbox 1308 1562 1399 1600; x_wconf 86' lang='lat' dir='ltr'>inter</span> <span class='ocrx_word' id='word_1_334' title='bbox 1420 1562 1598 1615; x_wconf 81' lang='lat' dir='ltr'>praeeipua</span> <span class='ocrx_word' id='word_1_335' title='bbox 1617 1563 1830 1600; x_wconf 87' lang='lat' dir='ltr'>Arianorum</span> <span class='ocrx_word' id='word_1_336' title='bbox 1844 1572 2051 1614; x_wconf 83' lang='lat' dir='ltr'>argumenta</span> <span class='ocrx_word' id='word_1_337' title='bbox 2071 1562 2353 1614; x_wconf 86' lang='lat' dir='ltr'>computabatur,</span> 
     </span>
     <span class='ocr_line' id='line_1_23' title="bbox 276 1625 2355 1681; baseline -0.004 -12"><span class='ocrx_word' id='word_1_338' title='bbox 276 1633 343 1669; x_wconf 87' lang='lat' dir='ltr'>hoc</span> <span class='ocrx_word' id='word_1_339' title='bbox 358 1632 441 1669; x_wconf 86' lang='lat' dir='ltr'>item</span> <span class='ocrx_word' id='word_1_340' title='bbox 462 1630 619 1668; x_wconf 70' lang='lat' dir='ltr'>Anomoei</span> <span class='ocrx_word' id='word_1_341' title='bbox 639 1637 809 1681; x_wconf 88' lang='lat' dir='ltr'>perpetuo</span> <span class='ocrx_word' id='word_1_342' title='bbox 826 1627 1070 1665; x_wconf 67' lang='lat' dir='ltr'>venditabant.</span> <span class='ocrx_word' id='word_1_343' title='bbox 1088 1628 1133 1663; x_wconf 85' lang='lat' dir='ltr'>At</span> <span class='ocrx_word' id='word_1_344' title='bbox 1149 1626 1256 1664; x_wconf 86' lang='lat' dir='ltr'>talem</span> <span class='ocrx_word' id='word_1_345' title='bbox 1275 1626 1508 1678; x_wconf 86' lang='lat' dir='ltr'>objectionem</span> <span class='ocrx_word' id='word_1_346' title='bbox 1528 1641 1600 1664; x_wconf 92' lang='lat' dir='ltr'>non</span> <span class='ocrx_word' id='word_1_347' title='bbox 1619 1626 1678 1664; x_wconf 84' lang='lat' dir='ltr'>hic</span> <span class='ocrx_word' id='word_1_348' title='bbox 1694 1626 1812 1676; x_wconf 89' lang='lat' dir='ltr'>modo,</span> <span class='ocrx_word' id='word_1_349' title='bbox 1831 1627 1889 1664; x_wconf 91' lang='lat' dir='ltr'>sed</span> <span class='ocrx_word' id='word_1_350' title='bbox 1906 1627 1941 1664; x_wconf 94' lang='lat' dir='ltr'>in</span> <span class='ocrx_word' id='word_1_351' title='bbox 1957 1626 2038 1664; x_wconf 91' lang='lat' dir='ltr'>aliis</span> <span class='ocrx_word' id='word_1_352' title='bbox 2053 1626 2159 1664; x_wconf 87' lang='lat' dir='ltr'>etiam</span> <span class='ocrx_word' id='word_1_353' title='bbox 2174 1625 2355 1677; x_wconf 86' lang='lat' dir='ltr'>opusculis</span> 
     </span>
     <span class='ocr_line' id='line_1_24' title="bbox 278 1687 2354 1743; baseline -0.004 -10"><span class='ocrx_word' id='word_1_354' title='bbox 278 1705 418 1733; x_wconf 83' lang='lat' dir='ltr'>strenue</span> <span class='ocrx_word' id='word_1_355' title='bbox 436 1694 564 1732; x_wconf 78' lang='lat' dir='ltr'>refellit</span> <span class='ocrx_word' id='word_1_356' title='bbox 583 1704 616 1731; x_wconf 90' lang='lat' dir='ltr'>et</span> <span class='ocrx_word' id='word_1_357' title='bbox 632 1692 789 1731; x_wconf 83' lang='lat' dir='ltr'>confutat</span> <span class='ocrx_word' id='word_1_358' title='bbox 805 1691 1096 1743; x_wconf 84' lang='lat' dir='ltr'>Chrysostomus,</span> <span class='ocrx_word' id='word_1_359' title='bbox 1118 1690 1166 1727; x_wconf 89' lang='lat' dir='ltr'>ita</span> <span class='ocrx_word' id='word_1_360' title='bbox 1183 1699 1221 1727; x_wconf 88' lang='lat' dir='ltr'>ut</span> <span class='ocrx_word' id='word_1_361' title='bbox 1242 1703 1284 1727; x_wconf 90' lang='lat' dir='ltr'>nc</span> <span class='ocrx_word' id='word_1_362' title='bbox 1301 1689 1432 1727; x_wconf 88' lang='lat' dir='ltr'>mutire</span> <span class='ocrx_word' id='word_1_363' title='bbox 1449 1689 1593 1740; x_wconf 86' lang='lat' dir='ltr'>quidem</span> <span class='ocrx_word' id='word_1_364' title='bbox 1613 1699 1732 1727; x_wconf 86' lang='lat' dir='ltr'>eontra</span> <span class='ocrx_word' id='word_1_365' title='bbox 1752 1690 1868 1738; x_wconf 88' lang='lat' dir='ltr'>liceat,</span> <span class='ocrx_word' id='word_1_366' title='bbox 1887 1690 1952 1727; x_wconf 85' lang='lat' dir='ltr'>nisi</span> <span class='ocrx_word' id='word_1_367' title='bbox 1975 1704 2149 1727; x_wconf 89' lang='lat' dir='ltr'>summam</span> <span class='ocrx_word' id='word_1_368' title='bbox 2168 1687 2354 1740; x_wconf 89' lang='lat' dir='ltr'>impuden-</span> 
     </span>
     <span class='ocr_line' id='line_1_25' title="bbox 278 1751 2355 1810; baseline -0.004 -13"><span class='ocrx_word' id='word_1_369' title='bbox 278 1760 364 1797; x_wconf 78' lang='lat' dir='ltr'>tiam</span> <span class='ocrx_word' id='word_1_370' title='bbox 384 1757 641 1810; x_wconf 85' lang='lat' dir='ltr'>profitentibus.</span> <span class='ocrx_word' id='word_1_371' title='bbox 665 1754 830 1793; x_wconf 85' lang='lat' dir='ltr'>Ostendit</span> <span class='ocrx_word' id='word_1_372' title='bbox 849 1754 943 1791; x_wconf 92' lang='lat' dir='ltr'>enim</span> <span class='ocrx_word' id='word_1_373' title='bbox 963 1754 998 1790; x_wconf 94' lang='lat' dir='ltr'>in</span> <span class='ocrx_word' id='word_1_374' title='bbox 1027 1752 1148 1790; x_wconf 89' lang='lat' dir='ltr'>multis</span> <span class='ocrx_word' id='word_1_375' title='bbox 1168 1752 1360 1805; x_wconf 82' lang='lat' dir='ltr'>Scripturae</span> <span class='ocrx_word' id='word_1_376' title='bbox 1391 1767 1496 1790; x_wconf 75' lang='lat' dir='ltr'>sacrm</span> <span class='ocrx_word' id='word_1_377' title='bbox 1519 1753 1605 1790; x_wconf 90' lang='lat' dir='ltr'>locis</span> <span class='ocrx_word' id='word_1_378' title='bbox 1632 1754 1749 1790; x_wconf 89' lang='lat' dir='ltr'>Deum</span> <span class='ocrx_word' id='word_1_379' title='bbox 1776 1754 1916 1790; x_wconf 90' lang='lat' dir='ltr'>Patrem</span> <span class='ocrx_word' id='word_1_380' title='bbox 1937 1753 2011 1790; x_wconf 90' lang='lat' dir='ltr'>sine</span> <span class='ocrx_word' id='word_1_381' title='bbox 2029 1751 2179 1790; x_wconf 88' lang='lat' dir='ltr'>articulo</span> <span class='ocrx_word' id='word_1_382' title='bbox 2195 1751 2301 1804; x_wconf 82' lang='lat' dir='ltr'>poni,</span> <span class='ocrx_word' id='word_1_383' title='bbox 2322 1760 2355 1788; x_wconf 89' lang='lat' dir='ltr'>et</span> 
     </span>
     <span class='ocr_line' id='line_1_26' title="bbox 279 1815 2355 1869; baseline -0.003 -9"><span class='ocrx_word' id='word_1_384' title='bbox 279 1823 435 1861; x_wconf 75' lang='lat' dir='ltr'>vicissim</span> <span class='ocrx_word' id='word_1_385' title='bbox 452 1824 567 1859; x_wconf 83' lang='lat' dir='ltr'>Deum</span> <span class='ocrx_word' id='word_1_386' title='bbox 582 1820 714 1858; x_wconf 90' lang='lat' dir='ltr'>Filium</span> <span class='ocrx_word' id='word_1_387' title='bbox 731 1832 809 1856; x_wconf 89' lang='lat' dir='ltr'>cum</span> <span class='ocrx_word' id='word_1_388' title='bbox 824 1817 986 1866; x_wconf 88' lang='lat' dir='ltr'>articulo,</span> <span class='ocrx_word' id='word_1_389' title='bbox 1007 1816 1101 1855; x_wconf 90' lang='lat' dir='ltr'>unde</span> <span class='ocrx_word' id='word_1_390' title='bbox 1120 1816 1239 1854; x_wconf 87' lang='lat' dir='ltr'>statim</span> <span class='ocrx_word' id='word_1_391' title='bbox 1262 1816 1338 1853; x_wconf 89' lang='lat' dir='ltr'>talis</span> <span class='ocrx_word' id='word_1_392' title='bbox 1362 1816 1558 1868; x_wconf 79' lang='lat' dir='ltr'>argumenti</span> <span class='ocrx_word' id='word_1_393' title='bbox 1581 1816 1732 1854; x_wconf 85' lang='lat' dir='ltr'>futilitas</span> <span class='ocrx_word' id='word_1_394' title='bbox 1756 1817 2017 1869; x_wconf 88' lang='lat' dir='ltr'>comprobatur.</span> <span class='ocrx_word' id='word_1_395' title='bbox 2042 1815 2233 1854; x_wconf 81' lang='lat' dir='ltr'>Brevitatis</span> <span class='ocrx_word' id='word_1_396' title='bbox 2249 1829 2355 1867; x_wconf 87' lang='lat' dir='ltr'>porro</span> 
     </span>
     <span class='ocr_line' id='line_1_27' title="bbox 279 1880 1213 1936; baseline -0.005 -15"><span class='ocrx_word' id='word_1_397' title='bbox 279 1900 382 1923; x_wconf 72' lang='lat' dir='ltr'>eausa</span> <span class='ocrx_word' id='word_1_398' title='bbox 404 1885 488 1923; x_wconf 79' lang='lat' dir='ltr'>loeis</span> <span class='ocrx_word' id='word_1_399' title='bbox 504 1882 711 1936; x_wconf 83' lang='lat' dir='ltr'>hujusmodi</span> <span class='ocrx_word' id='word_1_400' title='bbox 726 1880 916 1919; x_wconf 85' lang='lat' dir='ltr'>referendis</span> <span class='ocrx_word' id='word_1_401' title='bbox 932 1880 1213 1933; x_wconf 82' lang='lat' dir='ltr'>supersedemus.</span> 
     </span>
     <span class='ocr_line' id='line_1_28' title="bbox 270 1943 2353 2005; baseline -0.003 -19"><span class='ocrx_word' id='word_1_402' title='bbox 270 2000 277 2005; x_wconf 35' lang='grc' dir='ltr'>ι</span> <span class='ocrx_word' id='word_1_403' title='bbox 336 1949 485 1986; x_wconf 65' lang='lat' dir='ltr'>Humilia</span> <span class='ocrx_word' id='word_1_404' title='bbox 501 1962 583 1985; x_wconf 66' lang='lat' dir='ltr'>vero</span> <span class='ocrx_word' id='word_1_405' title='bbox 599 1946 739 1997; x_wconf 87' lang='lat' dir='ltr'>quinta,</span> <span class='ocrx_word' id='word_1_406' title='bbox 767 1960 801 1997; x_wconf 89' lang='lat' dir='ltr'>p.</span> <span class='ocrx_word' id='word_1_407' title='bbox 829 1944 895 1994; x_wconf 81' lang='grc'>55,</span> <span class='ocrx_word' id='word_1_408' title='bbox 918 1943 1059 1981; x_wconf 86' lang='lat' dir='ltr'>eosdem</span> <span class='ocrx_word' id='word_1_409' title='bbox 1084 1943 1267 1981; x_wconf 58' lang='lat' dir='ltr'>haereticos</span> <span class='ocrx_word' id='word_1_410' title='bbox 1295 1943 1446 1995; x_wconf 85' lang='lat' dir='ltr'>impetit,</span> <span class='ocrx_word' id='word_1_411' title='bbox 1468 1943 1527 1994; x_wconf 83' lang='lat' dir='ltr'>qui</span> <span class='ocrx_word' id='word_1_412' title='bbox 1550 1953 1681 1996; x_wconf 83' lang='lat' dir='ltr'>puncto</span> <span class='ocrx_word' id='word_1_413' title='bbox 1704 1944 1883 1996; x_wconf 80' lang='lat' dir='ltr'>interjecto</span> <span class='ocrx_word' id='word_1_414' title='bbox 1904 1944 1996 1982; x_wconf 89' lang='lat' dir='ltr'>hanc</span> <span class='ocrx_word' id='word_1_415' title='bbox 2025 1943 2221 1981; x_wconf 86' lang='lat' dir='ltr'>clausulam</span> <span class='ocrx_word' id='word_1_416' title='bbox 2251 1943 2353 1981; x_wconf 87' lang='lat' dir='ltr'>vitia-</span> 
     </span>
     <span class='ocr_line' id='line_1_29' title="bbox 280 2005 2356 2064; baseline -0.004 -14"><span class='ocrx_word' id='word_1_417' title='bbox 280 2015 379 2061; x_wconf 83' lang='lat' dir='ltr'>bant,</span> <span class='ocrx_word' id='word_1_418' title='bbox 403 2012 472 2051; x_wconf 72' lang='grc' dir='ltr'>Καὶ</span> <span class='ocrx_word' id='word_1_419' title='bbox 491 2011 597 2064; x_wconf 69' lang='grc' dir='ltr'>χωρὶς</span> <span class='ocrx_word' id='word_1_420' title='bbox 617 2012 720 2048; x_wconf 79' lang='grc' dir='ltr'>αὐτοῦ</span> <span class='ocrx_word' id='word_1_421' title='bbox 737 2008 870 2059; x_wconf 79' lang='grc' dir='ltr'>ἐγένετο</span> <span class='ocrx_word' id='word_1_422' title='bbox 890 2006 966 2045; x_wconf 78' lang='grc' dir='ltr'>οὐδὲ</span> <span class='ocrx_word' id='word_1_423' title='bbox 989 2006 1024 2044; x_wconf 80' lang='grc' dir='ltr'>ἓν</span> <span class='ocrx_word' id='word_1_424' title='bbox 1044 2007 1061 2045; x_wconf 84' lang='grc' dir='ltr'>ὃ</span> <span class='ocrx_word' id='word_1_425' title='bbox 1078 2006 1230 2058; x_wconf 82' lang='grc' dir='ltr'>γέγονεν,</span> <span class='ocrx_word' id='word_1_426' title='bbox 1252 2009 1304 2044; x_wconf 76' lang='lat' dir='ltr'>Et</span> <span class='ocrx_word' id='word_1_427' title='bbox 1326 2009 1409 2045; x_wconf 83' lang='lat' dir='ltr'>sine</span> <span class='ocrx_word' id='word_1_428' title='bbox 1428 2009 1508 2058; x_wconf 81' lang='lat' dir='ltr'>ipso</span> <span class='ocrx_word' id='word_1_429' title='bbox 1521 2007 1681 2059; x_wconf 78' lang='lat' dir='ltr'>factum</span> <span class='ocrx_word' id='word_1_430' title='bbox 1704 2016 1762 2045; x_wconf 83' lang='lat' dir='ltr'>est</span> <span class='ocrx_word' id='word_1_431' title='bbox 1788 2009 1889 2045; x_wconf 77' lang='lat' dir='ltr'><em>nihil</em></span> <span class='ocrx_word' id='word_1_432' title='bbox 1902 2008 2009 2058; x_wconf 81' lang='lat' dir='ltr'>quod</span> <span class='ocrx_word' id='word_1_433' title='bbox 2022 2007 2182 2059; x_wconf 76' lang='lat' dir='ltr'>jactum</span> <span class='ocrx_word' id='word_1_434' title='bbox 2206 2014 2275 2043; x_wconf 84' lang='lat' dir='ltr'>est.</span> <span class='ocrx_word' id='word_1_435' title='bbox 2300 2005 2356 2042; x_wconf 89' lang='lat' dir='ltr'>llli</span> 
     </span>
     <span class='ocr_line' id='line_1_30' title="bbox 282 2069 2356 2128; baseline -0.005 -13"><span class='ocrx_word' id='word_1_436' title='bbox 282 2091 364 2115; x_wconf 77' lang='lat' dir='ltr'>vcro</span> <span class='ocrx_word' id='word_1_437' title='bbox 380 2085 452 2128; x_wconf 82' lang='lat' dir='ltr'>post</span> <span class='ocrx_word' id='word_1_438' title='bbox 475 2074 551 2113; x_wconf 72' lang='grc' dir='ltr'>οὐδὲ</span> <span class='ocrx_word' id='word_1_439' title='bbox 569 2074 603 2111; x_wconf 79' lang='grc' dir='ltr'>ἕν</span> <span class='ocrx_word' id='word_1_440' title='bbox 629 2081 799 2125; x_wconf 87' lang='lat' dir='ltr'>punctum</span> <span class='ocrx_word' id='word_1_441' title='bbox 819 2070 1041 2122; x_wconf 82' lang='lat' dir='ltr'>adjicientes,</span> <span class='ocrx_word' id='word_1_442' title='bbox 1066 2078 1175 2107; x_wconf 88' lang='lat' dir='ltr'>totam</span> <span class='ocrx_word' id='word_1_443' title='bbox 1195 2070 1404 2107; x_wconf 89' lang='lat' dir='ltr'>sententiam</span> <span class='ocrx_word' id='word_1_444' title='bbox 1431 2069 1690 2119; x_wconf 78' lang='lat' dir='ltr'>adulterabant,</span> <span class='ocrx_word' id='word_1_445' title='bbox 1719 2070 1807 2107; x_wconf 88' lang='lat' dir='ltr'>dum</span> <span class='ocrx_word' id='word_1_446' title='bbox 1830 2070 1877 2107; x_wconf 88' lang='lat' dir='ltr'>ita</span> <span class='ocrx_word' id='word_1_447' title='bbox 1909 2069 2230 2121; x_wconf 84' lang='lat' dir='ltr'>interpunctionem</span> <span class='ocrx_word' id='word_1_448' title='bbox 2249 2082 2356 2120; x_wconf 88' lang='lat' dir='ltr'>pone-</span> 
     </span>
     <span class='ocr_line' id='line_1_31' title="bbox 283 2127 2359 2190; baseline -0.005 -13"><span class='ocrx_word' id='word_1_449' title='bbox 283 2150 358 2177; x_wconf 88' lang='lat' dir='ltr'>rent</span> <span class='ocrx_word' id='word_1_450' title='bbox 374 2156 380 2175; x_wconf 91' lang='lat'>:</span> <span class='ocrx_word' id='word_1_451' title='bbox 401 2138 468 2177; x_wconf 77' lang='grc' dir='ltr'>Καὶ</span> <span class='ocrx_word' id='word_1_452' title='bbox 483 2137 589 2190; x_wconf 72' lang='grc' dir='ltr'>χωρὶς</span> <span class='ocrx_word' id='word_1_453' title='bbox 608 2138 711 2173; x_wconf 73' lang='grc' dir='ltr'>αὐτοῦ</span> <span class='ocrx_word' id='word_1_454' title='bbox 727 2134 862 2185; x_wconf 81' lang='grc' dir='ltr'>ἐγένετο</span> <span class='ocrx_word' id='word_1_455' title='bbox 877 2133 953 2171; x_wconf 73' lang='grc' dir='ltr'>οὐδὲ</span> <span class='ocrx_word' id='word_1_456' title='bbox 974 2133 1024 2170; x_wconf 77' lang='grc' dir='ltr'>ἕν.</span> <span class='ocrx_word' id='word_1_457' title='bbox 1043 2131 1092 2171; x_wconf 64' lang='lat'>⁶0</span> <span class='ocrx_word' id='word_1_458' title='bbox 1111 2133 1250 2184; x_wconf 81' lang='grc' dir='ltr'>γέγονεν</span> <span class='ocrx_word' id='word_1_459' title='bbox 1271 2135 1306 2171; x_wconf 81' lang='grc' dir='ltr'>ἐν</span> <span class='ocrx_word' id='word_1_460' title='bbox 1326 2135 1421 2185; x_wconf 80' lang='grc' dir='ltr'>αὐτῷ</span> <span class='ocrx_word' id='word_1_461' title='bbox 1439 2132 1508 2179; x_wconf 80' lang='grc' dir='ltr'>ζωὴ</span> <span class='ocrx_word' id='word_1_462' title='bbox 1530 2127 1586 2180; x_wconf 69' lang='grc' dir='ltr'>ἦν,</span> <span class='ocrx_word' id='word_1_463' title='bbox 1605 2134 1659 2170; x_wconf 84' lang='lat' dir='ltr'>Et</span> <span class='ocrx_word' id='word_1_464' title='bbox 1670 2136 1751 2170; x_wconf 70' lang='lat' dir='ltr'>sine</span> <span class='ocrx_word' id='word_1_465' title='bbox 1768 2135 1848 2184; x_wconf 82' lang='lat' dir='ltr'>ipso</span> <span class='ocrx_word' id='word_1_466' title='bbox 1858 2133 2019 2184; x_wconf 78' lang='lat' dir='ltr'>sactum</span> <span class='ocrx_word' id='word_1_467' title='bbox 2034 2141 2090 2170; x_wconf 84' lang='lat' dir='ltr'>est</span> <span class='ocrx_word' id='word_1_468' title='bbox 2113 2132 2222 2169; x_wconf 76' lang='lat' dir='ltr'>nihil.</span> <span class='ocrx_word' id='word_1_469' title='bbox 2246 2132 2359 2180; x_wconf 77' lang='lat' dir='ltr'>Quod</span> 
     </span>
     <span class='ocr_line' id='line_1_32' title="bbox 272 2194 2358 2256; baseline -0.005 -15"><span class='ocrx_word' id='word_1_470' title='bbox 272 2205 429 2256; x_wconf 30' lang='lat' dir='ltr'>&#39;saelum</span> <span class='ocrx_word' id='word_1_471' title='bbox 451 2210 504 2239; x_wconf 78' lang='lat' dir='ltr'>est</span> <span class='ocrx_word' id='word_1_472' title='bbox 524 2203 563 2237; x_wconf 83' lang='lat' dir='ltr'>in</span> <span class='ocrx_word' id='word_1_473' title='bbox 582 2203 663 2249; x_wconf 82' lang='lat' dir='ltr'>ipso</span> <span class='ocrx_word' id='word_1_474' title='bbox 676 2200 762 2236; x_wconf 77' lang='lat' dir='ltr'>vita</span> <span class='ocrx_word' id='word_1_475' title='bbox 783 2205 879 2234; x_wconf 79' lang='lat' dir='ltr'>erat.</span> <span class='ocrx_word' id='word_1_476' title='bbox 902 2196 1021 2242; x_wconf 91' lang='lat' dir='ltr'>Quam</span> <span class='ocrx_word' id='word_1_477' title='bbox 1040 2195 1193 2233; x_wconf 85' lang='lat' dir='ltr'>absurde</span> <span class='ocrx_word' id='word_1_478' title='bbox 1212 2196 1257 2233; x_wconf 92' lang='lat' dir='ltr'>ita</span> <span class='ocrx_word' id='word_1_479' title='bbox 1274 2196 1423 2246; x_wconf 76' lang='lat' dir='ltr'>legatur,</span> <span class='ocrx_word' id='word_1_480' title='bbox 1444 2205 1478 2233; x_wconf 86' lang='lat' dir='ltr'>et</span> <span class='ocrx_word' id='word_1_481' title='bbox 1496 2204 1581 2246; x_wconf 85' lang='lat' dir='ltr'>quot</span> <span class='ocrx_word' id='word_1_482' title='bbox 1608 2204 1811 2246; x_wconf 89' lang='lat' dir='ltr'>quantaque</span> <span class='ocrx_word' id='word_1_483' title='bbox 1830 2210 1874 2233; x_wconf 76' lang='lat' dir='ltr'>ex</span> <span class='ocrx_word' id='word_1_484' title='bbox 1898 2194 2104 2247; x_wconf 85' lang='lat' dir='ltr'>hujusmodi</span> <span class='ocrx_word' id='word_1_485' title='bbox 2131 2194 2279 2231; x_wconf 83' lang='lat' dir='ltr'>lectione</span> <span class='ocrx_word' id='word_1_486' title='bbox 2297 2194 2358 2231; x_wconf 85' lang='lat' dir='ltr'>ab-</span> 
     </span>
     <span class='ocr_line' id='line_1_33' title="bbox 284 2255 2357 2315; baseline -0.005 -12"><span class='ocrx_word' id='word_1_487' title='bbox 284 2280 364 2303; x_wconf 76' lang='lat' dir='ltr'>sona</span> <span class='ocrx_word' id='word_1_488' title='bbox 384 2272 573 2315; x_wconf 88' lang='lat' dir='ltr'>sequautur</span> <span class='ocrx_word' id='word_1_489' title='bbox 594 2261 755 2314; x_wconf 88' lang='lat' dir='ltr'>pluribus</span> <span class='ocrx_word' id='word_1_490' title='bbox 772 2258 924 2297; x_wconf 84' lang='lat' dir='ltr'>ostendit</span> <span class='ocrx_word' id='word_1_491' title='bbox 946 2258 1232 2311; x_wconf 84' lang='lat' dir='ltr'>Chrysostomus.</span> <span class='ocrx_word' id='word_1_492' title='bbox 1251 2257 1321 2296; x_wconf 89' lang='lat' dir='ltr'>Sed</span> <span class='ocrx_word' id='word_1_493' title='bbox 1338 2258 1383 2295; x_wconf 90' lang='lat' dir='ltr'>ab</span> <span class='ocrx_word' id='word_1_494' title='bbox 1402 2258 1461 2307; x_wconf 88' lang='lat' dir='ltr'>iis,</span> <span class='ocrx_word' id='word_1_495' title='bbox 1480 2257 1564 2308; x_wconf 89' lang='lat' dir='ltr'>quia</span> <span class='ocrx_word' id='word_1_496' title='bbox 1582 2258 1741 2309; x_wconf 80' lang='lat' dir='ltr'>longiora</span> <span class='ocrx_word' id='word_1_497' title='bbox 1757 2267 1851 2307; x_wconf 90' lang='lat' dir='ltr'>sunt,</span> <span class='ocrx_word' id='word_1_498' title='bbox 1872 2257 2062 2296; x_wconf 79' lang='lat' dir='ltr'>referendis</span> <span class='ocrx_word' id='word_1_499' title='bbox 2080 2255 2357 2304; x_wconf 80' lang='lat' dir='ltr'>abstinebimus5</span> 
     </span>
     <span class='ocr_line' id='line_1_34' title="bbox 285 2322 1056 2381; baseline -0.01 -15"><span class='ocrx_word' id='word_1_500' title='bbox 285 2331 397 2381; x_wconf 78' lang='lat' dir='ltr'>ipsam</span> <span class='ocrx_word' id='word_1_501' title='bbox 417 2327 601 2365; x_wconf 83' lang='lat' dir='ltr'>homiliam</span> <span class='ocrx_word' id='word_1_502' title='bbox 623 2324 723 2362; x_wconf 84' lang='lat' dir='ltr'>adeat</span> <span class='ocrx_word' id='word_1_503' title='bbox 739 2323 917 2361; x_wconf 87' lang='lat' dir='ltr'>studiosus</span> <span class='ocrx_word' id='word_1_504' title='bbox 936 2322 1056 2359; x_wconf 68' lang='lat' dir='ltr'>lector.</span> 
     </span>
    </p>

    <p class='ocr_par' dir='ltr' id='par_1_6' title="bbox 286 2382 2361 2689">
     <span class='ocr_line' id='line_1_35' title="bbox 337 2382 2356 2440; baseline -0.003 -13"><span class='ocrx_word' id='word_1_505' title='bbox 337 2392 459 2440; x_wconf 82' lang='lat' dir='ltr'>Neque</span> <span class='ocrx_word' id='word_1_506' title='bbox 491 2388 581 2425; x_wconf 88' lang='lat' dir='ltr'>solos</span> <span class='ocrx_word' id='word_1_507' title='bbox 614 2390 800 2423; x_wconf 79' lang='lat' dir='ltr'>Anomoeos</span> <span class='ocrx_word' id='word_1_508' title='bbox 818 2383 1044 2435; x_wconf 72' lang='lat' dir='ltr'>aggreditur,</span> <span class='ocrx_word' id='word_1_509' title='bbox 1067 2398 1190 2422; x_wconf 80' lang='lat' dir='ltr'>verum</span> <span class='ocrx_word' id='word_1_510' title='bbox 1214 2383 1337 2433; x_wconf 88' lang='lat' dir='ltr'>etiam,</span> <span class='ocrx_word' id='word_1_511' title='bbox 1376 2398 1486 2434; x_wconf 88' lang='lat' dir='ltr'>neque</span> <span class='ocrx_word' id='word_1_512' title='bbox 1509 2398 1610 2432; x_wconf 90' lang='lat' dir='ltr'>raro,</span> <span class='ocrx_word' id='word_1_513' title='bbox 1638 2383 1791 2421; x_wconf 90' lang='lat' dir='ltr'>Paulum</span> <span class='ocrx_word' id='word_1_514' title='bbox 1810 2382 2080 2420; x_wconf 87' lang='lat' dir='ltr'>Samosatenum</span> <span class='ocrx_word' id='word_1_515' title='bbox 2092 2413 2103 2432; x_wconf 89' lang='lat'>,</span> <span class='ocrx_word' id='word_1_516' title='bbox 2123 2383 2356 2431; x_wconf 82' lang='lat' dir='ltr'>Sabellianos,</span> 
     </span>
     <span class='ocr_line' id='line_1_36' title="bbox 286 2445 2359 2496; baseline -0.003 -6"><span class='ocrx_word' id='word_1_517' title='bbox 286 2452 533 2490; x_wconf 77' lang='lat' dir='ltr'>&#39;Mareiouistas</span> <span class='ocrx_word' id='word_1_518' title='bbox 551 2459 583 2487; x_wconf 91' lang='lat' dir='ltr'>et</span> <span class='ocrx_word' id='word_1_519' title='bbox 597 2449 830 2496; x_wconf 79' lang='lat' dir='ltr'>Manichaeos,</span> <span class='ocrx_word' id='word_1_520' title='bbox 854 2461 987 2484; x_wconf 85' lang='lat' dir='ltr'>necnon</span> <span class='ocrx_word' id='word_1_521' title='bbox 1006 2461 1064 2484; x_wconf 92' lang='lat' dir='ltr'>eos</span> <span class='ocrx_word' id='word_1_522' title='bbox 1083 2447 1144 2496; x_wconf 89' lang='lat' dir='ltr'>qui</span> <span class='ocrx_word' id='word_1_523' title='bbox 1163 2446 1330 2484; x_wconf 78' lang='lat' dir='ltr'>dicebant</span> <span class='ocrx_word' id='word_1_524' title='bbox 1352 2447 1482 2485; x_wconf 85' lang='lat' dir='ltr'>Filium</span> <span class='ocrx_word' id='word_1_525' title='bbox 1508 2446 1650 2493; x_wconf 78' lang='grc' dir='ltr'>δοκήσει</span> <span class='ocrx_word' id='word_1_526' title='bbox 1669 2455 1808 2483; x_wconf 86' lang='lat' dir='ltr'>tantum</span> <span class='ocrx_word' id='word_1_527' title='bbox 1829 2460 1971 2483; x_wconf 84' lang='lat' dir='ltr'>earnem</span> <span class='ocrx_word' id='word_1_528' title='bbox 1987 2446 2214 2494; x_wconf 73' lang='lat' dir='ltr'>assumsisse,</span> <span class='ocrx_word' id='word_1_529' title='bbox 2235 2445 2273 2483; x_wconf 90' lang='lat' dir='ltr'>id</span> <span class='ocrx_word' id='word_1_530' title='bbox 2290 2456 2337 2483; x_wconf 84' lang='lat' dir='ltr'>est</span> <span class='ocrx_word' id='word_1_531' title='bbox 2350 2478 2359 2495; x_wconf 86' lang='lat'>,</span> 
     </span>
     <span class='ocr_line' id='line_1_37' title="bbox 288 2508 2361 2564; baseline -0.003 -11"><span class='ocrx_word' id='word_1_532' title='bbox 288 2515 559 2553; x_wconf 73' lang='lat' dir='ltr'>incarnationem</span> <span class='ocrx_word' id='word_1_533' title='bbox 581 2528 651 2550; x_wconf 86' lang='lat' dir='ltr'>esse</span> <span class='ocrx_word' id='word_1_534' title='bbox 673 2510 896 2564; x_wconf 82' lang='lat' dir='ltr'>phantasiam</span> <span class='ocrx_word' id='word_1_535' title='bbox 910 2519 1014 2560; x_wconf 87' lang='lat' dir='ltr'>atque</span> <span class='ocrx_word' id='word_1_536' title='bbox 1036 2510 1261 2560; x_wconf 75' lang='lat' dir='ltr'>figmentum,</span> <span class='ocrx_word' id='word_1_537' title='bbox 1280 2524 1390 2560; x_wconf 88' lang='lat' dir='ltr'>neque</span> <span class='ocrx_word' id='word_1_538' title='bbox 1406 2523 1487 2547; x_wconf 75' lang='lat' dir='ltr'>vere</span> <span class='ocrx_word' id='word_1_539' title='bbox 1506 2523 1666 2559; x_wconf 87' lang='lat' dir='ltr'>unquam</span> <span class='ocrx_word' id='word_1_540' title='bbox 1690 2509 1826 2546; x_wconf 88' lang='lat' dir='ltr'>Filium</span> <span class='ocrx_word' id='word_1_541' title='bbox 1849 2509 2069 2546; x_wconf 85' lang='lat' dir='ltr'>incarnatum</span> <span class='ocrx_word' id='word_1_542' title='bbox 2084 2508 2212 2557; x_wconf 72' lang='lat' dir='ltr'>fuisse5</span> <span class='ocrx_word' id='word_1_543' title='bbox 2227 2509 2285 2545; x_wconf 86' lang='lat' dir='ltr'>sed</span> <span class='ocrx_word' id='word_1_544' title='bbox 2307 2509 2361 2546; x_wconf 77' lang='lat' dir='ltr'>iu—</span> 
     </span>
     <span class='ocr_line' id='line_1_38' title="bbox 287 2571 2360 2627; baseline -0.003 -11"><span class='ocrx_word' id='word_1_545' title='bbox 287 2577 498 2616; x_wconf 58' lang='lat' dir='ltr'>carnationis</span> <span class='ocrx_word' id='word_1_546' title='bbox 512 2576 662 2627; x_wconf 84' lang='lat' dir='ltr'>speeiem</span> <span class='ocrx_word' id='word_1_547' title='bbox 682 2584 818 2612; x_wconf 83' lang='lat' dir='ltr'>tantum</span> <span class='ocrx_word' id='word_1_548' title='bbox 839 2588 909 2626; x_wconf 70' lang='lat' dir='ltr'>pra}</span> <span class='ocrx_word' id='word_1_549' title='bbox 923 2588 959 2611; x_wconf 91' lang='lat' dir='ltr'>se</span> <span class='ocrx_word' id='word_1_550' title='bbox 975 2574 1106 2611; x_wconf 86' lang='lat' dir='ltr'>tulisse.</span> <span class='ocrx_word' id='word_1_551' title='bbox 1124 2574 1211 2620; x_wconf 80' lang='lat' dir='ltr'>Quae</span> <span class='ocrx_word' id='word_1_552' title='bbox 1221 2573 1363 2610; x_wconf 79' lang='lat' dir='ltr'>haeresis</span> <span class='ocrx_word' id='word_1_553' title='bbox 1377 2573 1500 2624; x_wconf 90' lang='lat' dir='ltr'>primis</span> <span class='ocrx_word' id='word_1_554' title='bbox 1516 2572 1683 2610; x_wconf 72' lang='lat' dir='ltr'>Ecclesia:</span> <span class='ocrx_word' id='word_1_555' title='bbox 1695 2572 1832 2609; x_wconf 84' lang='lat' dir='ltr'>saeculis</span> <span class='ocrx_word' id='word_1_556' title='bbox 1847 2572 2009 2621; x_wconf 85' lang='lat' dir='ltr'>suborta,</span> <span class='ocrx_word' id='word_1_557' title='bbox 2026 2571 2273 2624; x_wconf 84' lang='lat' dir='ltr'>Chrysostomi</span> <span class='ocrx_word' id='word_1_558' title='bbox 2286 2586 2360 2610; x_wconf 68' lang='lat' dir='ltr'>{evo</span> 
     </span>
     <span class='ocr_line' id='line_1_39' title="bbox 288 2635 1449 2689; baseline -0.005 -11"><span class='ocrx_word' id='word_1_559' title='bbox 288 2642 405 2679; x_wconf 78' lang='lat' dir='ltr'>adhuc</span> <span class='ocrx_word' id='word_1_560' title='bbox 424 2640 576 2689; x_wconf 70' lang='lat' dir='ltr'>vigebat,</span> <span class='ocrx_word' id='word_1_561' title='bbox 594 2647 631 2674; x_wconf 86' lang='lat' dir='ltr'>ut</span> <span class='ocrx_word' id='word_1_562' title='bbox 647 2638 721 2689; x_wconf 88' lang='lat' dir='ltr'>ipse</span> <span class='ocrx_word' id='word_1_563' title='bbox 738 2637 947 2673; x_wconf 81' lang='lat' dir='ltr'>testilieatur</span> <span class='ocrx_word' id='word_1_564' title='bbox 969 2636 1097 2674; x_wconf 84' lang='lat' dir='ltr'>Homil.</span> <span class='ocrx_word' id='word_1_565' title='bbox 1119 2635 1317 2685; x_wconf 87' lang='lat' dir='ltr'>undecima,</span> <span class='ocrx_word' id='word_1_566' title='bbox 1334 2650 1366 2687; x_wconf 89' lang='lat' dir='ltr'>p.</span> <span class='ocrx_word' id='word_1_567' title='bbox 1386 2638 1449 2674; x_wconf 71' lang='lat'>(54.</span> 
     </span>
    </p>

    <p class='ocr_par' dir='ltr' id='par_1_7' title="bbox 290 2698 2362 3070">
     <span class='ocr_line' id='line_1_40' title="bbox 343 2698 2360 2751; baseline -0.003 -10"><span class='ocrx_word' id='word_1_568' title='bbox 343 2706 470 2741; x_wconf 82' lang='lat' dir='ltr'>Contra</span> <span class='ocrx_word' id='word_1_569' title='bbox 498 2700 710 2751; x_wconf 82' lang='lat' dir='ltr'>antiquiores</span> <span class='ocrx_word' id='word_1_570' title='bbox 734 2699 917 2735; x_wconf 69' lang='lat' dir='ltr'>hzrreticos</span> <span class='ocrx_word' id='word_1_571' title='bbox 944 2700 1121 2737; x_wconf 79' lang='lat' dir='ltr'>auditores</span> <span class='ocrx_word' id='word_1_572' title='bbox 1150 2714 1231 2737; x_wconf 87' lang='lat' dir='ltr'>suos</span> <span class='ocrx_word' id='word_1_573' title='bbox 1251 2713 1318 2737; x_wconf 88' lang='lat' dir='ltr'>non</span> <span class='ocrx_word' id='word_1_574' title='bbox 1351 2713 1429 2736; x_wconf 85' lang='lat' dir='ltr'>raro</span> <span class='ocrx_word' id='word_1_575' title='bbox 1452 2698 1566 2736; x_wconf 90' lang='lat' dir='ltr'>munit</span> <span class='ocrx_word' id='word_1_576' title='bbox 1589 2708 1622 2736; x_wconf 91' lang='lat' dir='ltr'>et</span> <span class='ocrx_word' id='word_1_577' title='bbox 1648 2708 1763 2736; x_wconf 89' lang='lat' dir='ltr'>armat</span> <span class='ocrx_word' id='word_1_578' title='bbox 1794 2699 2081 2750; x_wconf 84' lang='lat' dir='ltr'>Chrysostomus,</span> <span class='ocrx_word' id='word_1_579' title='bbox 2101 2698 2182 2748; x_wconf 84' lang='lat' dir='ltr'>quia</span> <span class='ocrx_word' id='word_1_580' title='bbox 2218 2698 2360 2735; x_wconf 89' lang='lat' dir='ltr'>illorum</span> 
     </span>
     <span class='ocr_line' id='line_1_41' title="bbox 290 2760 2360 2812; baseline -0.003 -8"><span class='ocrx_word' id='word_1_581' title='bbox 290 2767 430 2805; x_wconf 70' lang='lat' dir='ltr'>lamilizc</span> <span class='ocrx_word' id='word_1_582' title='bbox 451 2764 567 2803; x_wconf 84' lang='lat' dir='ltr'>adhuc</span> <span class='ocrx_word' id='word_1_583' title='bbox 585 2778 660 2800; x_wconf 84' lang='lat' dir='ltr'>aevo</span> <span class='ocrx_word' id='word_1_584' title='bbox 680 2776 742 2799; x_wconf 90' lang='lat' dir='ltr'>suo</span> <span class='ocrx_word' id='word_1_585' title='bbox 764 2771 968 2812; x_wconf 85' lang='lat' dir='ltr'>supererant</span> <span class='ocrx_word' id='word_1_586' title='bbox 983 2771 1015 2798; x_wconf 93' lang='lat' dir='ltr'>et</span> <span class='ocrx_word' id='word_1_587' title='bbox 1035 2776 1116 2799; x_wconf 84' lang='lat' dir='ltr'>cum</span> <span class='ocrx_word' id='word_1_588' title='bbox 1142 2762 1336 2800; x_wconf 80' lang='lat' dir='ltr'>Catholicis</span> <span class='ocrx_word' id='word_1_589' title='bbox 1352 2763 1550 2812; x_wconf 85' lang='lat' dir='ltr'>frequenter</span> <span class='ocrx_word' id='word_1_590' title='bbox 1575 2761 1878 2798; x_wconf 85' lang='lat' dir='ltr'>conflictabantur.</span> <span class='ocrx_word' id='word_1_591' title='bbox 1902 2762 2022 2810; x_wconf 88' lang='lat' dir='ltr'>Neque</span> <span class='ocrx_word' id='word_1_592' title='bbox 2041 2774 2122 2797; x_wconf 84' lang='lat' dir='ltr'>eum</span> <span class='ocrx_word' id='word_1_593' title='bbox 2145 2760 2217 2797; x_wconf 90' lang='lat' dir='ltr'>illis</span> <span class='ocrx_word' id='word_1_594' title='bbox 2242 2760 2360 2807; x_wconf 77' lang='lat' dir='ltr'>modo,</span> 
     </span>
     <span class='ocr_line' id='line_1_42' title="bbox 290 2822 2361 2877; baseline -0.003 -9"><span class='ocrx_word' id='word_1_595' title='bbox 290 2830 349 2868; x_wconf 66' lang='lat' dir='ltr'>sed.</span> <span class='ocrx_word' id='word_1_596' title='bbox 368 2829 472 2867; x_wconf 88' lang='lat' dir='ltr'>etiam</span> <span class='ocrx_word' id='word_1_597' title='bbox 495 2842 574 2865; x_wconf 87' lang='lat' dir='ltr'>eum</span> <span class='ocrx_word' id='word_1_598' title='bbox 601 2825 804 2877; x_wconf 78' lang='lat' dir='ltr'>gentilibus,</span> <span class='ocrx_word' id='word_1_599' title='bbox 835 2823 894 2873; x_wconf 89' lang='lat' dir='ltr'>qui</span> <span class='ocrx_word' id='word_1_600' title='bbox 929 2823 1046 2859; x_wconf 86' lang='lat' dir='ltr'>adhue.</span> <span class='ocrx_word' id='word_1_601' title='bbox 1072 2840 1200 2876; x_wconf 75' lang='lat' dir='ltr'>magno</span> <span class='ocrx_word' id='word_1_602' title='bbox 1220 2839 1366 2862; x_wconf 90' lang='lat' dir='ltr'>numero</span> <span class='ocrx_word' id='word_1_603' title='bbox 1389 2833 1607 2876; x_wconf 87' lang='lat' dir='ltr'>supererant,</span> <span class='ocrx_word' id='word_1_604' title='bbox 1626 2823 1859 2875; x_wconf 80' lang='lat' dir='ltr'>pugnandum</span> <span class='ocrx_word' id='word_1_605' title='bbox 1877 2822 2070 2860; x_wconf 81' lang='lat' dir='ltr'>Catholicis</span> <span class='ocrx_word' id='word_1_606' title='bbox 2086 2832 2170 2861; x_wconf 85' lang='lat' dir='ltr'>erat.</span> <span class='ocrx_word' id='word_1_607' title='bbox 2201 2823 2285 2860; x_wconf 84' lang='lat' dir='ltr'>ldeo</span> <span class='ocrx_word' id='word_1_608' title='bbox 2316 2824 2361 2861; x_wconf 83' lang='lat' dir='ltr'>ad</span> 
     </span>
     <span class='ocr_line' id='line_1_43' title="bbox 295 2885 2362 2944; baseline -0.003 -14"><span class='ocrx_word' id='word_1_609' title='bbox 295 2891 496 2944; x_wconf 77' lang='lat' dir='ltr'>hujusmodi</span> <span class='ocrx_word' id='word_1_610' title='bbox 516 2888 704 2927; x_wconf 71' lang='lat' dir='ltr'>certamina</span> <span class='ocrx_word' id='word_1_611' title='bbox 724 2887 805 2923; x_wconf 85' lang='lat' dir='ltr'>illos</span> <span class='ocrx_word' id='word_1_612' title='bbox 825 2885 977 2923; x_wconf 81' lang='lat' dir='ltr'>instituit</span> <span class='ocrx_word' id='word_1_613' title='bbox 1001 2886 1133 2923; x_wconf 71' lang='lat' dir='ltr'>uomit.</span> <span class='ocrx_word' id='word_1_614' title='bbox 1158 2889 1227 2936; x_wconf 82' lang='grc'>17,</span> <span class='ocrx_word' id='word_1_615' title='bbox 1246 2903 1279 2939; x_wconf 89' lang='lat' dir='ltr'>p.</span> <span class='ocrx_word' id='word_1_616' title='bbox 1303 2890 1370 2926; x_wconf 84' lang='grc'>’101</span> <span class='ocrx_word' id='word_1_617' title='bbox 1390 2918 1399 2936; x_wconf 92' lang='grc'>,</span> <span class='ocrx_word' id='word_1_618' title='bbox 1425 2896 1457 2924; x_wconf 91' lang='lat' dir='ltr'>et</span> <span class='ocrx_word' id='word_1_619' title='bbox 1483 2888 1572 2923; x_wconf 63' lang='lat'>4022.</span> <span class='ocrx_word' id='word_1_620' title='bbox 1605 2888 1685 2923; x_wconf 90' lang='lat' dir='ltr'>Non</span> <span class='ocrx_word' id='word_1_621' title='bbox 1706 2886 1821 2922; x_wconf 88' lang='lat' dir='ltr'>solum</span> <span class='ocrx_word' id='word_1_622' title='bbox 1846 2900 1890 2923; x_wconf 80' lang='lat' dir='ltr'>ex</span> <span class='ocrx_word' id='word_1_623' title='bbox 1916 2886 2109 2937; x_wconf 84' lang='lat' dir='ltr'>gentilibus</span> <span class='ocrx_word' id='word_1_624' title='bbox 2130 2886 2362 2938; x_wconf 85' lang='lat' dir='ltr'>popularibus</span> 
     </span>
     <span class='ocr_line' id='line_1_44' title="bbox 294 2948 2362 3002; baseline -0.004 -6"><span class='ocrx_word' id='word_1_625' title='bbox 294 2958 396 2996; x_wconf 84' lang='lat' dir='ltr'>multi</span> <span class='ocrx_word' id='word_1_626' title='bbox 412 2954 536 2993; x_wconf 84' lang='lat' dir='ltr'>obvios</span> <span class='ocrx_word' id='word_1_627' title='bbox 550 2951 769 2989; x_wconf 80' lang='lat' dir='ltr'>Christianos</span> <span class='ocrx_word' id='word_1_628' title='bbox 783 2948 1049 2996; x_wconf 85' lang='lat' dir='ltr'>adoriebantur;</span> <span class='ocrx_word' id='word_1_629' title='bbox 1064 2948 1123 2985; x_wconf 86' lang='lat' dir='ltr'>sed</span> <span class='ocrx_word' id='word_1_630' title='bbox 1141 2950 1247 2986; x_wconf 85' lang='lat' dir='ltr'>etiam</span> <span class='ocrx_word' id='word_1_631' title='bbox 1262 2949 1469 3002; x_wconf 82' lang='lat' dir='ltr'>philosophi</span> <span class='ocrx_word' id='word_1_632' title='bbox 1484 2948 1630 3000; x_wconf 86' lang='lat' dir='ltr'>quidam</span> <span class='ocrx_word' id='word_1_633' title='bbox 1650 2949 1835 2999; x_wconf 83' lang='lat' dir='ltr'>gentilium</span> <span class='ocrx_word' id='word_1_634' title='bbox 1852 2948 1962 2986; x_wconf 88' lang='lat' dir='ltr'>libros</span> <span class='ocrx_word' id='word_1_635' title='bbox 1981 2949 2181 2986; x_wconf 88' lang='lat' dir='ltr'>scribebant</span> <span class='ocrx_word' id='word_1_636' title='bbox 2194 2948 2362 2987; x_wconf 84' lang='lat' dir='ltr'>adversus</span> 
     </span>
     <span class='ocr_line' id='line_1_45' title="bbox 293 3010 1783 3070; baseline -0.007 -11"><span class='ocrx_word' id='word_1_637' title='bbox 293 3021 498 3070; x_wconf 66' lang='lat' dir='ltr'>religionem</span> <span class='ocrx_word' id='word_1_638' title='bbox 520 3015 772 3061; x_wconf 81' lang='lat' dir='ltr'>Christianam,</span> <span class='ocrx_word' id='word_1_639' title='bbox 794 3026 946 3063; x_wconf 87' lang='lat' dir='ltr'>quorum</span> <span class='ocrx_word' id='word_1_640' title='bbox 965 3010 1056 3048; x_wconf 86' lang='lat' dir='ltr'>duos</span> <span class='ocrx_word' id='word_1_641' title='bbox 1071 3022 1320 3049; x_wconf 82' lang='lat' dir='ltr'>commemorat</span> <span class='ocrx_word' id='word_1_642' title='bbox 1336 3022 1477 3050; x_wconf 82' lang='lat' dir='ltr'>sanctus</span> <span class='ocrx_word' id='word_1_643' title='bbox 1497 3012 1620 3049; x_wconf 87' lang='lat' dir='ltr'>doctor</span> <span class='ocrx_word' id='word_1_644' title='bbox 1641 3026 1674 3062; x_wconf 89' lang='lat' dir='ltr'>p.</span> <span class='ocrx_word' id='word_1_645' title='bbox 1697 3014 1783 3048; x_wconf 71' lang='lat'>102.</span> 
     </span>
    </p>

    <p class='ocr_par' dir='ltr' id='par_1_8' title="bbox 296 3074 2364 3380">
     <span class='ocr_line' id='line_1_46' title="bbox 350 3074 2364 3132; baseline -0.002 -12"><span class='ocrx_word' id='word_1_646' title='bbox 350 3088 483 3123; x_wconf 69' lang='lat' dir='ltr'>Verum</span> <span class='ocrx_word' id='word_1_647' title='bbox 494 3078 656 3132; x_wconf 85' lang='lat' dir='ltr'>quamvis</span> <span class='ocrx_word' id='word_1_648' title='bbox 672 3087 704 3115; x_wconf 93' lang='lat' dir='ltr'>et</span> <span class='ocrx_word' id='word_1_649' title='bbox 718 3075 864 3127; x_wconf 79' lang='lat' dir='ltr'>gentiles</span> <span class='ocrx_word' id='word_1_650' title='bbox 876 3083 910 3112; x_wconf 89' lang='lat' dir='ltr'>et</span> <span class='ocrx_word' id='word_1_651' title='bbox 925 3074 1003 3111; x_wconf 88' lang='lat' dir='ltr'>illas</span> <span class='ocrx_word' id='word_1_652' title='bbox 1018 3074 1164 3111; x_wconf 65' lang='lat' dir='ltr'>hareses</span> <span class='ocrx_word' id='word_1_653' title='bbox 1186 3088 1254 3111; x_wconf 90' lang='lat' dir='ltr'>non</span> <span class='ocrx_word' id='word_1_654' title='bbox 1268 3089 1347 3112; x_wconf 89' lang='lat' dir='ltr'>raro</span> <span class='ocrx_word' id='word_1_655' title='bbox 1366 3082 1614 3113; x_wconf 75' lang='lat' dir='ltr'>commemoret</span> <span class='ocrx_word' id='word_1_656' title='bbox 1626 3082 1659 3111; x_wconf 93' lang='lat' dir='ltr'>et</span> <span class='ocrx_word' id='word_1_657' title='bbox 1673 3083 1804 3125; x_wconf 83' lang='lat' dir='ltr'>carpat,</span> <span class='ocrx_word' id='word_1_658' title='bbox 1822 3075 1999 3113; x_wconf 80' lang='lat' dir='ltr'>Anomoeis</span> <span class='ocrx_word' id='word_1_659' title='bbox 2014 3076 2237 3113; x_wconf 82' lang='lat' dir='ltr'>confutandis</span> <span class='ocrx_word' id='word_1_660' title='bbox 2251 3078 2364 3115; x_wconf 80' lang='lat' dir='ltr'>maxi-</span> 
     </span>
     <span class='ocr_line' id='line_1_47' title="bbox 298 3136 2362 3194; baseline -0.005 -7"><span class='ocrx_word' id='word_1_661' title='bbox 298 3164 388 3187; x_wconf 83' lang='lat' dir='ltr'>mam</span> <span class='ocrx_word' id='word_1_662' title='bbox 411 3146 555 3184; x_wconf 85' lang='lat' dir='ltr'>adhibet</span> <span class='ocrx_word' id='word_1_663' title='bbox 574 3155 728 3194; x_wconf 83' lang='lat' dir='ltr'>operam,</span> <span class='ocrx_word' id='word_1_664' title='bbox 741 3139 845 3176; x_wconf 90' lang='lat' dir='ltr'>modo</span> <span class='ocrx_word' id='word_1_665' title='bbox 866 3138 1011 3175; x_wconf 90' lang='lat' dir='ltr'>illorum</span> <span class='ocrx_word' id='word_1_666' title='bbox 1032 3137 1245 3188; x_wconf 85' lang='lat' dir='ltr'>objectiones</span> <span class='ocrx_word' id='word_1_667' title='bbox 1259 3137 1435 3188; x_wconf 85' lang='lat' dir='ltr'>depellens</span> <span class='ocrx_word' id='word_1_668' title='bbox 1448 3148 1480 3175; x_wconf 90' lang='lat' dir='ltr'>et</span> <span class='ocrx_word' id='word_1_669' title='bbox 1496 3152 1593 3174; x_wconf 88' lang='lat' dir='ltr'>arma</span> <span class='ocrx_word' id='word_1_670' title='bbox 1615 3136 1817 3173; x_wconf 87' lang='lat' dir='ltr'>ministrans</span> <span class='ocrx_word' id='word_1_671' title='bbox 1833 3137 2069 3187; x_wconf 88' lang='lat' dir='ltr'>auditoribus,</span> <span class='ocrx_word' id='word_1_672' title='bbox 2089 3138 2194 3176; x_wconf 91' lang='lat' dir='ltr'>modo</span> <span class='ocrx_word' id='word_1_673' title='bbox 2219 3139 2362 3177; x_wconf 89' lang='lat' dir='ltr'>illorum</span> 
     </span>
     <span class='ocr_line' id='line_1_48' title="bbox 296 3199 2362 3258; baseline -0.004 -10"><span class='ocrx_word' id='word_1_674' title='bbox 296 3209 531 3258; x_wconf 65' lang='lat' dir='ltr'>arrogantiam</span> <span class='ocrx_word' id='word_1_675' title='bbox 552 3214 585 3243; x_wconf 87' lang='lat' dir='ltr'>et</span> <span class='ocrx_word' id='word_1_676' title='bbox 607 3202 778 3241; x_wconf 83' lang='lat' dir='ltr'>insaniam</span> <span class='ocrx_word' id='word_1_677' title='bbox 801 3199 1000 3246; x_wconf 74' lang='lat' dir='ltr'>traducens,</span> <span class='ocrx_word' id='word_1_678' title='bbox 1024 3208 1062 3235; x_wconf 87' lang='lat' dir='ltr'>ut</span> <span class='ocrx_word' id='word_1_679' title='bbox 1083 3199 1211 3235; x_wconf 88' lang='lat' dir='ltr'>llomil.</span> <span class='ocrx_word' id='word_1_680' title='bbox 1237 3200 1309 3245; x_wconf 75' lang='lat' dir='ltr'>tsi,</span> <span class='ocrx_word' id='word_1_681' title='bbox 1333 3214 1367 3250; x_wconf 92' lang='lat' dir='ltr'>p.</span> <span class='ocrx_word' id='word_1_682' title='bbox 1390 3200 1456 3248; x_wconf 64' lang='lat'>94,</span> <span class='ocrx_word' id='word_1_683' title='bbox 1481 3201 1538 3237; x_wconf 85' lang='lat' dir='ltr'>D:</span> <span class='ocrx_word' id='word_1_684' title='bbox 1559 3200 1733 3237; x_wconf 73' lang='lat' dir='ltr'>Joannes</span> <span class='ocrx_word' id='word_1_685' title='bbox 1765 3212 1804 3236; x_wconf 80' lang='lat' dir='ltr'>se</span> <span class='ocrx_word' id='word_1_686' title='bbox 1824 3201 2026 3251; x_wconf 79' lang='lat' dir='ltr'>indignum</span> <span class='ocrx_word' id='word_1_687' title='bbox 2057 3204 2112 3238; x_wconf 78' lang='lat' dir='ltr'>alc</span> <span class='ocrx_word' id='word_1_688' title='bbox 2138 3204 2205 3253; x_wconf 80' lang='lat' dir='ltr'>qui</span> <span class='ocrx_word' id='word_1_689' title='bbox 2237 3202 2362 3240; x_wconf 77' lang='lat' dir='ltr'>solvat</span> 
     </span>
     <span class='ocr_line' id='line_1_49' title="bbox 297 3264 2362 3322; baseline -0.004 -12"><span class='ocrx_word' id='word_1_690' title='bbox 297 3274 498 3322; x_wconf 64' lang='lat' dir='ltr'>soi-rigiam</span> <span class='ocrx_word' id='word_1_691' title='bbox 520 3267 787 3306; x_wconf 76' lang='lat' dir='ltr'>calceamenti.</span> <span class='ocrx_word' id='word_1_692' title='bbox 815 3265 965 3301; x_wconf 79' lang='lat' dir='ltr'>Inimici</span> <span class='ocrx_word' id='word_1_693' title='bbox 986 3271 1112 3299; x_wconf 75' lang='lat' dir='ltr'>aulem</span> <span class='ocrx_word' id='word_1_694' title='bbox 1136 3264 1313 3299; x_wconf 75' lang='lat' dir='ltr'>veritatis</span> <span class='ocrx_word' id='word_1_695' title='bbox 1339 3265 1381 3298; x_wconf 80' lang='lat' dir='ltr'>in</span> <span class='ocrx_word' id='word_1_696' title='bbox 1402 3271 1550 3300; x_wconf 74' lang='lat' dir='ltr'>tantam</span> <span class='ocrx_word' id='word_1_697' title='bbox 1574 3270 1825 3311; x_wconf 76' lang='lat' dir='ltr'>prorumpunt</span> <span class='ocrx_word' id='word_1_698' title='bbox 1857 3265 2073 3309; x_wconf 81' lang='lat' dir='ltr'>insaniam,</span> <span class='ocrx_word' id='word_1_699' title='bbox 2095 3272 2136 3301; x_wconf 80' lang='lat' dir='ltr'>ut</span> <span class='ocrx_word' id='word_1_700' title='bbox 2165 3265 2294 3301; x_wconf 76' lang='lat' dir='ltr'>dicant</span> <span class='ocrx_word' id='word_1_701' title='bbox 2325 3279 2362 3302; x_wconf 77' lang='lat' dir='ltr'>se</span> 
     </span>
     <span class='ocr_line' id='line_1_50' title="bbox 302 3325 2181 3380; baseline -0.004 -10"><span class='ocrx_word' id='word_1_702' title='bbox 302 3349 407 3372; x_wconf 59' lang='lat' dir='ltr'>mxxv·</span> <span class='ocrx_word' id='word_1_703' title='bbox 429 3334 536 3371; x_wconf 79' lang='lat' dir='ltr'>illam</span> <span class='ocrx_word' id='word_1_704' title='bbox 560 3340 596 3369; x_wconf 79' lang='lat' dir='ltr'>ul</span> <span class='ocrx_word' id='word_1_705' title='bbox 616 3333 693 3380; x_wconf 66' lang='lat' dir='ltr'>ipse</span> <span class='ocrx_word' id='word_1_706' title='bbox 710 3343 749 3365; x_wconf 79' lang='lat' dir='ltr'>se</span> <span class='ocrx_word' id='word_1_707' title='bbox 767 3330 880 3365; x_wconf 71' lang='lat' dir='ltr'>now&#39;l.</span> <span class='ocrx_word' id='word_1_708' title='bbox 908 3327 994 3376; x_wconf 80' lang='lat' dir='ltr'>Qua</span> <span class='ocrx_word' id='word_1_709' title='bbox 1014 3326 1183 3362; x_wconf 75' lang='lat' dir='ltr'>amentia</span> <span class='ocrx_word' id='word_1_710' title='bbox 1203 3326 1299 3375; x_wconf 78' lang='lat' dir='ltr'>quid</span> <span class='ocrx_word' id='word_1_711' title='bbox 1318 3325 1482 3361; x_wconf 70' lang='lat' dir='ltr'>dacerius</span> <span class='ocrx_word' id='word_1_712' title='bbox 1498 3330 1514 3361; x_wconf 64' lang='grc' dir='ltr'>Ρ</span> <span class='ocrx_word' id='word_1_713' title='bbox 1529 3339 1606 3376; x_wconf 80' lang='lat' dir='ltr'>qua</span> <span class='ocrx_word' id='word_1_714' title='bbox 1624 3328 1847 3374; x_wconf 70' lang='lat' dir='ltr'>arrogantia</span> <span class='ocrx_word' id='word_1_715' title='bbox 1864 3327 2181 3377; x_wconf 73' lang='lat' dir='ltr'>q11idsur1&#39;0sz&#39;ns?</span> 
     </span>
    </p>

    <p class='ocr_par' dir='ltr' id='par_1_9' title="bbox 352 3387 2363 3444">
     <span class='ocr_line' id='line_1_51' title="bbox 352 3387 2363 3444; baseline -0.002 -10"><span class='ocrx_word' id='word_1_716' title='bbox 352 3399 411 3434; x_wconf 76' lang='lat' dir='ltr'>lla·</span> <span class='ocrx_word' id='word_1_717' title='bbox 430 3397 537 3444; x_wconf 59' lang='lat' dir='ltr'>igitur</span> <span class='ocrx_word' id='word_1_718' title='bbox 556 3393 767 3443; x_wconf 73' lang='lat' dir='ltr'>‹piotidianw</span> <span class='ocrx_word' id='word_1_719' title='bbox 785 3390 1004 3428; x_wconf 63' lang='lat' dir='ltr'>velit-‘itiones</span> <span class='ocrx_word' id='word_1_720' title='bbox 1024 3404 1100 3439; x_wconf 62' lang='lat' dir='ltr'>qua¹</span> <span class='ocrx_word' id='word_1_721' title='bbox 1130 3388 1257 3440; x_wconf 72' lang='lat' dir='ltr'>passim</span> <span class='ocrx_word' id='word_1_722' title='bbox 1289 3388 1490 3426; x_wconf 84' lang='lat' dir='ltr'>oriebantur</span> <span class='ocrx_word' id='word_1_723' title='bbox 1513 3389 1600 3425; x_wconf 86' lang='lat' dir='ltr'>inter</span> <span class='ocrx_word' id='word_1_724' title='bbox 1626 3387 1834 3439; x_wconf 85' lang='lat' dir='ltr'>populares,</span> <span class='ocrx_word' id='word_1_725' title='bbox 1857 3398 1974 3426; x_wconf 68' lang='lat' dir='ltr'>‹fontra</span> <span class='ocrx_word' id='word_1_726' title='bbox 2002 3390 2184 3429; x_wconf 76' lang='lat' dir='ltr'>Anomocos</span> <span class='ocrx_word' id='word_1_727' title='bbox 2210 3391 2363 3430; x_wconf 78' lang='lat' dir='ltr'>maxime</span> 
     </span>
    </p>
   </div>
  </div>
 </body>
</html>
