<?xml version="1.0" encoding="UTF-8"?>
<!DOCTYPE html PUBLIC "-//W3C//DTD XHTML 1.0 Transitional//EN"
    "http://www.w3.org/TR/xhtml1/DTD/xhtml1-transitional.dtd">
<html xmlns="http://www.w3.org/1999/xhtml" xml:lang="en" lang="en">
 <head>
  <title>
</title>
<meta http-equiv="Content-Type" content="text/html;charset=utf-8" />
  <meta name='ocr-system' content='tesseract 3.04.00' />
  <meta name='ocr-capabilities' content='ocr_page ocr_carea ocr_par ocr_line ocrx_word'/>
</head>
<body>
  <div class='ocr_page' id='page_1' title='image "./operaomniaquaeex08johnuoft/operaomniaquaeex08johnuoft_0233.png"; bbox 0 0 2481 3678; ppageno 0'>
   <div class='ocr_carea' id='block_1_1' title="bbox 683 229 1427 279">
    <p class='ocr_par' dir='ltr' id='par_1_1' title="bbox 683 229 1427 279">
     <span class='ocr_line' id='line_1_1' title="bbox 683 229 1427 279; baseline -0.011 0"><span class='ocrx_word' id='word_1_1' title='bbox 683 250 722 279; x_wconf 59' lang='grc' dir='ltr'>ιικ*</span> <span class='ocrx_word' id='word_1_2' title='bbox 761 249 969 279; x_wconf 50' lang='lat' dir='ltr'><strong>somam</strong></span> <span class='ocrx_word' id='word_1_3' title='bbox 1008 245 1163 276; x_wconf 73' lang='lat' dir='ltr'><strong>uomit..</strong></span> <span class='ocrx_word' id='word_1_4' title='bbox 1202 245 1328 275; x_wconf 69' lang='lat' dir='ltr'><strong>xxm.</strong></span> <span class='ocrx_word' id='word_1_5' title='bbox 1366 229 1427 272; x_wconf 88' lang='lat' dir='ltr'>al.</span> 
     </span>
    </p>
   </div>
   <div class='ocr_carea' id='block_1_2' title="bbox 88 330 1127 2027">
    <p class='ocr_par' dir='ltr' id='par_1_2' title="bbox 88 330 1127 2027">
     <span class='ocr_line' id='line_1_2' title="bbox 88 330 1111 384; baseline -0.005 -15"><span class='ocrx_word' id='word_1_6' title='bbox 88 332 230 384; x_wconf 82' lang='grc' dir='ltr'>γίνεται.</span> <span class='ocrx_word' id='word_1_7' title='bbox 254 332 461 371; x_wconf 74' lang='grc' dir='ltr'>Ίόὐναντίον</span> <span class='ocrx_word' id='word_1_8' title='bbox 477 330 543 384; x_wconf 73' lang='grc' dir='ltr'>γὰρ</span> <span class='ocrx_word' id='word_1_9' title='bbox 561 333 665 384; x_wconf 72' lang='grc' dir='ltr'>ἐχρῆν</span> <span class='ocrx_word' id='word_1_10' title='bbox 687 332 847 369; x_wconf 67' lang='grc' dir='ltr'>ἁπάντων</span> <span class='ocrx_word' id='word_1_11' title='bbox 870 333 936 368; x_wconf 78' lang='grc' dir='ltr'>τῶν</span> <span class='ocrx_word' id='word_1_12' title='bbox 958 343 1111 377; x_wconf 84' lang='grc' dir='ltr'>πνευμα-</span> 
     </span>
     <span class='ocr_line' id='line_1_3' title="bbox 89 392 1111 444; baseline -0.005 -13"><span class='ocrx_word' id='word_1_13' title='bbox 89 398 194 433; x_wconf 83' lang='grc' dir='ltr'>τικῶν</span> <span class='ocrx_word' id='word_1_14' title='bbox 216 394 320 433; x_wconf 75' lang='grc' dir='ltr'>πολὺν</span> <span class='ocrx_word' id='word_1_15' title='bbox 340 392 594 443; x_wconf 79' lang='grc' dir='ltr'>ποιησαμένους</span> <span class='ocrx_word' id='word_1_16' title='bbox 615 393 728 444; x_wconf 83' lang='grc' dir='ltr'>λόγον,</span> <span class='ocrx_word' id='word_1_17' title='bbox 757 392 845 444; x_wconf 85' lang='grc' dir='ltr'>μετὰ</span> <span class='ocrx_word' id='word_1_18' title='bbox 868 393 908 430; x_wconf 81' lang='grc' dir='ltr'>τὸ</span> <span class='ocrx_word' id='word_1_19' title='bbox 926 392 1111 441; x_wconf 86' lang='grc' dir='ltr'>πληρῶσαι</span> 
     </span>
     <span class='ocr_line' id='line_1_4' title="bbox 91 447 1110 503; baseline -0.007 -10"><span class='ocrx_word' id='word_1_20' title='bbox 91 458 217 503; x_wconf 81' lang='grc' dir='ltr'>ἐκεῖνα,</span> <span class='ocrx_word' id='word_1_21' title='bbox 238 454 315 492; x_wconf 86' lang='grc' dir='ltr'>τότε</span> <span class='ocrx_word' id='word_1_22' title='bbox 334 454 504 492; x_wconf 86' lang='grc' dir='ltr'>ἅπτεσθαι</span> <span class='ocrx_word' id='word_1_23' title='bbox 523 452 665 492; x_wconf 86' lang='grc' dir='ltr'>τούτων.</span> <span class='ocrx_word' id='word_1_24' title='bbox 688 456 740 491; x_wconf 82' lang='grc' dir='ltr'>Οὐ</span> <span class='ocrx_word' id='word_1_25' title='bbox 759 454 798 491; x_wconf 85' lang='grc' dir='ltr'>τὸ</span> <span class='ocrx_word' id='word_1_26' title='bbox 812 453 973 491; x_wconf 82' lang='grc' dir='ltr'>ἐπίπονον</span> <span class='ocrx_word' id='word_1_27' title='bbox 991 449 1026 487; x_wconf 77' lang='grc' dir='ltr'>δὲ</span> <span class='ocrx_word' id='word_1_28' title='bbox 1048 447 1110 498; x_wconf 88' lang='grc' dir='ltr'>μό-</span> 
     </span>
     <span class='ocr_line' id='line_1_5' title="bbox 88 510 1110 567; baseline -0.006 -15"><span class='ocrx_word' id='word_1_29' title='bbox 88 531 158 562; x_wconf 88' lang='grc' dir='ltr'>νον,</span> <span class='ocrx_word' id='word_1_30' title='bbox 188 514 278 553; x_wconf 84' lang='grc' dir='ltr'>ἀλλὰ</span> <span class='ocrx_word' id='word_1_31' title='bbox 303 514 362 552; x_wconf 81' lang='grc' dir='ltr'>καὶ</span> <span class='ocrx_word' id='word_1_32' title='bbox 391 514 430 552; x_wconf 74' lang='grc' dir='ltr'>τὸ</span> <span class='ocrx_word' id='word_1_33' title='bbox 450 514 576 567; x_wconf 72' lang='grc' dir='ltr'>ἄτυφον</span> <span class='ocrx_word' id='word_1_34' title='bbox 605 517 754 553; x_wconf 74' lang='grc' dir='ltr'>ἐντεῦθεν</span> <span class='ocrx_word' id='word_1_35' title='bbox 783 513 975 558; x_wconf 79' lang='grc' dir='ltr'>δείκνυται,</span> <span class='ocrx_word' id='word_1_36' title='bbox 999 512 1036 548; x_wconf 81' lang='grc' dir='ltr'>οὗ</span> <span class='ocrx_word' id='word_1_37' title='bbox 1060 510 1110 559; x_wconf 82' lang='grc' dir='ltr'>τῷ</span> 
     </span>
     <span class='ocr_line' id='line_1_6' title="bbox 90 568 1112 628; baseline -0.006 -13"><span class='ocrx_word' id='word_1_38' title='bbox 90 583 278 624; x_wconf 77' lang='grc' dir='ltr'>κοπιᾶσαι,</span> <span class='ocrx_word' id='word_1_39' title='bbox 298 575 375 614; x_wconf 75' lang='grc' dir='ltr'>οὐδὲ</span> <span class='ocrx_word' id='word_1_40' title='bbox 395 579 445 628; x_wconf 83' lang='grc' dir='ltr'>τῷ</span> <span class='ocrx_word' id='word_1_41' title='bbox 461 576 602 615; x_wconf 76' lang='grc' dir='ltr'>καθίσαι</span> <span class='ocrx_word' id='word_1_42' title='bbox 625 576 682 614; x_wconf 78' lang='grc' dir='ltr'>ἐπὶ</span> <span class='ocrx_word' id='word_1_43' title='bbox 701 579 763 622; x_wconf 71' lang='grc' dir='ltr'>τῆς</span> <span class='ocrx_word' id='word_1_44' title='bbox 779 576 856 613; x_wconf 79' lang='grc' dir='ltr'>ὁδοῦ</span> <span class='ocrx_word' id='word_1_45' title='bbox 880 572 997 624; x_wconf 87' lang='grc' dir='ltr'>μόνον,</span> <span class='ocrx_word' id='word_1_46' title='bbox 1022 568 1112 607; x_wconf 74' lang='grc' dir='ltr'>ἀλλὰ</span> 
     </span>
     <span class='ocr_line' id='line_1_7' title="bbox 90 630 1111 688; baseline -0.004 -14"><span class='ocrx_word' id='word_1_47' title='bbox 90 637 150 674; x_wconf 83' lang='grc' dir='ltr'>καὶ</span> <span class='ocrx_word' id='word_1_48' title='bbox 164 639 214 688; x_wconf 80' lang='grc' dir='ltr'>τῷ</span> <span class='ocrx_word' id='word_1_49' title='bbox 233 638 506 688; x_wconf 73' lang='grc' dir='ltr'>καταλειφθῆναι</span> <span class='ocrx_word' id='word_1_50' title='bbox 524 637 624 688; x_wconf 86' lang='grc' dir='ltr'>μόνον</span> <span class='ocrx_word' id='word_1_51' title='bbox 640 635 788 679; x_wconf 71' lang='grc' dir='ltr'>καὶτοὺς</span> <span class='ocrx_word' id='word_1_52' title='bbox 804 633 961 685; x_wconf 79' lang='grc' dir='ltr'>μαθητὰς</span> <span class='ocrx_word' id='word_1_53' title='bbox 981 630 998 652; x_wconf 72' lang='lat' dir='ltr'><strong>b</strong></span> <span class='ocrx_word' id='word_1_54' title='bbox 1010 632 1111 668; x_wconf 67' lang='grc' dir='ltr'>αὐτοῦ</span> 
     </span>
     <span class='ocr_line' id='line_1_8' title="bbox 91 691 1114 749; baseline -0.007 -14"><span class='ocrx_word' id='word_1_55' title='bbox 91 699 263 735; x_wconf 79' lang='grc' dir='ltr'>ἀπελθεῖν.</span> <span class='ocrx_word' id='word_1_56' title='bbox 285 695 408 735; x_wconf 84' lang='grc' dir='ltr'><strong>Καίτοι</strong></span> <span class='ocrx_word' id='word_1_57' title='bbox 428 713 467 749; x_wconf 87' lang='grc' dir='ltr'>γε</span> <span class='ocrx_word' id='word_1_58' title='bbox 483 697 560 744; x_wconf 74' lang='grc' dir='ltr'>ἐξῆν</span> <span class='ocrx_word' id='word_1_59' title='bbox 581 697 613 735; x_wconf 86' lang='grc' dir='ltr'>εἴ</span> <span class='ocrx_word' id='word_1_60' title='bbox 627 713 665 749; x_wconf 86' lang='grc' dir='ltr'>γε</span> <span class='ocrx_word' id='word_1_61' title='bbox 681 695 839 735; x_wconf 67' lang='grc' dir='ltr'>ἑδούλετο</span> <span class='ocrx_word' id='word_1_62' title='bbox 850 725 859 742; x_wconf 93' lang='grc'>,</span> <span class='ocrx_word' id='word_1_63' title='bbox 875 693 897 740; x_wconf 81' lang='grc' dir='ltr'>ἢ</span> <span class='ocrx_word' id='word_1_64' title='bbox 917 693 964 744; x_wconf 85' lang='grc' dir='ltr'>μὴ</span> <span class='ocrx_word' id='word_1_65' title='bbox 981 691 1114 733; x_wconf 83' lang='grc' dir='ltr'>πάντας</span> 
     </span>
     <span class='ocr_line' id='line_1_9' title="bbox 92 752 1116 809; baseline -0.006 -13"><span class='ocrx_word' id='word_1_66' title='bbox 92 757 291 809; x_wconf 78' lang='grc' dir='ltr'>ἐκπέμψαι,</span> <span class='ocrx_word' id='word_1_67' title='bbox 316 757 338 804; x_wconf 84' lang='grc' dir='ltr'>ἢ</span> <span class='ocrx_word' id='word_1_68' title='bbox 359 758 575 796; x_wconf 82' lang='grc' dir='ltr'>ἀπελθόντων</span> <span class='ocrx_word' id='word_1_69' title='bbox 604 757 741 795; x_wconf 80' lang='grc' dir='ltr'>ἐκείνων</span> <span class='ocrx_word' id='word_1_70' title='bbox 772 756 906 809; x_wconf 78' lang='grc' dir='ltr'>ἑτέρους</span> <span class='ocrx_word' id='word_1_71' title='bbox 940 752 1116 795; x_wconf 85' lang='grc' dir='ltr'>διακόνους</span> 
     </span>
     <span class='ocr_line' id='line_1_10' title="bbox 93 813 1116 870; baseline -0.002 -12"><span class='ocrx_word' id='word_1_72' title='bbox 93 817 185 869; x_wconf 78' lang='grc' dir='ltr'>ἔχειν</span> <span class='ocrx_word' id='word_1_73' title='bbox 198 833 206 841; x_wconf 87' lang='grc'><em>·</em></span> <span class='ocrx_word' id='word_1_74' title='bbox 227 821 302 857; x_wconf 88' lang='grc' dir='ltr'>ἀλλ’</span> <span class='ocrx_word' id='word_1_75' title='bbox 324 821 384 857; x_wconf 83' lang='grc' dir='ltr'>οὐκ</span> <span class='ocrx_word' id='word_1_76' title='bbox 399 818 564 865; x_wconf 85' lang='grc' dir='ltr'>ἠθέλησε·</span> <span class='ocrx_word' id='word_1_77' title='bbox 580 818 639 856; x_wconf 83' lang='grc' dir='ltr'>καὶ</span> <span class='ocrx_word' id='word_1_78' title='bbox 657 817 725 870; x_wconf 83' lang='grc' dir='ltr'>γὰρ</span> <span class='ocrx_word' id='word_1_79' title='bbox 741 815 820 860; x_wconf 76' lang='grc' dir='ltr'>τοὺς</span> <span class='ocrx_word' id='word_1_80' title='bbox 836 814 994 867; x_wconf 78' lang='grc' dir='ltr'>μαθητὰς</span> <span class='ocrx_word' id='word_1_81' title='bbox 1010 813 1116 856; x_wconf 80' lang='grc' dir='ltr'>οὕτως</span> 
     </span>
     <span class='ocr_line' id='line_1_11' title="bbox 93 873 1116 929; baseline -0.004 -15"><span class='ocrx_word' id='word_1_82' title='bbox 93 877 199 915; x_wconf 85' lang='grc' dir='ltr'>εἴθισε</span> <span class='ocrx_word' id='word_1_83' title='bbox 220 877 335 916; x_wconf 79' lang='grc' dir='ltr'>πάντα</span> <span class='ocrx_word' id='word_1_84' title='bbox 359 883 461 929; x_wconf 78' lang='grc' dir='ltr'>τῦφον</span> <span class='ocrx_word' id='word_1_85' title='bbox 479 882 704 914; x_wconf 88' lang='grc' dir='ltr'>καταπατεῖν.</span> <span class='ocrx_word' id='word_1_86' title='bbox 726 876 797 914; x_wconf 83' lang='grc' dir='ltr'>Καὶ</span> <span class='ocrx_word' id='word_1_87' title='bbox 816 874 851 913; x_wconf 86' lang='grc' dir='ltr'>τί</span> <span class='ocrx_word' id='word_1_88' title='bbox 869 875 978 926; x_wconf 84' lang='grc' dir='ltr'>μέγα,</span> <span class='ocrx_word' id='word_1_89' title='bbox 1000 873 1116 925; x_wconf 80' lang='grc' dir='ltr'>φησὶν,</span> 
     </span>
     <span class='ocr_line' id='line_1_12' title="bbox 94 934 1116 991; baseline -0.006 -15"><span class='ocrx_word' id='word_1_90' title='bbox 94 940 124 976; x_wconf 89' lang='grc' dir='ltr'>εἷ</span> <span class='ocrx_word' id='word_1_91' title='bbox 156 938 367 991; x_wconf 82' lang='grc' dir='ltr'>ἐμετρίαζον,</span> <span class='ocrx_word' id='word_1_92' title='bbox 391 937 474 982; x_wconf 85' lang='grc' dir='ltr'>ἴσως</span> <span class='ocrx_word' id='word_1_93' title='bbox 502 936 593 975; x_wconf 87' lang='grc' dir='ltr'>εἴποι</span> <span class='ocrx_word' id='word_1_94' title='bbox 623 953 676 981; x_wconf 89' lang='grc' dir='ltr'>τις</span> <span class='ocrx_word' id='word_1_95' title='bbox 705 936 758 984; x_wconf 84' lang='grc' dir='ltr'>ἂν,</span> <span class='ocrx_word' id='word_1_96' title='bbox 794 937 901 979; x_wconf 85' lang='grc' dir='ltr'>ἁλιεῖς</span> <span class='ocrx_word' id='word_1_97' title='bbox 933 935 1026 978; x_wconf 84' lang='grc' dir='ltr'>ὄντες</span> <span class='ocrx_word' id='word_1_98' title='bbox 1057 934 1116 971; x_wconf 73' lang='grc' dir='ltr'>καὶ</span> 
     </span>
     <span class='ocr_line' id='line_1_13' title="bbox 93 992 1117 1049; baseline -0.005 -12"><span class='ocrx_word' id='word_1_99' title='bbox 93 998 314 1046; x_wconf 87' lang='grc' dir='ltr'>σκηνοποιοί;</span> <span class='ocrx_word' id='word_1_100' title='bbox 351 998 494 1049; x_wconf 83' lang='grc' dir='ltr'>[Ἁλιεῖς</span> <span class='ocrx_word' id='word_1_101' title='bbox 530 997 590 1048; x_wconf 80' lang='grc' dir='ltr'>μὲν</span> <span class='ocrx_word' id='word_1_102' title='bbox 627 992 716 1045; x_wconf 66' lang='grc' dir='ltr'>ἦσαν</span> <span class='ocrx_word' id='word_1_103' title='bbox 753 997 812 1036; x_wconf 83' lang='grc' dir='ltr'>καὶ</span> <span class='ocrx_word' id='word_1_104' title='bbox 841 1002 856 1018; x_wconf 74' lang='lat'><strong>⁰</strong></span> <span class='ocrx_word' id='word_1_105' title='bbox 871 994 1071 1043; x_wconf 78' lang='grc' dir='ltr'>σκηνοποιοὶ</span> <span class='ocrx_word' id='word_1_106' title='bbox 1084 994 1117 1044; x_wconf 86' lang='grc'>,]</span> 
     </span>
     <span class='ocr_line' id='line_1_14' title="bbox 94 1057 1118 1113; baseline -0.004 -15"><span class='ocrx_word' id='word_1_107' title='bbox 94 1062 170 1098; x_wconf 87' lang='grc' dir='ltr'>ἀλλ’</span> <span class='ocrx_word' id='word_1_108' title='bbox 190 1060 311 1113; x_wconf 87' lang='grc' dir='ltr'>ἀθρόον</span> <span class='ocrx_word' id='word_1_109' title='bbox 335 1062 381 1103; x_wconf 83' lang='grc' dir='ltr'>εἰς</span> <span class='ocrx_word' id='word_1_110' title='bbox 403 1059 508 1106; x_wconf 86' lang='grc' dir='ltr'>αὐτὴν</span> <span class='ocrx_word' id='word_1_111' title='bbox 531 1058 704 1106; x_wconf 68' lang='grc' dir='ltr'>ἀνέδησαν</span> <span class='ocrx_word' id='word_1_112' title='bbox 726 1064 786 1097; x_wconf 78' lang='grc' dir='ltr'>τοῦ</span> <span class='ocrx_word' id='word_1_113' title='bbox 812 1060 955 1110; x_wconf 76' lang='grc' dir='ltr'>οὐρανοῦ</span> <span class='ocrx_word' id='word_1_114' title='bbox 975 1057 1038 1104; x_wconf 85' lang='grc' dir='ltr'>τὴν</span> <span class='ocrx_word' id='word_1_115' title='bbox 1059 1070 1118 1094; x_wconf 72' lang='grc' dir='ltr'>κο·</span> 
     </span>
     <span class='ocr_line' id='line_1_15' title="bbox 96 1118 1116 1173; baseline -0.003 -15"><span class='ocrx_word' id='word_1_116' title='bbox 96 1120 216 1173; x_wconf 75' lang='grc' dir='ltr'>ρυφὴν,</span> <span class='ocrx_word' id='word_1_117' title='bbox 248 1120 308 1158; x_wconf 82' lang='grc' dir='ltr'>καὶ</span> <span class='ocrx_word' id='word_1_118' title='bbox 337 1120 477 1159; x_wconf 79' lang='grc' dir='ltr'>πάντων</span> <span class='ocrx_word' id='word_1_119' title='bbox 513 1120 667 1172; x_wconf 79' lang='grc' dir='ltr'>ἐγένοντο</span> <span class='ocrx_word' id='word_1_120' title='bbox 702 1119 871 1171; x_wconf 86' lang='grc' dir='ltr'>βασιλέων</span> <span class='ocrx_word' id='word_1_121' title='bbox 898 1118 1116 1171; x_wconf 86' lang='grc' dir='ltr'>σεμνότεροι,</span> 
     </span>
     <span class='ocr_line' id='line_1_16' title="bbox 93 1180 1119 1234; baseline -0.003 -14"><span class='ocrx_word' id='word_1_122' title='bbox 93 1181 259 1233; x_wconf 75' lang='grc' dir='ltr'>ὁμιληταὶ</span> <span class='ocrx_word' id='word_1_123' title='bbox 278 1182 436 1234; x_wconf 85' lang='grc' dir='ltr'>γενέσθαι</span> <span class='ocrx_word' id='word_1_124' title='bbox 460 1181 730 1225; x_wconf 80' lang='grc' dir='ltr'>καταξιωθέντες</span> <span class='ocrx_word' id='word_1_125' title='bbox 752 1186 812 1220; x_wconf 78' lang='grc' dir='ltr'>τοῦ</span> <span class='ocrx_word' id='word_1_126' title='bbox 830 1183 892 1227; x_wconf 72' lang='grc' dir='ltr'>τῆς</span> <span class='ocrx_word' id='word_1_127' title='bbox 917 1180 1119 1230; x_wconf 81' lang='grc' dir='ltr'>οἰκουμένης</span> 
     </span>
     <span class='ocr_line' id='line_1_17' title="bbox 94 1241 1119 1296; baseline -0.003 -15"><span class='ocrx_word' id='word_1_128' title='bbox 94 1243 272 1282; x_wconf 83' lang='grc' dir='ltr'>Δεσπότου</span> <span class='ocrx_word' id='word_1_129' title='bbox 287 1274 296 1291; x_wconf 93' lang='grc'>,</span> <span class='ocrx_word' id='word_1_130' title='bbox 331 1243 391 1281; x_wconf 80' lang='grc' dir='ltr'>καὶ</span> <span class='ocrx_word' id='word_1_131' title='bbox 430 1244 739 1296; x_wconf 74' lang='grc' dir='ltr'>παρακολουθῆσαι</span> <span class='ocrx_word' id='word_1_132' title='bbox 780 1245 831 1294; x_wconf 82' lang='grc' dir='ltr'>τῷ</span> <span class='ocrx_word' id='word_1_133' title='bbox 867 1241 1119 1293; x_wconf 81' lang='grc' dir='ltr'>θαυμαζομένῳ</span> 
     </span>
     <span class='ocr_line' id='line_1_18' title="bbox 97 1301 1120 1353; baseline -0.002 -11"><span class='ocrx_word' id='word_1_134' title='bbox 97 1304 276 1342; x_wconf 86' lang='grc' dir='ltr'>πάντοθεν.</span> <span class='ocrx_word' id='word_1_135' title='bbox 295 1301 389 1342; x_wconf 82' lang='grc' dir='ltr'>Ἴστε</span> <span class='ocrx_word' id='word_1_136' title='bbox 408 1303 444 1342; x_wconf 76' lang='grc' dir='ltr'>δὲ</span> <span class='ocrx_word' id='word_1_137' title='bbox 464 1305 603 1341; x_wconf 85' lang='grc' dir='ltr'>κάκεῖνο</span> <span class='ocrx_word' id='word_1_138' title='bbox 615 1333 624 1351; x_wconf 84' lang='grc'>,</span> <span class='ocrx_word' id='word_1_139' title='bbox 645 1303 697 1341; x_wconf 81' lang='grc' dir='ltr'>ὅτι</span> <span class='ocrx_word' id='word_1_140' title='bbox 717 1302 871 1353; x_wconf 85' lang='grc' dir='ltr'>μάλιστα</span> <span class='ocrx_word' id='word_1_141' title='bbox 889 1305 919 1340; x_wconf 83' lang='grc' dir='ltr'>οἱ</span> <span class='ocrx_word' id='word_1_142' title='bbox 937 1303 976 1340; x_wconf 82' lang='grc' dir='ltr'>ἐκ</span> <span class='ocrx_word' id='word_1_143' title='bbox 994 1318 1120 1340; x_wconf 81' lang='grc' dir='ltr'>ταπει-</span> 
     </span>
     <span class='ocr_line' id='line_1_19' title="bbox 97 1361 1121 1414; baseline -0.004 -11"><span class='ocrx_word' id='word_1_144' title='bbox 97 1368 164 1403; x_wconf 80' lang='grc' dir='ltr'>νῶν</span> <span class='ocrx_word' id='word_1_145' title='bbox 186 1365 300 1413; x_wconf 77' lang='grc' dir='ltr'>ὄντες,</span> <span class='ocrx_word' id='word_1_146' title='bbox 319 1364 402 1402; x_wconf 79' lang='grc' dir='ltr'>ὅταν</span> <span class='ocrx_word' id='word_1_147' title='bbox 422 1363 631 1414; x_wconf 79' lang='grc' dir='ltr'>ἀξιωμάτων</span> <span class='ocrx_word' id='word_1_148' title='bbox 654 1363 736 1401; x_wconf 81' lang='grc' dir='ltr'>ποτὲ</span> <span class='ocrx_word' id='word_1_149' title='bbox 754 1362 932 1401; x_wconf 69' lang='grc' dir='ltr'>λοίὸωνται</span> <span class='ocrx_word' id='word_1_150' title='bbox 945 1392 954 1409; x_wconf 90' lang='grc'>,</span> <span class='ocrx_word' id='word_1_151' title='bbox 973 1361 1121 1401; x_wconf 76' lang='grc' dir='ltr'>εὐκολώ-</span> 
     </span>
     <span class='ocr_line' id='line_1_20' title="bbox 97 1423 1123 1484; baseline -0.002 -22"><span class='ocrx_word' id='word_1_152' title='bbox 97 1441 194 1479; x_wconf 84' lang='grc' dir='ltr'>τερον</span> <span class='ocrx_word' id='word_1_153' title='bbox 216 1426 372 1478; x_wconf 84' lang='grc' dir='ltr'>αἴρονται</span> <span class='ocrx_word' id='word_1_154' title='bbox 389 1425 474 1477; x_wconf 83' lang='grc' dir='ltr'>πρὸς</span> <span class='ocrx_word' id='word_1_155' title='bbox 489 1424 665 1471; x_wconf 85' lang='grc' dir='ltr'>ἀπόνοιαν,</span> <span class='ocrx_word' id='word_1_156' title='bbox 687 1424 746 1461; x_wconf 86' lang='grc' dir='ltr'>ἅτε</span> <span class='ocrx_word' id='word_1_157' title='bbox 762 1423 1002 1484; x_wconf 42' lang='grc' dir='ltr'>ἀπειροκάλωως</span> <span class='ocrx_word' id='word_1_158' title='bbox 1021 1423 1123 1474; x_wconf 78' lang='grc' dir='ltr'>ἔχον-</span> 
     </span>
     <span class='ocr_line' id='line_1_21' title="bbox 98 1482 1124 1538; baseline -0.004 -15"><span class='ocrx_word' id='word_1_159' title='bbox 98 1501 153 1528; x_wconf 87' lang='grc' dir='ltr'>τες</span> <span class='ocrx_word' id='word_1_160' title='bbox 177 1485 263 1538; x_wconf 81' lang='grc' dir='ltr'>πρὸς</span> <span class='ocrx_word' id='word_1_161' title='bbox 283 1484 374 1531; x_wconf 62' lang='grc' dir='ltr'>ᾱτὴν</span> <span class='ocrx_word' id='word_1_162' title='bbox 393 1483 565 1530; x_wconf 79' lang='grc' dir='ltr'>τοσαύτην</span> <span class='ocrx_word' id='word_1_163' title='bbox 584 1483 703 1534; x_wconf 77' lang='grc' dir='ltr'>τιμήν.</span> <span class='ocrx_word' id='word_1_164' title='bbox 731 1483 902 1535; x_wconf 78' lang='grc' dir='ltr'>Κατέχων</span> <span class='ocrx_word' id='word_1_165' title='bbox 927 1486 983 1520; x_wconf 79' lang='grc' dir='ltr'>οὐν</span> <span class='ocrx_word' id='word_1_166' title='bbox 1006 1482 1124 1525; x_wconf 71' lang='grc' dir='ltr'>αὐτοὺς</span> 
     </span>
     <span class='ocr_line' id='line_1_22' title="bbox 98 1542 1126 1596; baseline -0.004 -12"><span class='ocrx_word' id='word_1_167' title='bbox 98 1547 156 1585; x_wconf 79' lang='grc' dir='ltr'>ἐπὶ</span> <span class='ocrx_word' id='word_1_168' title='bbox 171 1550 233 1593; x_wconf 75' lang='grc' dir='ltr'>τῆς</span> <span class='ocrx_word' id='word_1_169' title='bbox 249 1548 355 1592; x_wconf 84' lang='grc' dir='ltr'>αὖτ’ἧς</span> <span class='ocrx_word' id='word_1_170' title='bbox 367 1544 701 1596; x_wconf 83' lang='grc' dir='ltr'>ταπεινοφροσύνης,</span> <span class='ocrx_word' id='word_1_171' title='bbox 718 1543 895 1582; x_wconf 80' lang='grc' dir='ltr'>ἐπαίδευεν</span> <span class='ocrx_word' id='word_1_172' title='bbox 918 1542 1040 1586; x_wconf 74' lang='grc' dir='ltr'>αὐτοὺς</span> <span class='ocrx_word' id='word_1_173' title='bbox 1069 1542 1126 1580; x_wconf 79' lang='grc' dir='ltr'>διὰ</span> 
     </span>
     <span class='ocr_line' id='line_1_23' title="bbox 97 1604 1125 1656; baseline -0.003 -11"><span class='ocrx_word' id='word_1_174' title='bbox 97 1607 236 1646; x_wconf 86' lang='grc' dir='ltr'>πάντων</span> <span class='ocrx_word' id='word_1_175' title='bbox 257 1605 509 1653; x_wconf 81' lang='grc' dir='ltr'>συνεστάλθαι,</span> <span class='ocrx_word' id='word_1_176' title='bbox 541 1604 600 1643; x_wconf 79' lang='grc' dir='ltr'>καὶ</span> <span class='ocrx_word' id='word_1_177' title='bbox 627 1606 790 1656; x_wconf 74' lang='grc' dir='ltr'>μηδαμοῦ</span> <span class='ocrx_word' id='word_1_178' title='bbox 810 1605 941 1643; x_wconf 89' lang='grc' dir='ltr'>δεῖσθαι</span> <span class='ocrx_word' id='word_1_179' title='bbox 957 1607 1025 1642; x_wconf 86' lang='grc' dir='ltr'>τῶν</span> <span class='ocrx_word' id='word_1_180' title='bbox 1045 1605 1125 1642; x_wconf 86' lang='grc' dir='ltr'>δια-</span> 
     </span>
     <span class='ocr_line' id='line_1_24' title="bbox 98 1665 1125 1719; baseline -0.004 -13"><span class='ocrx_word' id='word_1_181' title='bbox 98 1667 351 1719; x_wconf 83' lang='grc' dir='ltr'>κονησομένων.</span> <span class='ocrx_word' id='word_1_182' title='bbox 380 1667 489 1710; x_wconf 81' lang='grc' dir='ltr'>Αὐτὸς</span> <span class='ocrx_word' id='word_1_183' title='bbox 518 1665 554 1705; x_wconf 81' lang='grc' dir='ltr'>δὲ</span> <span class='ocrx_word' id='word_1_184' title='bbox 577 1665 806 1709; x_wconf 87' lang='grc' dir='ltr'>Κεκοπιακὼς</span> <span class='ocrx_word' id='word_1_185' title='bbox 836 1667 875 1703; x_wconf 83' lang='grc' dir='ltr'>ἐκ</span> <span class='ocrx_word' id='word_1_186' title='bbox 895 1668 957 1712; x_wconf 76' lang='grc' dir='ltr'>τῆς</span> <span class='ocrx_word' id='word_1_187' title='bbox 982 1666 1125 1703; x_wconf 85' lang='grc' dir='ltr'>ὁδοιπο-</span> 
     </span>
     <span class='ocr_line' id='line_1_25' title="bbox 101 1726 1126 1782; baseline -0.003 -15"><span class='ocrx_word' id='word_1_188' title='bbox 101 1730 193 1781; x_wconf 89' lang='grc' dir='ltr'>ρίας,</span> <span class='ocrx_word' id='word_1_189' title='bbox 214 1729 332 1782; x_wconf 78' lang='grc' dir='ltr'>φησὶν,</span> <span class='ocrx_word' id='word_1_190' title='bbox 354 1728 503 1774; x_wconf 83' lang='grc' dir='ltr'>ἐκάθητο</span> <span class='ocrx_word' id='word_1_191' title='bbox 527 1727 633 1771; x_wconf 78' lang='grc' dir='ltr'>οὕτως</span> <span class='ocrx_word' id='word_1_192' title='bbox 659 1727 717 1766; x_wconf 77' lang='grc' dir='ltr'>ἐπὶ</span> <span class='ocrx_word' id='word_1_193' title='bbox 747 1730 790 1779; x_wconf 76' lang='grc' dir='ltr'>τῇ</span> <span class='ocrx_word' id='word_1_194' title='bbox 809 1730 918 1778; x_wconf 75' lang='grc' dir='ltr'>πηγῇ.</span> <span class='ocrx_word' id='word_1_195' title='bbox 940 1726 1048 1779; x_wconf 73' lang='grc' dir='ltr'>Ὁρᾷς</span> <span class='ocrx_word' id='word_1_196' title='bbox 1073 1726 1126 1765; x_wconf 78' lang='grc' dir='ltr'>ὅτι</span> 
     </span>
     <span class='ocr_line' id='line_1_26' title="bbox 99 1787 1127 1843; baseline -0.004 -14"><span class='ocrx_word' id='word_1_197' title='bbox 99 1791 155 1829; x_wconf 83' lang='grc' dir='ltr'>διὰ</span> <span class='ocrx_word' id='word_1_198' title='bbox 181 1791 238 1829; x_wconf 81' lang='grc' dir='ltr'>τὸν</span> <span class='ocrx_word' id='word_1_199' title='bbox 269 1789 375 1828; x_wconf 88' lang='grc' dir='ltr'>κόπον</span> <span class='ocrx_word' id='word_1_200' title='bbox 394 1793 415 1837; x_wconf 79' lang='grc' dir='ltr'>ἡ</span> <span class='ocrx_word' id='word_1_201' title='bbox 437 1789 590 1843; x_wconf 82' lang='grc' dir='ltr'>καθέδρα</span> <span class='ocrx_word' id='word_1_202' title='bbox 607 1788 743 1841; x_wconf 85' lang='grc' dir='ltr'>γέγονε,</span> <span class='ocrx_word' id='word_1_203' title='bbox 762 1787 819 1826; x_wconf 85' lang='grc' dir='ltr'>διὰ</span> <span class='ocrx_word' id='word_1_204' title='bbox 838 1788 878 1827; x_wconf 83' lang='grc' dir='ltr'>τὸ</span> <span class='ocrx_word' id='word_1_205' title='bbox 896 1791 1017 1837; x_wconf 72' lang='grc' dir='ltr'>καῦμα</span> <span class='ocrx_word' id='word_1_206' title='bbox 1030 1818 1039 1836; x_wconf 93' lang='grc'>,</span> <span class='ocrx_word' id='word_1_207' title='bbox 1070 1787 1127 1826; x_wconf 86' lang='grc' dir='ltr'>διὰ</span> 
     </span>
     <span class='ocr_line' id='line_1_27' title="bbox 98 1849 1125 1905; baseline -0.007 -15"><span class='ocrx_word' id='word_1_208' title='bbox 98 1853 137 1891; x_wconf 83' lang='grc' dir='ltr'>τὸ</span> <span class='ocrx_word' id='word_1_209' title='bbox 163 1858 363 1904; x_wconf 86' lang='grc' dir='ltr'>περιμεῖναι</span> <span class='ocrx_word' id='word_1_210' title='bbox 384 1850 461 1894; x_wconf 74' lang='grc' dir='ltr'>τοὺς</span> <span class='ocrx_word' id='word_1_211' title='bbox 487 1850 667 1901; x_wconf 87' lang='grc' dir='ltr'>μαθητάς;</span> <span class='ocrx_word' id='word_1_212' title='bbox 685 1850 787 1905; x_wconf 81' lang='grc' dir='ltr'>’ᾘδει</span> <span class='ocrx_word' id='word_1_213' title='bbox 813 1849 874 1900; x_wconf 81' lang='grc' dir='ltr'>μὲν</span> <span class='ocrx_word' id='word_1_214' title='bbox 894 1849 962 1902; x_wconf 86' lang='grc' dir='ltr'>γὰρ</span> <span class='ocrx_word' id='word_1_215' title='bbox 987 1850 1125 1900; x_wconf 69' lang='grc' dir='ltr'>συμὸη-</span> 
     </span>
     <span class='ocr_line' id='line_1_28' title="bbox 99 1911 1125 1964; baseline -0.002 -13"><span class='ocrx_word' id='word_1_216' title='bbox 99 1913 244 1964; x_wconf 87' lang='grc' dir='ltr'>σόμενον</span> <span class='ocrx_word' id='word_1_217' title='bbox 265 1913 304 1950; x_wconf 82' lang='grc' dir='ltr'>τὸ</span> <span class='ocrx_word' id='word_1_218' title='bbox 323 1912 415 1951; x_wconf 83' lang='grc' dir='ltr'>κατὰ</span> <span class='ocrx_word' id='word_1_219' title='bbox 438 1911 514 1955; x_wconf 81' lang='grc' dir='ltr'>τοὺς</span> <span class='ocrx_word' id='word_1_220' title='bbox 531 1911 767 1963; x_wconf 85' lang='grc' dir='ltr'>Σαμαρείτας.</span> <span class='ocrx_word' id='word_1_221' title='bbox 793 1914 869 1950; x_wconf 85' lang='grc' dir='ltr'>Οὐκ</span> <span class='ocrx_word' id='word_1_222' title='bbox 899 1911 957 1948; x_wconf 77' lang='grc' dir='ltr'>ἐπὶ</span> <span class='ocrx_word' id='word_1_223' title='bbox 975 1915 1074 1949; x_wconf 75' lang='grc' dir='ltr'>τοῦτο</span> <span class='ocrx_word' id='word_1_224' title='bbox 1090 1912 1125 1949; x_wconf 85' lang='grc' dir='ltr'>δὲ</span> 
     </span>
     <span class='ocr_line' id='line_1_29' title="bbox 100 1970 1126 2027; baseline -0.003 -13"><span class='ocrx_word' id='word_1_225' title='bbox 100 1970 184 2022; x_wconf 69' lang='grc' dir='ltr'>ἦλθε</span> <span class='ocrx_word' id='word_1_226' title='bbox 203 1974 494 2027; x_wconf 81' lang='grc' dir='ltr'>προηγουμένως·</span> <span class='ocrx_word' id='word_1_227' title='bbox 525 1974 563 2011; x_wconf 77' lang='grc' dir='ltr'>οὗ</span> <span class='ocrx_word' id='word_1_228' title='bbox 597 1972 665 2024; x_wconf 83' lang='grc' dir='ltr'>μὴν</span> <span class='ocrx_word' id='word_1_229' title='bbox 699 1972 818 2019; x_wconf 82' lang='grc' dir='ltr'>ἐπειδὴ</span> <span class='ocrx_word' id='word_1_230' title='bbox 851 1972 908 2011; x_wconf 83' lang='grc' dir='ltr'>διὰ</span> <span class='ocrx_word' id='word_1_231' title='bbox 935 1975 1038 2010; x_wconf 73' lang='grc' dir='ltr'>τοῦτο</span> <span class='ocrx_word' id='word_1_232' title='bbox 1064 1974 1126 2011; x_wconf 80' lang='grc' dir='ltr'>οὐκ</span> 
     </span>
    </p>
   </div>
   <div class='ocr_carea' id='block_1_3' title="bbox 1140 2014 1188 2039">
    <p class='ocr_par' dir='ltr' id='par_1_3' title="bbox 1140 2014 1188 2039">
     <span class='ocr_line' id='line_1_30' title="bbox 1140 2014 1188 2039; baseline 0.021 -1"><span class='ocrx_word' id='word_1_233' title='bbox 1140 2014 1188 2039; x_wconf 85' lang='grc'>180</span> 
     </span>
    </p>
   </div>
   <div class='ocr_carea' id='block_1_4' title="bbox 1467 243 2165 287">
    <p class='ocr_par' dir='ltr' id='par_1_4' title="bbox 1467 243 2165 287">
     <span class='ocr_line' id='line_1_31' title="bbox 1467 243 2165 287; baseline -0.003 -15"><span class='ocrx_word' id='word_1_234' title='bbox 1467 243 1576 272; x_wconf 73' lang='lat' dir='ltr'>XXX.</span> <span class='ocrx_word' id='word_1_235' title='bbox 2082 243 2165 287; x_wconf 72' lang='lat'>207</span> 
     </span>
    </p>
   </div>
   <div class='ocr_carea' id='block_1_5' title="bbox 1141 322 2189 2030">
    <p class='ocr_par' dir='ltr' id='par_1_5' title="bbox 1141 322 2189 2030">
     <span class='ocr_line' id='line_1_32' title="bbox 1186 322 2170 376; baseline 0 -16"><span class='ocrx_word' id='word_1_236' title='bbox 1186 324 1354 376; x_wconf 81' lang='lat' dir='ltr'><strong>discipuli</strong></span> <span class='ocrx_word' id='word_1_237' title='bbox 1385 324 1461 375; x_wconf 87' lang='lat' dir='ltr'><strong>ejus</strong></span> <span class='ocrx_word' id='word_1_238' title='bbox 1491 322 1726 360; x_wconf 84' lang='lat' dir='ltr'><strong>discessisent.</strong></span> <span class='ocrx_word' id='word_1_239' title='bbox 1749 322 1853 372; x_wconf 74' lang='lat' dir='ltr'><strong>Atqui</strong></span> <span class='ocrx_word' id='word_1_240' title='bbox 1883 331 2028 372; x_wconf 79' lang='lat' dir='ltr'><strong>poterat,</strong></span> <span class='ocrx_word' id='word_1_241' title='bbox 2051 323 2078 359; x_wconf 78' lang='lat' dir='ltr'>si</span> <span class='ocrx_word' id='word_1_242' title='bbox 2110 338 2170 360; x_wconf 79' lang='lat' dir='ltr'>vo-</span> 
     </span>
     <span class='ocr_line' id='line_1_33' title="bbox 1186 382 2170 433; baseline -0.002 -12"><span class='ocrx_word' id='word_1_243' title='bbox 1186 384 1321 433; x_wconf 79' lang='lat' dir='ltr'><strong>luisset,</strong></span> <span class='ocrx_word' id='word_1_244' title='bbox 1341 394 1402 422; x_wconf 85' lang='lat' dir='ltr'>aut</span> <span class='ocrx_word' id='word_1_245' title='bbox 1422 398 1490 422; x_wconf 90' lang='lat' dir='ltr'>non</span> <span class='ocrx_word' id='word_1_246' title='bbox 1520 397 1642 421; x_wconf 90' lang='lat' dir='ltr'><strong>omnes</strong></span> <span class='ocrx_word' id='word_1_247' title='bbox 1662 383 1813 429; x_wconf 76' lang='lat' dir='ltr'>misisse,</span> <span class='ocrx_word' id='word_1_248' title='bbox 1833 391 1895 419; x_wconf 88' lang='lat' dir='ltr'>aut</span> <span class='ocrx_word' id='word_1_249' title='bbox 1914 382 2079 433; x_wconf 84' lang='lat' dir='ltr'><strong>profectis</strong></span> <span class='ocrx_word' id='word_1_250' title='bbox 2099 383 2170 419; x_wconf 86' lang='lat' dir='ltr'><strong>illis</strong></span> 
     </span>
     <span class='ocr_line' id='line_1_34' title="bbox 1185 442 2170 493; baseline -0.002 -11"><span class='ocrx_word' id='word_1_251' title='bbox 1185 445 1273 483; x_wconf 87' lang='lat' dir='ltr'><strong>alios</strong></span> <span class='ocrx_word' id='word_1_252' title='bbox 1298 445 1428 483; x_wconf 88' lang='lat' dir='ltr'><strong>habere</strong></span> <span class='ocrx_word' id='word_1_253' title='bbox 1448 444 1644 493; x_wconf 83' lang='lat' dir='ltr'><strong>ministros;</strong></span> <span class='ocrx_word' id='word_1_254' title='bbox 1666 443 1726 482; x_wconf 87' lang='lat' dir='ltr'>sed</span> <span class='ocrx_word' id='word_1_255' title='bbox 1747 443 1871 481; x_wconf 83' lang='lat' dir='ltr'><strong>noluit.</strong></span> <span class='ocrx_word' id='word_1_256' title='bbox 1901 442 2043 480; x_wconf 85' lang='lat' dir='ltr'><strong>Etenim</strong></span> <span class='ocrx_word' id='word_1_257' title='bbox 2058 442 2170 480; x_wconf 81' lang='lat' dir='ltr'><strong>disci-</strong></span> 
     </span>
     <span class='ocr_line' id='line_1_35' title="bbox 1187 504 2169 558; baseline -0.002 -15"><span class='ocrx_word' id='word_1_258' title='bbox 1187 505 1289 558; x_wconf 87' lang='lat' dir='ltr'><strong>pulos</strong></span> <span class='ocrx_word' id='word_1_259' title='bbox 1307 506 1358 544; x_wconf 90' lang='lat' dir='ltr'>sic</span> <span class='ocrx_word' id='word_1_260' title='bbox 1372 506 1624 545; x_wconf 77' lang='lat' dir='ltr'>assuefaciebat</span> <span class='ocrx_word' id='word_1_261' title='bbox 1649 505 1694 543; x_wconf 87' lang='lat' dir='ltr'>ad</span> <span class='ocrx_word' id='word_1_262' title='bbox 1719 506 1852 543; x_wconf 89' lang='lat' dir='ltr'><strong>fastum</strong></span> <span class='ocrx_word' id='word_1_263' title='bbox 1870 518 2011 542; x_wconf 89' lang='lat' dir='ltr'><strong>omnem</strong></span> <span class='ocrx_word' id='word_1_264' title='bbox 2035 504 2169 541; x_wconf 86' lang='lat' dir='ltr'><strong>calcan-</strong></span> 
     </span>
     <span class='ocr_line' id='line_1_36' title="bbox 1185 565 2171 618; baseline -0.002 -14"><span class='ocrx_word' id='word_1_265' title='bbox 1185 567 1285 604; x_wconf 90' lang='lat' dir='ltr'><strong>dum.</strong></span> <span class='ocrx_word' id='word_1_266' title='bbox 1303 567 1350 605; x_wconf 86' lang='lat' dir='ltr'>Et</span> <span class='ocrx_word' id='word_1_267' title='bbox 1378 567 1464 618; x_wconf 86' lang='lat' dir='ltr'><strong>quid</strong></span> <span class='ocrx_word' id='word_1_268' title='bbox 1495 567 1641 617; x_wconf 80' lang='lat' dir='ltr'><strong>mirum,</strong></span> <span class='ocrx_word' id='word_1_269' title='bbox 1656 566 1789 605; x_wconf 76' lang='lat' dir='ltr'><strong>dixerit</strong></span> <span class='ocrx_word' id='word_1_270' title='bbox 1815 567 1905 604; x_wconf 87' lang='lat' dir='ltr'><strong>sorte</strong></span> <span class='ocrx_word' id='word_1_271' title='bbox 1930 566 2119 618; x_wconf 76' lang='lat' dir='ltr'>quispiam,</span> <span class='ocrx_word' id='word_1_272' title='bbox 2143 565 2171 603; x_wconf 90' lang='lat' dir='ltr'>si</span> 
     </span>
     <span class='ocr_line' id='line_1_37' title="bbox 1189 628 2174 681; baseline 0 -15"><span class='ocrx_word' id='word_1_273' title='bbox 1189 628 1360 667; x_wconf 88' lang='lat' dir='ltr'><strong>moderati</strong></span> <span class='ocrx_word' id='word_1_274' title='bbox 1381 639 1494 679; x_wconf 82' lang='lat' dir='ltr'><strong>erant,</strong></span> <span class='ocrx_word' id='word_1_275' title='bbox 1517 644 1598 667; x_wconf 86' lang='lat' dir='ltr'>cum</span> <span class='ocrx_word' id='word_1_276' title='bbox 1617 629 1809 681; x_wconf 78' lang='lat' dir='ltr'>piscatores</span> <span class='ocrx_word' id='word_1_277' title='bbox 1837 637 1964 676; x_wconf 79' lang='lat' dir='ltr'><strong>essent,</strong></span> <span class='ocrx_word' id='word_1_278' title='bbox 1980 637 2042 665; x_wconf 89' lang='lat' dir='ltr'>aut</span> <span class='ocrx_word' id='word_1_279' title='bbox 2062 637 2174 666; x_wconf 85' lang='lat' dir='ltr'><strong>tento—</strong></span> 
     </span>
     <span class='ocr_line' id='line_1_38' title="bbox 1189 689 2175 743; baseline 0 -16"><span class='ocrx_word' id='word_1_280' title='bbox 1189 690 1325 728; x_wconf 81' lang='lat' dir='ltr'><strong>riorum</strong></span> <span class='ocrx_word' id='word_1_281' title='bbox 1356 690 1526 743; x_wconf 71' lang='lat' dir='ltr'><strong>opifices?</strong></span> <span class='ocrx_word' id='word_1_282' title='bbox 1557 690 1670 728; x_wconf 82' lang='lat' dir='ltr'><strong>Erant</strong></span> <span class='ocrx_word' id='word_1_283' title='bbox 1705 704 1787 729; x_wconf 88' lang='lat' dir='ltr'><strong>sane</strong></span> <span class='ocrx_word' id='word_1_284' title='bbox 1802 706 1809 727; x_wconf 81' lang='lat' dir='ltr'><strong>t</strong></span> <span class='ocrx_word' id='word_1_285' title='bbox 1825 703 1950 729; x_wconf 84' lang='lat' dir='ltr'><strong>verum</strong></span> <span class='ocrx_word' id='word_1_286' title='bbox 1979 689 2098 727; x_wconf 86' lang='lat' dir='ltr'><strong>statim</strong></span> <span class='ocrx_word' id='word_1_287' title='bbox 2129 689 2175 727; x_wconf 85' lang='lat' dir='ltr'>ad</span> 
     </span>
     <span class='ocr_line' id='line_1_39' title="bbox 1191 751 2171 804; baseline 0 -16"><span class='ocrx_word' id='word_1_288' title='bbox 1191 752 1318 790; x_wconf 71' lang='lat' dir='ltr'><strong>caelum</strong></span> <span class='ocrx_word' id='word_1_289' title='bbox 1347 753 1547 802; x_wconf 84' lang='lat' dir='ltr'><strong>evolarunt,</strong></span> <span class='ocrx_word' id='word_1_290' title='bbox 1565 761 1598 791; x_wconf 88' lang='lat' dir='ltr'>ct</span> <span class='ocrx_word' id='word_1_291' title='bbox 1625 752 1772 804; x_wconf 85' lang='lat' dir='ltr'><strong>regibus</strong></span> <span class='ocrx_word' id='word_1_292' title='bbox 1789 751 1954 789; x_wconf 81' lang='lat' dir='ltr'><strong>clariores</strong></span> <span class='ocrx_word' id='word_1_293' title='bbox 1970 760 2171 801; x_wconf 87' lang='lat' dir='ltr'><strong>evaserunt,</strong></span> 
     </span>
     <span class='ocr_line' id='line_1_40' title="bbox 1141 813 2174 867; baseline -0.001 -16"><span class='ocrx_word' id='word_1_294' title='bbox 1141 816 1166 845; x_wconf 90' lang='lat' dir='ltr'>D</span> <span class='ocrx_word' id='word_1_295' title='bbox 1192 814 1384 853; x_wconf 84' lang='lat' dir='ltr'><strong>familiares</strong></span> <span class='ocrx_word' id='word_1_296' title='bbox 1413 829 1538 867; x_wconf 87' lang='lat' dir='ltr'><strong>nempe</strong></span> <span class='ocrx_word' id='word_1_297' title='bbox 1565 815 1648 853; x_wconf 83' lang='lat' dir='ltr'><strong>sacti</strong></span> <span class='ocrx_word' id='word_1_298' title='bbox 1687 814 1842 854; x_wconf 87' lang='lat' dir='ltr'><strong>universi</strong></span> <span class='ocrx_word' id='word_1_299' title='bbox 1884 814 1981 851; x_wconf 85' lang='lat' dir='ltr'><strong>orbis</strong></span> <span class='ocrx_word' id='word_1_300' title='bbox 2013 813 2174 863; x_wconf 85' lang='lat' dir='ltr'><strong>Domini,</strong></span> 
     </span>
     <span class='ocr_line' id='line_1_41' title="bbox 1192 874 2177 928; baseline -0.001 -16"><span class='ocrx_word' id='word_1_301' title='bbox 1192 884 1226 912; x_wconf 88' lang='lat' dir='ltr'>et</span> <span class='ocrx_word' id='word_1_302' title='bbox 1238 874 1439 913; x_wconf 87' lang='lat' dir='ltr'><strong>admirandi</strong></span> <span class='ocrx_word' id='word_1_303' title='bbox 1450 876 1612 928; x_wconf 82' lang='lat' dir='ltr'><strong>magistri</strong></span> <span class='ocrx_word' id='word_1_304' title='bbox 1629 876 1779 914; x_wconf 84' lang='lat' dir='ltr'><strong>asseclae.</strong></span> <span class='ocrx_word' id='word_1_305' title='bbox 1795 875 1900 913; x_wconf 81' lang='lat' dir='ltr'><strong>Scitis</strong></span> <span class='ocrx_word' id='word_1_306' title='bbox 1911 884 2029 912; x_wconf 88' lang='lat' dir='ltr'><strong>autem</strong></span> <span class='ocrx_word' id='word_1_307' title='bbox 2045 888 2102 912; x_wconf 92' lang='lat' dir='ltr'>eos</span> <span class='ocrx_word' id='word_1_308' title='bbox 2116 875 2177 925; x_wconf 88' lang='lat' dir='ltr'>qui</span> 
     </span>
     <span class='ocr_line' id='line_1_42' title="bbox 1192 935 2180 988; baseline -0.001 -14"><span class='ocrx_word' id='word_1_309' title='bbox 1192 951 1238 974; x_wconf 80' lang='lat' dir='ltr'>ex</span> <span class='ocrx_word' id='word_1_310' title='bbox 1250 936 1444 976; x_wconf 88' lang='lat' dir='ltr'><strong>humiliore</strong></span> <span class='ocrx_word' id='word_1_311' title='bbox 1459 938 1572 988; x_wconf 84' lang='lat' dir='ltr'><strong>gradu</strong></span> <span class='ocrx_word' id='word_1_312' title='bbox 1586 938 1632 975; x_wconf 89' lang='lat' dir='ltr'>ad</span> <span class='ocrx_word' id='word_1_313' title='bbox 1645 937 1836 988; x_wconf 80' lang='lat' dir='ltr'><strong>dignitates</strong></span> <span class='ocrx_word' id='word_1_314' title='bbox 1853 936 2075 988; x_wconf 78' lang='lat' dir='ltr'><strong>perveniunt,</strong></span> <span class='ocrx_word' id='word_1_315' title='bbox 2090 935 2180 973; x_wconf 85' lang='lat' dir='ltr'><strong>faci-</strong></span> 
     </span>
     <span class='ocr_line' id='line_1_43' title="bbox 1193 997 2178 1051; baseline -0.001 -16"><span class='ocrx_word' id='word_1_316' title='bbox 1193 998 1263 1036; x_wconf 91' lang='lat' dir='ltr'><strong>lius</strong></span> <span class='ocrx_word' id='word_1_317' title='bbox 1276 998 1311 1036; x_wconf 88' lang='lat' dir='ltr'>in</span> <span class='ocrx_word' id='word_1_318' title='bbox 1322 1000 1560 1051; x_wconf 79' lang='lat' dir='ltr'><strong>arrogantiam</strong></span> <span class='ocrx_word' id='word_1_319' title='bbox 1570 999 1699 1048; x_wconf 83' lang='lat' dir='ltr'><strong>efferri,</strong></span> <span class='ocrx_word' id='word_1_320' title='bbox 1711 1008 1832 1050; x_wconf 83' lang='lat' dir='ltr'><strong>utpote</strong></span> <span class='ocrx_word' id='word_1_321' title='bbox 1845 998 1906 1048; x_wconf 87' lang='lat' dir='ltr'>qui</span> <span class='ocrx_word' id='word_1_322' title='bbox 1921 1007 2022 1035; x_wconf 87' lang='lat' dir='ltr'><strong>antea</strong></span> <span class='ocrx_word' id='word_1_323' title='bbox 2032 997 2178 1034; x_wconf 88' lang='lat' dir='ltr'><strong>honoris</strong></span> 
     </span>
     <span class='ocr_line' id='line_1_44' title="bbox 1193 1058 2179 1112; baseline -0.001 -15"><span class='ocrx_word' id='word_1_324' title='bbox 1193 1070 1354 1112; x_wconf 86' lang='lat' dir='ltr'><strong>expertes</strong></span> <span class='ocrx_word' id='word_1_325' title='bbox 1368 1070 1491 1099; x_wconf 86' lang='lat' dir='ltr'><strong>essent.</strong></span> <span class='ocrx_word' id='word_1_326' title='bbox 1505 1062 1545 1099; x_wconf 87' lang='lat' dir='ltr'>In</span> <span class='ocrx_word' id='word_1_327' title='bbox 1559 1062 1626 1099; x_wconf 87' lang='lat' dir='ltr'>hae</span> <span class='ocrx_word' id='word_1_328' title='bbox 1639 1060 1748 1112; x_wconf 82' lang='lat' dir='ltr'><strong>igitur</strong></span> <span class='ocrx_word' id='word_1_329' title='bbox 1760 1060 1840 1098; x_wconf 87' lang='lat' dir='ltr'><strong>illos</strong></span> <span class='ocrx_word' id='word_1_330' title='bbox 1857 1059 2057 1097; x_wconf 86' lang='lat' dir='ltr'><strong>humilitate</strong></span> <span class='ocrx_word' id='word_1_331' title='bbox 2070 1058 2179 1096; x_wconf 82' lang='lat' dir='ltr'><strong>eonti-</strong></span> 
     </span>
     <span class='ocr_line' id='line_1_45' title="bbox 1194 1121 2180 1175; baseline -0.001 -16"><span class='ocrx_word' id='word_1_332' title='bbox 1194 1135 1291 1171; x_wconf 89' lang='lat' dir='ltr'><strong>nens,</strong></span> <span class='ocrx_word' id='word_1_333' title='bbox 1309 1122 1430 1160; x_wconf 86' lang='lat' dir='ltr'><strong>docuit</strong></span> <span class='ocrx_word' id='word_1_334' title='bbox 1449 1137 1507 1161; x_wconf 89' lang='lat' dir='ltr'>eos</span> <span class='ocrx_word' id='word_1_335' title='bbox 1530 1133 1571 1161; x_wconf 91' lang='lat' dir='ltr'>ut</span> <span class='ocrx_word' id='word_1_336' title='bbox 1590 1137 1652 1175; x_wconf 84' lang='lat' dir='ltr'>per</span> <span class='ocrx_word' id='word_1_337' title='bbox 1665 1123 1784 1161; x_wconf 90' lang='lat' dir='ltr'><strong>omnia</strong></span> <span class='ocrx_word' id='word_1_338' title='bbox 1801 1121 1950 1160; x_wconf 84' lang='lat' dir='ltr'><strong>modesti</strong></span> <span class='ocrx_word' id='word_1_339' title='bbox 1977 1130 2009 1159; x_wconf 88' lang='lat' dir='ltr'>ct</span> <span class='ocrx_word' id='word_1_340' title='bbox 2025 1121 2180 1158; x_wconf 88' lang='lat' dir='ltr'><strong>humiles</strong></span> 
     </span>
     <span class='ocr_line' id='line_1_46' title="bbox 1193 1184 2179 1235; baseline -0.002 -14"><span class='ocrx_word' id='word_1_341' title='bbox 1193 1193 1317 1233; x_wconf 87' lang='lat' dir='ltr'><strong>essent,</strong></span> <span class='ocrx_word' id='word_1_342' title='bbox 1334 1199 1374 1222; x_wconf 89' lang='lat' dir='ltr'>ac</span> <span class='ocrx_word' id='word_1_343' title='bbox 1387 1199 1582 1235; x_wconf 87' lang='lat' dir='ltr'><strong>numquam</strong></span> <span class='ocrx_word' id='word_1_344' title='bbox 1599 1185 1770 1222; x_wconf 86' lang='lat' dir='ltr'><strong>ministris</strong></span> <span class='ocrx_word' id='word_1_345' title='bbox 1784 1192 1934 1235; x_wconf 82' lang='lat' dir='ltr'><strong>egerent.</strong></span> <span class='ocrx_word' id='word_1_346' title='bbox 1948 1184 2026 1234; x_wconf 84' lang='lat' dir='ltr'><strong>lpse</strong></span> <span class='ocrx_word' id='word_1_347' title='bbox 2044 1192 2179 1232; x_wconf 84' lang='lat' dir='ltr'><strong>autem,</strong></span> 
     </span>
     <span class='ocr_line' id='line_1_47' title="bbox 1194 1244 2180 1297; baseline -0.001 -15"><span class='ocrx_word' id='word_1_348' title='bbox 1194 1244 1324 1295; x_wconf 88' lang='lat' dir='ltr'><strong>inquit,</strong></span> <span class='ocrx_word' id='word_1_349' title='bbox 1338 1247 1545 1297; x_wconf 79' lang='lat' dir='ltr'><strong>Fatigatzts</strong></span> <span class='ocrx_word' id='word_1_350' title='bbox 1561 1260 1607 1282; x_wconf 57' lang='lat' dir='ltr'><strong>ez·</strong></span> <span class='ocrx_word' id='word_1_351' title='bbox 1621 1248 1770 1291; x_wconf 81' lang='lat' dir='ltr'><strong>itinere,</strong></span> <span class='ocrx_word' id='word_1_352' title='bbox 1784 1246 1940 1284; x_wconf 82' lang='lat' dir='ltr'><strong>sedebat</strong></span> <span class='ocrx_word' id='word_1_353' title='bbox 1953 1247 2007 1282; x_wconf 80' lang='lat' dir='ltr'>sic</span> <span class='ocrx_word' id='word_1_354' title='bbox 2023 1246 2180 1297; x_wconf 81' lang='lat' dir='ltr'><strong>adson-</strong></span> 
     </span>
     <span class='ocr_line' id='line_1_48' title="bbox 1198 1305 2181 1353; baseline 0 -10"><span class='ocrx_word' id='word_1_355' title='bbox 1198 1314 1287 1343; x_wconf 83' lang='lat' dir='ltr'><strong>tem.</strong></span> <span class='ocrx_word' id='word_1_356' title='bbox 1310 1305 1440 1345; x_wconf 83' lang='lat' dir='ltr'><strong>Viden&#39;</strong></span> <span class='ocrx_word' id='word_1_357' title='bbox 1463 1306 1595 1344; x_wconf 85' lang='lat' dir='ltr'><strong>sedisse</strong></span> <span class='ocrx_word' id='word_1_358' title='bbox 1611 1306 1713 1344; x_wconf 89' lang='lat' dir='ltr'><strong>illum</strong></span> <span class='ocrx_word' id='word_1_359' title='bbox 1733 1305 1865 1343; x_wconf 84' lang='lat' dir='ltr'><strong>laboris</strong></span> <span class='ocrx_word' id='word_1_360' title='bbox 1884 1314 1917 1342; x_wconf 90' lang='lat' dir='ltr'>et</span> <span class='ocrx_word' id='word_1_361' title='bbox 1935 1314 2040 1343; x_wconf 75' lang='lat' dir='ltr'><strong>:estus</strong></span> <span class='ocrx_word' id='word_1_362' title='bbox 2060 1320 2181 1353; x_wconf 85' lang='lat' dir='ltr'><strong>causa,</strong></span> 
     </span>
     <span class='ocr_line' id='line_1_49' title="bbox 1197 1365 2183 1419; baseline 0.001 -16"><span class='ocrx_word' id='word_1_363' title='bbox 1197 1365 1242 1403; x_wconf 86' lang='lat' dir='ltr'>ad</span> <span class='ocrx_word' id='word_1_364' title='bbox 1269 1365 1463 1418; x_wconf 88' lang='lat' dir='ltr'><strong>discipulos</strong></span> <span class='ocrx_word' id='word_1_365' title='bbox 1491 1367 1772 1419; x_wconf 71' lang='lat' dir='ltr'><strong>exspectandos?</strong></span> <span class='ocrx_word' id='word_1_366' title='bbox 1799 1368 1909 1404; x_wconf 85' lang='lat' dir='ltr'><strong>Norat</strong></span> <span class='ocrx_word' id='word_1_367' title='bbox 1940 1366 2072 1417; x_wconf 87' lang='lat' dir='ltr'><strong>quippe</strong></span> <span class='ocrx_word' id='word_1_368' title='bbox 2096 1366 2183 1416; x_wconf 88' lang='lat' dir='ltr'><strong>quid</strong></span> 
     </span>
     <span class='ocr_line' id='line_1_50' title="bbox 1199 1427 2182 1479; baseline 0.002 -16"><span class='ocrx_word' id='word_1_369' title='bbox 1199 1435 1287 1464; x_wconf 88' lang='lat' dir='ltr'><strong>esset</strong></span> <span class='ocrx_word' id='word_1_370' title='bbox 1302 1427 1534 1465; x_wconf 84' lang='lat' dir='ltr'><strong>Samaritanis</strong></span> <span class='ocrx_word' id='word_1_371' title='bbox 1548 1437 1769 1466; x_wconf 87' lang='lat' dir='ltr'><strong>eventurum.</strong></span> <span class='ocrx_word' id='word_1_372' title='bbox 1790 1428 1868 1465; x_wconf 89' lang='lat' dir='ltr'>Non</span> <span class='ocrx_word' id='word_1_373' title='bbox 1883 1436 1999 1464; x_wconf 85' lang='lat' dir='ltr'><strong>tamen</strong></span> <span class='ocrx_word' id='word_1_374' title='bbox 2016 1427 2077 1464; x_wconf 86' lang='lat' dir='ltr'><strong>illa</strong></span> <span class='ocrx_word' id='word_1_375' title='bbox 2094 1442 2182 1479; x_wconf 79' lang='lat' dir='ltr'><strong>prae-</strong></span> 
     </span>
     <span class='ocr_line' id='line_1_51' title="bbox 1149 1487 2184 1539; baseline 0 -12"><span class='ocrx_word' id='word_1_376' title='bbox 1149 1498 1173 1527; x_wconf 86' lang='lat' dir='ltr'><strong>E</strong></span> <span class='ocrx_word' id='word_1_377' title='bbox 1200 1487 1304 1539; x_wconf 85' lang='lat' dir='ltr'><strong>cipue</strong></span> <span class='ocrx_word' id='word_1_378' title='bbox 1334 1487 1379 1525; x_wconf 89' lang='lat' dir='ltr'>de</span> <span class='ocrx_word' id='word_1_379' title='bbox 1409 1502 1513 1526; x_wconf 90' lang='lat' dir='ltr'><strong>causa</strong></span> <span class='ocrx_word' id='word_1_380' title='bbox 1549 1498 1692 1527; x_wconf 81' lang='lat' dir='ltr'><strong>venerat</strong></span> <span class='ocrx_word' id='word_1_381' title='bbox 1699 1504 1710 1537; x_wconf 80' lang='lat'><em>3</em></span> <span class='ocrx_word' id='word_1_382' title='bbox 1744 1502 1864 1538; x_wconf 89' lang='lat' dir='ltr'><strong>neque,</strong></span> <span class='ocrx_word' id='word_1_383' title='bbox 1898 1489 2037 1526; x_wconf 81' lang='lat' dir='ltr'><strong>etiamsi</strong></span> <span class='ocrx_word' id='word_1_384' title='bbox 2068 1503 2107 1527; x_wconf 88' lang='lat' dir='ltr'>ea</span> <span class='ocrx_word' id='word_1_385' title='bbox 2140 1489 2184 1527; x_wconf 88' lang='lat' dir='ltr'>de</span> 
     </span>
     <span class='ocr_line' id='line_1_52' title="bbox 1200 1548 2184 1601; baseline 0.003 -17"><span class='ocrx_word' id='word_1_386' title='bbox 1200 1561 1305 1585; x_wconf 84' lang='lat' dir='ltr'><strong>causa</strong></span> <span class='ocrx_word' id='word_1_387' title='bbox 1317 1561 1386 1586; x_wconf 92' lang='lat' dir='ltr'>non</span> <span class='ocrx_word' id='word_1_388' title='bbox 1405 1549 1570 1597; x_wconf 86' lang='lat' dir='ltr'><strong>venisset,</strong></span> <span class='ocrx_word' id='word_1_389' title='bbox 1586 1548 1787 1601; x_wconf 87' lang='lat' dir='ltr'><strong>repellenda</strong></span> <span class='ocrx_word' id='word_1_390' title='bbox 1797 1548 2008 1586; x_wconf 86' lang='lat' dir='ltr'><strong>muliercula</strong></span> <span class='ocrx_word' id='word_1_391' title='bbox 2022 1549 2084 1586; x_wconf 91' lang='lat' dir='ltr'><strong>illa</strong></span> <span class='ocrx_word' id='word_1_392' title='bbox 2096 1560 2184 1597; x_wconf 83' lang='lat' dir='ltr'><strong>erat,</strong></span> 
     </span>
     <span class='ocr_line' id='line_1_53' title="bbox 1200 1609 2187 1663; baseline 0 -16"><span class='ocrx_word' id='word_1_393' title='bbox 1200 1623 1279 1659; x_wconf 69' lang='lat' dir='ltr'><strong>quaa</strong></span> <span class='ocrx_word' id='word_1_394' title='bbox 1311 1624 1347 1648; x_wconf 91' lang='lat' dir='ltr'>se</span> <span class='ocrx_word' id='word_1_395' title='bbox 1376 1610 1463 1648; x_wconf 87' lang='lat' dir='ltr'><strong>adeo</strong></span> <span class='ocrx_word' id='word_1_396' title='bbox 1482 1610 1644 1649; x_wconf 81' lang='lat' dir='ltr'><strong>discendi</strong></span> <span class='ocrx_word' id='word_1_397' title='bbox 1673 1610 1841 1663; x_wconf 85' lang='lat' dir='ltr'><strong>cupidam</strong></span> <span class='ocrx_word' id='word_1_398' title='bbox 1861 1609 2039 1648; x_wconf 82' lang='lat' dir='ltr'><strong>exhibuit.</strong></span> <span class='ocrx_word' id='word_1_399' title='bbox 2070 1611 2187 1649; x_wconf 71' lang='lat' dir='ltr'><strong>Judaei</strong></span> 
     </span>
     <span class='ocr_line' id='line_1_54' title="bbox 1199 1670 2188 1724; baseline 0.003 -17"><span class='ocrx_word' id='word_1_400' title='bbox 1199 1670 1293 1709; x_wconf 91' lang='lat' dir='ltr'><strong>enim</strong></span> <span class='ocrx_word' id='word_1_401' title='bbox 1309 1671 1426 1723; x_wconf 89' lang='lat' dir='ltr'><strong>ipsum</strong></span> <span class='ocrx_word' id='word_1_402' title='bbox 1443 1672 1489 1710; x_wconf 90' lang='lat' dir='ltr'>ad</span> <span class='ocrx_word' id='word_1_403' title='bbox 1503 1686 1539 1710; x_wconf 84' lang='lat' dir='ltr'>se</span> <span class='ocrx_word' id='word_1_404' title='bbox 1561 1672 1759 1711; x_wconf 86' lang='lat' dir='ltr'><strong>venientem</strong></span> <span class='ocrx_word' id='word_1_405' title='bbox 1780 1671 2022 1724; x_wconf 74' lang='lat' dir='ltr'><strong>repelleban13</strong></span> <span class='ocrx_word' id='word_1_406' title='bbox 2042 1672 2188 1723; x_wconf 83' lang='lat' dir='ltr'><strong>gentiles</strong></span> 
     </span>
     <span class='ocr_line' id='line_1_55' title="bbox 1202 1732 2189 1785; baseline 0.001 -16"><span class='ocrx_word' id='word_1_407' title='bbox 1202 1741 1322 1770; x_wconf 89' lang='lat' dir='ltr'><strong>contra</strong></span> <span class='ocrx_word' id='word_1_408' title='bbox 1347 1733 1419 1771; x_wconf 91' lang='lat' dir='ltr'><strong>alio</strong></span> <span class='ocrx_word' id='word_1_409' title='bbox 1444 1733 1726 1785; x_wconf 85' lang='lat' dir='ltr'><strong>proficiscentem</strong></span> <span class='ocrx_word' id='word_1_410' title='bbox 1758 1732 1805 1770; x_wconf 88' lang='lat' dir='ltr'>ad</span> <span class='ocrx_word' id='word_1_411' title='bbox 1837 1747 1873 1770; x_wconf 90' lang='lat' dir='ltr'>se</span> <span class='ocrx_word' id='word_1_412' title='bbox 1900 1732 2096 1771; x_wconf 86' lang='lat' dir='ltr'><strong>trahebant.</strong></span> <span class='ocrx_word' id='word_1_413' title='bbox 2131 1733 2189 1770; x_wconf 86' lang='lat' dir='ltr'><strong>Illi</strong></span> 
     </span>
     <span class='ocr_line' id='line_1_56' title="bbox 1201 1793 2186 1846; baseline 0 -15"><span class='ocrx_word' id='word_1_414' title='bbox 1201 1793 1426 1846; x_wconf 82' lang='lat' dir='ltr'><strong>invidebant,</strong></span> <span class='ocrx_word' id='word_1_415' title='bbox 1447 1795 1486 1832; x_wconf 91' lang='lat' dir='ltr'>hi</span> <span class='ocrx_word' id='word_1_416' title='bbox 1517 1794 1727 1843; x_wconf 81' lang='lat' dir='ltr'><strong>credebant3</strong></span> <span class='ocrx_word' id='word_1_417' title='bbox 1757 1794 1811 1831; x_wconf 93' lang='lat' dir='ltr'><strong>illi</strong></span> <span class='ocrx_word' id='word_1_418' title='bbox 1834 1794 2128 1845; x_wconf 81' lang='lat' dir='ltr'><strong>indignabantur,</strong></span> <span class='ocrx_word' id='word_1_419' title='bbox 2148 1794 2186 1831; x_wconf 91' lang='lat' dir='ltr'>hi</span> 
     </span>
     <span class='ocr_line' id='line_1_57' title="bbox 1202 1855 2189 1907; baseline 0.001 -15"><span class='ocrx_word' id='word_1_420' title='bbox 1202 1855 1423 1894; x_wconf 87' lang='lat' dir='ltr'><strong>mirabantur</strong></span> <span class='ocrx_word' id='word_1_421' title='bbox 1442 1865 1475 1894; x_wconf 91' lang='lat' dir='ltr'>et</span> <span class='ocrx_word' id='word_1_422' title='bbox 1493 1855 1699 1894; x_wconf 85' lang='lat' dir='ltr'><strong>adorabant.</strong></span> <span class='ocrx_word' id='word_1_423' title='bbox 1722 1855 1821 1902; x_wconf 86' lang='lat' dir='ltr'><strong>Quid</strong></span> <span class='ocrx_word' id='word_1_424' title='bbox 1851 1856 1962 1906; x_wconf 70' lang='lat' dir='ltr'><strong>ergo?</strong></span> <span class='ocrx_word' id='word_1_425' title='bbox 1987 1855 2189 1907; x_wconf 86' lang='lat' dir='ltr'><strong>oportebat-</strong></span> 
     </span>
     <span class='ocr_line' id='line_1_58' title="bbox 1201 1917 2189 1970; baseline 0 -15"><span class='ocrx_word' id='word_1_426' title='bbox 1201 1931 1245 1955; x_wconf 89' lang='lat' dir='ltr'>ne</span> <span class='ocrx_word' id='word_1_427' title='bbox 1258 1926 1310 1955; x_wconf 88' lang='lat' dir='ltr'>tot</span> <span class='ocrx_word' id='word_1_428' title='bbox 1330 1918 1517 1956; x_wconf 88' lang='lat' dir='ltr'><strong>hominum</strong></span> <span class='ocrx_word' id='word_1_429' title='bbox 1536 1918 1686 1956; x_wconf 89' lang='lat' dir='ltr'><strong>salutem</strong></span> <span class='ocrx_word' id='word_1_430' title='bbox 1704 1917 1895 1970; x_wconf 87' lang='lat' dir='ltr'><strong>despicere,</strong></span> <span class='ocrx_word' id='word_1_431' title='bbox 1913 1927 1946 1955; x_wconf 89' lang='lat' dir='ltr'>et</span> <span class='ocrx_word' id='word_1_432' title='bbox 1963 1926 2035 1955; x_wconf 91' lang='lat' dir='ltr'>tam</span> <span class='ocrx_word' id='word_1_433' title='bbox 2054 1917 2189 1955; x_wconf 83' lang='lat' dir='ltr'><strong>studio-</strong></span> 
     </span>
     <span class='ocr_line' id='line_1_59' title="bbox 1203 1978 2189 2030; baseline 0 -13"><span class='ocrx_word' id='word_1_434' title='bbox 1203 1993 1280 2017; x_wconf 89' lang='lat' dir='ltr'>sum</span> <span class='ocrx_word' id='word_1_435' title='bbox 1294 1980 1460 2017; x_wconf 88' lang='lat' dir='ltr'><strong>affectum</strong></span> <span class='ocrx_word' id='word_1_436' title='bbox 1473 1979 1676 2017; x_wconf 71' lang='lat' dir='ltr'><strong>dimittere?</strong></span> <span class='ocrx_word' id='word_1_437' title='bbox 1688 1979 1764 2016; x_wconf 86' lang='lat' dir='ltr'><strong>Hoc</strong></span> <span class='ocrx_word' id='word_1_438' title='bbox 1784 1988 1874 2017; x_wconf 86' lang='lat' dir='ltr'><strong>certe</strong></span> <span class='ocrx_word' id='word_1_439' title='bbox 1888 1978 2077 2030; x_wconf 83' lang='lat' dir='ltr'><strong>indignum</strong></span> <span class='ocrx_word' id='word_1_440' title='bbox 2090 1979 2189 2017; x_wconf 90' lang='lat' dir='ltr'><strong>illius</strong></span> 
     </span>
    </p>
   </div>
   <div class='ocr_carea' id='block_1_6' title="bbox 99 2031 2188 2092">
    <p class='ocr_par' dir='ltr' id='par_1_6' title="bbox 99 2031 2188 2092">
     <span class='ocr_line' id='line_1_60' title="bbox 99 2031 2188 2092; baseline -0.002 -9"><span class='ocrx_word' id='word_1_441' title='bbox 99 2031 204 2083; x_wconf 62' lang='grc' dir='ltr'>ἦλθε,</span> <span class='ocrx_word' id='word_1_442' title='bbox 222 2035 503 2088; x_wconf 65' lang='grc' dir='ltr'>παραγενόμενον</span> <span class='ocrx_word' id='word_1_443' title='bbox 533 2034 572 2072; x_wconf 68' lang='grc' dir='ltr'>τὸ</span> <span class='ocrx_word' id='word_1_444' title='bbox 599 2034 737 2084; x_wconf 66' lang='grc' dir='ltr'>Υύναῑθν</span> <span class='ocrx_word' id='word_1_445' title='bbox 771 2033 980 2072; x_wconf 63' lang='grc' dir='ltr'>ἀπώσασθαι</span> <span class='ocrx_word' id='word_1_446' title='bbox 1005 2035 1125 2087; x_wconf 66' lang='grc' dir='ltr'>ἕχρῆν,</span> <span class='ocrx_word' id='word_1_447' title='bbox 1151 2052 1177 2081; x_wconf 82' lang='grc' dir='ltr'><strong>Α</strong></span> <span class='ocrx_word' id='word_1_448' title='bbox 1202 2041 1419 2092; x_wconf 81' lang='lat' dir='ltr'><strong>benignitate</strong></span> <span class='ocrx_word' id='word_1_449' title='bbox 1440 2058 1448 2078; x_wconf 91' lang='lat'>:</span> <span class='ocrx_word' id='word_1_450' title='bbox 1474 2040 1624 2092; x_wconf 81' lang='lat' dir='ltr'><strong>ideoque</strong></span> <span class='ocrx_word' id='word_1_451' title='bbox 1649 2040 1725 2079; x_wconf 63' lang='lat' dir='ltr'><strong>haec</strong></span> <span class='ocrx_word' id='word_1_452' title='bbox 1752 2040 1870 2078; x_wconf 87' lang='lat' dir='ltr'><strong>omnia</strong></span> <span class='ocrx_word' id='word_1_453' title='bbox 1902 2054 1985 2077; x_wconf 91' lang='lat' dir='ltr'>cum</span> <span class='ocrx_word' id='word_1_454' title='bbox 2018 2039 2188 2092; x_wconf 85' lang='lat' dir='ltr'><strong>sapientia</strong></span> 
     </span>
    </p>
   </div>
   <div class='ocr_carea' id='block_1_7' title="bbox 100 2095 1129 3062">
    <p class='ocr_par' dir='ltr' id='par_1_7' title="bbox 100 2095 1129 3062">
     <span class='ocr_line' id='line_1_61' title="bbox 100 2095 1126 2148; baseline -0.003 -13"><span class='ocrx_word' id='word_1_455' title='bbox 100 2097 188 2135; x_wconf 76' lang='grc' dir='ltr'>οὕτω</span> <span class='ocrx_word' id='word_1_456' title='bbox 206 2096 338 2143; x_wconf 87' lang='grc' dir='ltr'>πολλὴν</span> <span class='ocrx_word' id='word_1_457' title='bbox 355 2095 582 2148; x_wconf 77' lang='grc' dir='ltr'>φιλομάθειαν</span> <span class='ocrx_word' id='word_1_458' title='bbox 604 2095 894 2145; x_wconf 80' lang='grc' dir='ltr'>ἐπιδεικνύμενον.</span> <span class='ocrx_word' id='word_1_459' title='bbox 915 2096 961 2133; x_wconf 88' lang='grc' dir='ltr'>Οἱ</span> <span class='ocrx_word' id='word_1_460' title='bbox 982 2095 1043 2145; x_wconf 77' lang='grc' dir='ltr'>μὲν</span> <span class='ocrx_word' id='word_1_461' title='bbox 1059 2096 1126 2147; x_wconf 85' lang='grc' dir='ltr'>γὰρ</span> 
     </span>
     <span class='ocr_line' id='line_1_62' title="bbox 100 2154 1126 2209; baseline -0.003 -13"><span class='ocrx_word' id='word_1_462' title='bbox 100 2158 261 2196; x_wconf 79' lang='grc' dir='ltr'>Ἰουδαῖοι</span> <span class='ocrx_word' id='word_1_463' title='bbox 281 2157 340 2195; x_wconf 85' lang='grc' dir='ltr'>καὶ</span> <span class='ocrx_word' id='word_1_464' title='bbox 359 2155 444 2209; x_wconf 78' lang='grc' dir='ltr'>πρὸς</span> <span class='ocrx_word' id='word_1_465' title='bbox 460 2154 581 2199; x_wconf 68' lang='grc' dir='ltr'>αὐτοὺς</span> <span class='ocrx_word' id='word_1_466' title='bbox 602 2155 788 2208; x_wconf 76' lang='grc' dir='ltr'>ἐρχόμενον</span> <span class='ocrx_word' id='word_1_467' title='bbox 807 2156 1019 2203; x_wconf 83' lang='grc' dir='ltr'>ἀπήλαυνον,</span> <span class='ocrx_word' id='word_1_468' title='bbox 1039 2159 1070 2193; x_wconf 82' lang='grc' dir='ltr'>οἱ</span> <span class='ocrx_word' id='word_1_469' title='bbox 1092 2155 1126 2193; x_wconf 80' lang='grc' dir='ltr'>δὲ</span> 
     </span>
     <span class='ocr_line' id='line_1_63' title="bbox 100 2211 1127 2270; baseline -0.002 -13"><span class='ocrx_word' id='word_1_470' title='bbox 100 2219 135 2263; x_wconf 76' lang='grc' dir='ltr'>ἐξ</span> <span class='ocrx_word' id='word_1_471' title='bbox 154 2221 259 2257; x_wconf 72' lang='grc' dir='ltr'>ἐθνῶν</span> <span class='ocrx_word' id='word_1_472' title='bbox 274 2217 333 2256; x_wconf 84' lang='grc' dir='ltr'>καὶ</span> <span class='ocrx_word' id='word_1_473' title='bbox 353 2219 508 2269; x_wconf 73' lang='grc' dir='ltr'>ἀλλαχοῦ</span> <span class='ocrx_word' id='word_1_474' title='bbox 528 2216 712 2268; x_wconf 83' lang='grc' dir='ltr'>βαδίζοντα</span> <span class='ocrx_word' id='word_1_475' title='bbox 732 2217 817 2270; x_wconf 83' lang='grc' dir='ltr'>πρὸς</span> <span class='ocrx_word' id='word_1_476' title='bbox 837 2216 976 2260; x_wconf 74' lang='grc' dir='ltr'>ἑαυτοὺς</span> <span class='ocrx_word' id='word_1_477' title='bbox 997 2211 1127 2256; x_wconf 64' lang='grc' dir='ltr'>εἷλκον·</span> 
     </span>
     <span class='ocr_line' id='line_1_64' title="bbox 101 2278 1122 2331; baseline -0.002 -13"><span class='ocrx_word' id='word_1_478' title='bbox 101 2280 159 2318; x_wconf 81' lang='grc' dir='ltr'>καὶ</span> <span class='ocrx_word' id='word_1_479' title='bbox 176 2283 207 2318; x_wconf 83' lang='grc' dir='ltr'>οἱ</span> <span class='ocrx_word' id='word_1_480' title='bbox 224 2279 285 2330; x_wconf 77' lang='grc' dir='ltr'>μὲν</span> <span class='ocrx_word' id='word_1_481' title='bbox 309 2278 483 2331; x_wconf 68' lang='grc' dir='ltr'>ἐφθόνουν,</span> <span class='ocrx_word' id='word_1_482' title='bbox 503 2280 535 2316; x_wconf 83' lang='grc' dir='ltr'>οἱ</span> <span class='ocrx_word' id='word_1_483' title='bbox 555 2278 590 2316; x_wconf 80' lang='grc' dir='ltr'>δὲ</span> <span class='ocrx_word' id='word_1_484' title='bbox 610 2278 791 2316; x_wconf 81' lang='grc' dir='ltr'>ἐπίστευον</span> <span class='ocrx_word' id='word_1_485' title='bbox 805 2294 812 2302; x_wconf 92' lang='grc'><em>·</em></span> <span class='ocrx_word' id='word_1_486' title='bbox 840 2280 964 2316; x_wconf 84' lang='grc' dir='ltr'>ἐκεῖνοι</span> <span class='ocrx_word' id='word_1_487' title='bbox 989 2279 1122 2330; x_wconf 82' lang='grc' dir='ltr'>ἠγανά-</span> 
     </span>
     <span class='ocr_line' id='line_1_65' title="bbox 102 2334 1126 2392; baseline -0.002 -13"><span class='ocrx_word' id='word_1_488' title='bbox 102 2356 216 2389; x_wconf 88' lang='grc' dir='ltr'>κτουν,</span> <span class='ocrx_word' id='word_1_489' title='bbox 241 2335 334 2379; x_wconf 63' lang='grc' dir='ltr'>οὗτοι</span> <span class='ocrx_word' id='word_1_490' title='bbox 349 2339 539 2390; x_wconf 83' lang='grc' dir='ltr'>ἐθαύμαζον</span> <span class='ocrx_word' id='word_1_491' title='bbox 560 2338 619 2377; x_wconf 78' lang='grc' dir='ltr'>καὶ</span> <span class='ocrx_word' id='word_1_492' title='bbox 633 2339 876 2392; x_wconf 86' lang='grc' dir='ltr'>προσεκύνουν.</span> <span class='ocrx_word' id='word_1_493' title='bbox 897 2339 944 2377; x_wconf 88' lang='grc' dir='ltr'>Τί</span> <span class='ocrx_word' id='word_1_494' title='bbox 964 2334 1039 2387; x_wconf 59' lang='grc' dir='ltr'>οὖν,</span> <span class='ocrx_word' id='word_1_495' title='bbox 1059 2340 1126 2378; x_wconf 81' lang='grc' dir='ltr'>ἔδει</span> 
     </span>
     <span class='ocr_line' id='line_1_66' title="bbox 100 2399 1127 2454; baseline -0.001 -14"><span class='ocrx_word' id='word_1_496' title='bbox 100 2401 269 2440; x_wconf 82' lang='grc' dir='ltr'>τοσούτων</span> <span class='ocrx_word' id='word_1_497' title='bbox 303 2400 476 2453; x_wconf 87' lang='grc' dir='ltr'>σωτηρίαν</span> <span class='ocrx_word' id='word_1_498' title='bbox 506 2401 693 2453; x_wconf 78' lang='grc' dir='ltr'>ὑπεριδεῖν,</span> <span class='ocrx_word' id='word_1_499' title='bbox 726 2399 784 2439; x_wconf 74' lang='grc' dir='ltr'>καὶ</span> <span class='ocrx_word' id='word_1_500' title='bbox 814 2400 1008 2454; x_wconf 87' lang='grc' dir='ltr'>προθυμίαν</span> <span class='ocrx_word' id='word_1_501' title='bbox 1039 2400 1127 2439; x_wconf 73' lang='grc' dir='ltr'>οὕτω</span> 
     </span>
     <span class='ocr_line' id='line_1_67' title="bbox 101 2455 1128 2514; baseline 0 -14"><span class='ocrx_word' id='word_1_502' title='bbox 101 2462 260 2514; x_wconf 87' lang='grc' dir='ltr'>γενναίαν</span> <span class='ocrx_word' id='word_1_503' title='bbox 292 2464 449 2512; x_wconf 82' lang='grc' dir='ltr'>ἀφεῖναι;</span> <span class='ocrx_word' id='word_1_504' title='bbox 471 2462 586 2499; x_wconf 77' lang='grc' dir='ltr'>Τοῦτο</span> <span class='ocrx_word' id='word_1_505' title='bbox 619 2461 680 2511; x_wconf 77' lang='grc' dir='ltr'>μὲν</span> <span class='ocrx_word' id='word_1_506' title='bbox 708 2455 766 2499; x_wconf 59' lang='grc' dir='ltr'>οὖν</span> <span class='ocrx_word' id='word_1_507' title='bbox 793 2460 928 2505; x_wconf 83' lang='grc' dir='ltr'>ἀνάξιον</span> <span class='ocrx_word' id='word_1_508' title='bbox 949 2455 992 2508; x_wconf 67' lang='grc' dir='ltr'>ἦν</span> <span class='ocrx_word' id='word_1_509' title='bbox 1023 2463 1128 2500; x_wconf 72' lang='grc' dir='ltr'>αὐτοῦ</span> 
     </span>
     <span class='ocr_line' id='line_1_68' title="bbox 101 2521 1128 2575; baseline -0.001 -15"><span class='ocrx_word' id='word_1_510' title='bbox 101 2525 164 2569; x_wconf 74' lang='grc' dir='ltr'>τῆς</span> <span class='ocrx_word' id='word_1_511' title='bbox 196 2521 457 2575; x_wconf 80' lang='grc' dir='ltr'>φιλανθρωπίας</span> <span class='ocrx_word' id='word_1_512' title='bbox 472 2536 479 2544; x_wconf 89' lang='grc'><em>·</em></span> <span class='ocrx_word' id='word_1_513' title='bbox 515 2521 634 2573; x_wconf 80' lang='grc' dir='ltr'>διόπερ</span> <span class='ocrx_word' id='word_1_514' title='bbox 665 2521 754 2572; x_wconf 82' lang='grc' dir='ltr'>μετὰ</span> <span class='ocrx_word' id='word_1_515' title='bbox 792 2524 854 2568; x_wconf 66' lang='grc' dir='ltr'>τῆς</span> <span class='ocrx_word' id='word_1_516' title='bbox 883 2522 1128 2574; x_wconf 82' lang='grc' dir='ltr'>προσηκούσης</span> 
     </span>
     <span class='ocr_line' id='line_1_69' title="bbox 104 2580 1129 2635; baseline 0 -14"><span class='ocrx_word' id='word_1_517' title='bbox 104 2585 196 2635; x_wconf 75' lang='grc' dir='ltr'>αὐτῷ</span> <span class='ocrx_word' id='word_1_518' title='bbox 216 2582 337 2634; x_wconf 77' lang='grc' dir='ltr'>σοφίας</span> <span class='ocrx_word' id='word_1_519' title='bbox 364 2582 479 2620; x_wconf 81' lang='grc' dir='ltr'>πάντα</span> <span class='ocrx_word' id='word_1_520' title='bbox 497 2580 541 2618; x_wconf 79' lang='grc' dir='ltr'>τὰ</span> <span class='ocrx_word' id='word_1_521' title='bbox 567 2581 723 2633; x_wconf 85' lang='grc' dir='ltr'>παρόντα</span> <span class='ocrx_word' id='word_1_522' title='bbox 746 2583 931 2633; x_wconf 86' lang='grc' dir='ltr'>οἰκονομεῖ.</span> <span class='ocrx_word' id='word_1_523' title='bbox 951 2583 1129 2629; x_wconf 84' lang='grc' dir='ltr'>Ἒκοίθητο</span> 
     </span>
     <span class='ocr_line' id='line_1_70' title="bbox 105 2642 1128 2696; baseline -0.002 -14"><span class='ocrx_word' id='word_1_524' title='bbox 105 2644 167 2694; x_wconf 80' lang='grc' dir='ltr'>μὲν</span> <span class='ocrx_word' id='word_1_525' title='bbox 183 2643 270 2695; x_wconf 84' lang='grc' dir='ltr'>γὰρ,</span> <span class='ocrx_word' id='word_1_526' title='bbox 288 2642 474 2682; x_wconf 86' lang='grc' dir='ltr'>ἀναπαύων</span> <span class='ocrx_word' id='word_1_527' title='bbox 497 2642 536 2681; x_wconf 85' lang='grc' dir='ltr'>τὸ</span> <span class='ocrx_word' id='word_1_528' title='bbox 555 2644 659 2693; x_wconf 78' lang='grc' dir='ltr'>σῶμα</span> <span class='ocrx_word' id='word_1_529' title='bbox 672 2672 681 2690; x_wconf 91' lang='grc'>,</span> <span class='ocrx_word' id='word_1_530' title='bbox 703 2642 762 2680; x_wconf 81' lang='grc' dir='ltr'>καὶ</span> <span class='ocrx_word' id='word_1_531' title='bbox 783 2642 905 2696; x_wconf 66' lang='grc' dir='ltr'>3παρὰ</span> <span class='ocrx_word' id='word_1_532' title='bbox 928 2642 991 2689; x_wconf 85' lang='grc' dir='ltr'>τὴν</span> <span class='ocrx_word' id='word_1_533' title='bbox 1010 2643 1128 2694; x_wconf 79' lang='grc' dir='ltr'>πηγὴν</span> 
     </span>
     <span class='ocr_line' id='line_1_71' title="bbox 105 2697 1129 2757; baseline 0 -15"><span class='ocrx_word' id='word_1_534' title='bbox 105 2705 291 2757; x_wconf 77' lang='grc' dir='ltr'>ἀναψύχων</span> <span class='ocrx_word' id='word_1_535' title='bbox 322 2703 417 2742; x_wconf 82' lang='grc' dir='ltr'>αὐτό.</span> <span class='ocrx_word' id='word_1_536' title='bbox 446 2703 538 2742; x_wconf 79' lang='grc' dir='ltr'>Αὐτὸ</span> <span class='ocrx_word' id='word_1_537' title='bbox 556 2703 624 2755; x_wconf 85' lang='grc' dir='ltr'>γὰρ</span> <span class='ocrx_word' id='word_1_538' title='bbox 643 2697 684 2749; x_wconf 68' lang='grc' dir='ltr'>ἦν</span> <span class='ocrx_word' id='word_1_539' title='bbox 708 2705 770 2749; x_wconf 83' lang='grc' dir='ltr'>τ’ῆς</span> <span class='ocrx_word' id='word_1_540' title='bbox 790 2702 924 2756; x_wconf 85' lang='grc' dir='ltr'>ἡμέρας</span> <span class='ocrx_word' id='word_1_541' title='bbox 944 2703 983 2741; x_wconf 80' lang='grc' dir='ltr'>τὸ</span> <span class='ocrx_word' id='word_1_542' title='bbox 1003 2704 1129 2753; x_wconf 86' lang='grc' dir='ltr'>μεσαί-</span> 
     </span>
     <span class='ocr_line' id='line_1_72' title="bbox 103 2763 1127 2817; baseline -0.001 -14"><span class='ocrx_word' id='word_1_543' title='bbox 103 2781 219 2813; x_wconf 86' lang='grc' dir='ltr'>τατον,</span> <span class='ocrx_word' id='word_1_544' title='bbox 249 2764 335 2817; x_wconf 78' lang='grc' dir='ltr'>ὅπερ</span> <span class='ocrx_word' id='word_1_545' title='bbox 373 2764 434 2802; x_wconf 76' lang='grc' dir='ltr'>καὶ</span> <span class='ocrx_word' id='word_1_546' title='bbox 464 2767 482 2802; x_wconf 82' lang='grc' dir='ltr'>ὁ</span> <span class='ocrx_word' id='word_1_547' title='bbox 513 2763 760 2815; x_wconf 82' lang='grc' dir='ltr'>εὖαγγελιστὴς</span> <span class='ocrx_word' id='word_1_548' title='bbox 796 2764 968 2811; x_wconf 80' lang='grc' dir='ltr'>ἐδήλωσεν</span> <span class='ocrx_word' id='word_1_549' title='bbox 1005 2764 1127 2811; x_wconf 85' lang='grc' dir='ltr'>εἰπὼν,</span> 
     </span>
     <span class='ocr_line' id='line_1_73' title="bbox 105 2821 1129 2879; baseline -0.002 -14"><span class='ocrx_word' id='word_1_550' title='bbox 105 2827 198 2879; x_wconf 62' lang='grc' dir='ltr'>ζὨρα</span> <span class='ocrx_word' id='word_1_551' title='bbox 214 2821 256 2874; x_wconf 64' lang='grc' dir='ltr'>ἦν</span> <span class='ocrx_word' id='word_1_552' title='bbox 276 2826 360 2864; x_wconf 80' lang='grc' dir='ltr'>ὡσεὶ</span> <span class='ocrx_word' id='word_1_553' title='bbox 380 2825 464 2871; x_wconf 79' lang='grc' dir='ltr'>ἕκτη</span> <span class='ocrx_word' id='word_1_554' title='bbox 477 2841 485 2848; x_wconf 87' lang='grc'><em>·</em></span> <span class='ocrx_word' id='word_1_555' title='bbox 510 2824 570 2863; x_wconf 79' lang='grc' dir='ltr'>καὶ</span> <span class='ocrx_word' id='word_1_556' title='bbox 590 2824 738 2872; x_wconf 79' lang='grc' dir='ltr'>ἐκάθητο</span> <span class='ocrx_word' id='word_1_557' title='bbox 754 2824 871 2868; x_wconf 82' lang='grc' dir='ltr'>οὕτως.</span> <span class='ocrx_word' id='word_1_558' title='bbox 897 2825 945 2863; x_wconf 82' lang='grc' dir='ltr'>Τί</span> <span class='ocrx_word' id='word_1_559' title='bbox 967 2825 1004 2864; x_wconf 83' lang='grc' dir='ltr'>δέ</span> <span class='ocrx_word' id='word_1_560' title='bbox 1022 2827 1129 2872; x_wconf 81' lang='grc' dir='ltr'>ἔστιν,</span> 
     </span>
     <span class='ocr_line' id='line_1_74' title="bbox 105 2886 1128 2940; baseline -0.002 -13"><span class='ocrx_word' id='word_1_561' title='bbox 105 2889 247 2935; x_wconf 72' lang='grc' dir='ltr'>Οὕτως,</span> <span class='ocrx_word' id='word_1_562' title='bbox 266 2890 344 2926; x_wconf 84' lang='grc' dir='ltr'>Οὐκ</span> <span class='ocrx_word' id='word_1_563' title='bbox 373 2886 432 2925; x_wconf 80' lang='grc' dir='ltr'>ἐπὶ</span> <span class='ocrx_word' id='word_1_564' title='bbox 463 2886 582 2939; x_wconf 88' lang='grc' dir='ltr'>θρόνου</span> <span class='ocrx_word' id='word_1_565' title='bbox 595 2917 603 2933; x_wconf 90' lang='grc'>,</span> <span class='ocrx_word' id='word_1_566' title='bbox 624 2886 742 2937; x_wconf 78' lang='grc' dir='ltr'>φησὶν,</span> <span class='ocrx_word' id='word_1_567' title='bbox 763 2888 825 2924; x_wconf 83' lang='grc' dir='ltr'>οὐκ</span> <span class='ocrx_word' id='word_1_568' title='bbox 845 2886 902 2925; x_wconf 79' lang='grc' dir='ltr'>ἐπὶ</span> <span class='ocrx_word' id='word_1_569' title='bbox 927 2902 1128 2940; x_wconf 81' lang='grc' dir='ltr'>προσκεφα-</span> 
     </span>
     <span class='ocr_line' id='line_1_75' title="bbox 104 2947 1128 3001; baseline 0 -14"><span class='ocrx_word' id='word_1_570' title='bbox 104 2949 202 2987; x_wconf 89' lang='grc' dir='ltr'>λαίου</span> <span class='ocrx_word' id='word_1_571' title='bbox 217 2978 227 2997; x_wconf 83' lang='grc'>,</span> <span class='ocrx_word' id='word_1_572' title='bbox 245 2949 321 2986; x_wconf 88' lang='grc' dir='ltr'>ἀλλ’</span> <span class='ocrx_word' id='word_1_573' title='bbox 344 2949 462 2991; x_wconf 85' lang='grc' dir='ltr'>ἁπλῶς</span> <span class='ocrx_word' id='word_1_574' title='bbox 481 2947 541 2985; x_wconf 80' lang='grc' dir='ltr'>καὶ</span> <span class='ocrx_word' id='word_1_575' title='bbox 567 2950 614 2991; x_wconf 83' lang='grc' dir='ltr'>ὡς</span> <span class='ocrx_word' id='word_1_576' title='bbox 636 2947 758 3000; x_wconf 83' lang='grc' dir='ltr'>ἔτυχεν</span> <span class='ocrx_word' id='word_1_577' title='bbox 787 2949 842 2985; x_wconf 81' lang='grc' dir='ltr'>ἐπ’</span> <span class='ocrx_word' id='word_1_578' title='bbox 864 2947 1020 2999; x_wconf 78' lang='grc' dir='ltr'>ἐδάφους.</span> <span class='ocrx_word' id='word_1_579' title='bbox 1041 2948 1128 3001; x_wconf 78' lang='grc' dir='ltr'>’Ἑρ-</span> 
     </span>
     <span class='ocr_line' id='line_1_76' title="bbox 105 3008 968 3062; baseline -0.002 -14"><span class='ocrx_word' id='word_1_580' title='bbox 105 3026 207 3062; x_wconf 80' lang='grc' dir='ltr'>χεται</span> <span class='ocrx_word' id='word_1_581' title='bbox 221 3008 306 3061; x_wconf 82' lang='grc' dir='ltr'>γυνὴ</span> <span class='ocrx_word' id='word_1_582' title='bbox 328 3009 367 3048; x_wconf 80' lang='grc' dir='ltr'>ἐκ</span> <span class='ocrx_word' id='word_1_583' title='bbox 384 3011 446 3055; x_wconf 73' lang='grc' dir='ltr'>τῆς</span> <span class='ocrx_word' id='word_1_584' title='bbox 460 3008 661 3061; x_wconf 86' lang='grc' dir='ltr'>Σαμαρείας</span> <span class='ocrx_word' id='word_1_585' title='bbox 683 3010 853 3054; x_wconf 74' lang='grc' dir='ltr'>ἀντλῆσαι</span> <span class='ocrx_word' id='word_1_586' title='bbox 867 3008 968 3060; x_wconf 76' lang='grc' dir='ltr'>ὕδωρ.</span> 
     </span>
    </p>
   </div>
   <div class='ocr_carea' id='block_1_8' title="bbox 109 3156 1123 3407">
    <p class='ocr_par' dir='ltr' id='par_1_8' title="bbox 153 3156 609 3200">
     <span class='ocr_line' id='line_1_77' title="bbox 153 3156 609 3200; baseline 0 -10"><span class='ocrx_word' id='word_1_587' title='bbox 153 3159 169 3182; x_wconf 76' lang='lat'>¹¹</span> <span class='ocrx_word' id='word_1_588' title='bbox 186 3156 288 3190; x_wconf 69' lang='lat' dir='ltr'><strong>Savil.</strong></span> <span class='ocrx_word' id='word_1_589' title='bbox 307 3160 401 3191; x_wconf 71' lang='grc' dir='ltr'>αὐτοῦ</span> <span class='ocrx_word' id='word_1_590' title='bbox 416 3161 609 3200; x_wconf 77' lang='grc' dir='ltr'>χωρισθῆναι.</span> 
     </span>
    </p>

    <p class='ocr_par' dir='ltr' id='par_1_9' title="bbox 109 3208 1119 3302">
     <span class='ocr_line' id='line_1_78' title="bbox 152 3208 1119 3253; baseline -0.001 -11"><span class='ocrx_word' id='word_1_591' title='bbox 152 3216 164 3229; x_wconf 77' lang='lat'>⁰</span> <span class='ocrx_word' id='word_1_592' title='bbox 179 3208 280 3242; x_wconf 73' lang='lat' dir='ltr'><strong>Savil.</strong></span> <span class='ocrx_word' id='word_1_593' title='bbox 300 3213 602 3253; x_wconf 72' lang='grc' dir='ltr'>σκηνοποιοί;ἀθροόν</span> <span class='ocrx_word' id='word_1_594' title='bbox 619 3211 649 3241; x_wconf 76' lang='grc' dir='ltr'>δὲ</span> <span class='ocrx_word' id='word_1_595' title='bbox 671 3213 719 3246; x_wconf 80' lang='grc' dir='ltr'>εἰς.</span> <span class='ocrx_word' id='word_1_596' title='bbox 739 3208 843 3249; x_wconf 84' lang='lat' dir='ltr'><strong>[Quae</strong></span> <span class='ocrx_word' id='word_1_597' title='bbox 860 3209 951 3240; x_wconf 83' lang='lat' dir='ltr'><strong>uncis</strong></span> <span class='ocrx_word' id='word_1_598' title='bbox 976 3215 1053 3241; x_wconf 78' lang='lat' dir='ltr'><strong>sunt</strong></span> <span class='ocrx_word' id='word_1_599' title='bbox 1069 3208 1119 3241; x_wconf 90' lang='lat' dir='ltr'>in-</span> 
     </span>
     <span class='ocr_line' id='line_1_79' title="bbox 109 3258 952 3302; baseline 0 -9"><span class='ocrx_word' id='word_1_600' title='bbox 109 3261 211 3300; x_wconf 87' lang='lat' dir='ltr'><strong>clusa,</strong></span> <span class='ocrx_word' id='word_1_601' title='bbox 227 3272 267 3293; x_wconf 84' lang='lat' dir='ltr'>ex</span> <span class='ocrx_word' id='word_1_602' title='bbox 284 3260 385 3293; x_wconf 77' lang='lat' dir='ltr'><strong>Savil.</strong></span> <span class='ocrx_word' id='word_1_603' title='bbox 396 3268 428 3292; x_wconf 90' lang='lat' dir='ltr'>et</span> <span class='ocrx_word' id='word_1_604' title='bbox 443 3258 553 3292; x_wconf 88' lang='lat' dir='ltr'><strong>Codd.</strong></span> <span class='ocrx_word' id='word_1_605' title='bbox 573 3259 697 3292; x_wconf 80' lang='lat' dir='ltr'><strong>nostris</strong></span> <span class='ocrx_word' id='word_1_606' title='bbox 712 3261 952 3302; x_wconf 58' lang='lat' dir='ltr'><strong>accesserunt]</strong></span> 
     </span>
    </p>

    <p class='ocr_par' dir='ltr' id='par_1_10' title="bbox 111 3309 1123 3407">
     <span class='ocr_line' id='line_1_80' title="bbox 153 3309 1123 3356; baseline 0.001 -12"><span class='ocrx_word' id='word_1_607' title='bbox 153 3314 166 3332; x_wconf 79' lang='lat'>‘¹</span> <span class='ocrx_word' id='word_1_608' title='bbox 184 3312 299 3356; x_wconf 78' lang='lat' dir='ltr'><strong>[Savil.</strong></span> <span class='ocrx_word' id='word_1_609' title='bbox 328 3320 361 3344; x_wconf 79' lang='lat' dir='ltr'>et</span> <span class='ocrx_word' id='word_1_610' title='bbox 377 3310 487 3345; x_wconf 84' lang='lat' dir='ltr'><strong>Codd.</strong></span> <span class='ocrx_word' id='word_1_611' title='bbox 516 3312 623 3343; x_wconf 76' lang='lat' dir='ltr'><strong>nostrl</strong></span> <span class='ocrx_word' id='word_1_612' title='bbox 652 3317 705 3349; x_wconf 71' lang='grc' dir='ltr'>τὴν</span> <span class='ocrx_word' id='word_1_613' title='bbox 722 3316 857 3356; x_wconf 51' lang='grc' dir='ltr'>ἐξαίφνης</span> <span class='ocrx_word' id='word_1_614' title='bbox 884 3319 983 3355; x_wconf 70' lang='grc' dir='ltr'>τιμήν.</span> <span class='ocrx_word' id='word_1_615' title='bbox 1015 3309 1123 3346; x_wconf 75' lang='lat' dir='ltr'><strong>Iidem</strong></span> 
     </span>
     <span class='ocr_line' id='line_1_81' title="bbox 111 3364 740 3407; baseline 0.005 -13"><span class='ocrx_word' id='word_1_616' title='bbox 111 3364 209 3406; x_wconf 78' lang='lat' dir='ltr'><strong>paulo</strong></span> <span class='ocrx_word' id='word_1_617' title='bbox 225 3372 300 3398; x_wconf 77' lang='lat' dir='ltr'><strong>ante</strong></span> <span class='ocrx_word' id='word_1_618' title='bbox 318 3369 495 3407; x_wconf 70' lang='grc' dir='ltr'>ἀξιωμάτων</span> <span class='ocrx_word' id='word_1_619' title='bbox 513 3364 740 3403; x_wconf 56' lang='grc' dir='ltr'>ἐπιλάὲωντατι]</span> 
     </span>
    </p>
   </div>
   <div class='ocr_carea' id='block_1_9' title="bbox 1201 2100 2189 2521">
    <p class='ocr_par' dir='ltr' id='par_1_11' title="bbox 1201 2100 2189 2521">
     <span class='ocr_line' id='line_1_82' title="bbox 1201 2100 2187 2154; baseline 0 -15"><span class='ocrx_word' id='word_1_620' title='bbox 1201 2102 1269 2139; x_wconf 88' lang='lat' dir='ltr'><strong>sibi</strong></span> <span class='ocrx_word' id='word_1_621' title='bbox 1304 2112 1516 2154; x_wconf 84' lang='lat' dir='ltr'><strong>congruente</strong></span> <span class='ocrx_word' id='word_1_622' title='bbox 1547 2103 1740 2154; x_wconf 87' lang='lat' dir='ltr'><strong>dispensat.</strong></span> <span class='ocrx_word' id='word_1_623' title='bbox 1776 2100 1942 2149; x_wconf 76' lang='lat' dir='ltr'><strong>sedebat,</strong></span> <span class='ocrx_word' id='word_1_624' title='bbox 1976 2115 2104 2152; x_wconf 88' lang='lat' dir='ltr'><strong>corpus</strong></span> <span class='ocrx_word' id='word_1_625' title='bbox 2135 2115 2187 2139; x_wconf 90' lang='lat' dir='ltr'>re-</span> 
     </span>
     <span class='ocr_line' id='line_1_83' title="bbox 1203 2161 2189 2217; baseline -0.002 -16"><span class='ocrx_word' id='word_1_626' title='bbox 1203 2164 1354 2213; x_wconf 84' lang='lat' dir='ltr'><strong>creabat,</strong></span> <span class='ocrx_word' id='word_1_627' title='bbox 1386 2173 1419 2202; x_wconf 89' lang='lat' dir='ltr'>et</span> <span class='ocrx_word' id='word_1_628' title='bbox 1446 2165 1552 2217; x_wconf 75' lang='lat' dir='ltr'><strong>juxta</strong></span> <span class='ocrx_word' id='word_1_629' title='bbox 1587 2165 1719 2202; x_wconf 89' lang='lat' dir='ltr'><strong>fontem</strong></span> <span class='ocrx_word' id='word_1_630' title='bbox 1756 2162 1998 2213; x_wconf 79' lang='lat' dir='ltr'><strong>refrigerabat.</strong></span> <span class='ocrx_word' id='word_1_631' title='bbox 2032 2161 2189 2212; x_wconf 78' lang='lat' dir='ltr'><strong>Eratque</strong></span> 
     </span>
     <span class='ocr_line' id='line_1_84' title="bbox 1202 2224 2185 2277; baseline -0.003 -14"><span class='ocrx_word' id='word_1_632' title='bbox 1202 2235 1286 2264; x_wconf 88' lang='lat' dir='ltr'><strong>tunc</strong></span> <span class='ocrx_word' id='word_1_633' title='bbox 1306 2226 1485 2276; x_wconf 86' lang='lat' dir='ltr'><strong>meridies,</strong></span> <span class='ocrx_word' id='word_1_634' title='bbox 1504 2226 1598 2277; x_wconf 89' lang='lat' dir='ltr'><strong>quod</strong></span> <span class='ocrx_word' id='word_1_635' title='bbox 1614 2225 1831 2277; x_wconf 86' lang='lat' dir='ltr'><strong>evangelista</strong></span> <span class='ocrx_word' id='word_1_636' title='bbox 1859 2224 2016 2262; x_wconf 82' lang='lat' dir='ltr'><strong>declarat</strong></span> <span class='ocrx_word' id='word_1_637' title='bbox 2032 2224 2089 2261; x_wconf 88' lang='lat' dir='ltr'>his</span> <span class='ocrx_word' id='word_1_638' title='bbox 2109 2238 2185 2262; x_wconf 75' lang='lat' dir='ltr'><strong>ver-</strong></span> 
     </span>
     <span class='ocr_line' id='line_1_85' title="bbox 1202 2285 2186 2341; baseline -0.004 -16"><span class='ocrx_word' id='word_1_639' title='bbox 1202 2287 1269 2338; x_wconf 90' lang='lat' dir='ltr'><strong>bis,</strong></span> <span class='ocrx_word' id='word_1_640' title='bbox 1284 2290 1395 2326; x_wconf 83' lang='lat' dir='ltr'><strong>Hora</strong></span> <span class='ocrx_word' id='word_1_641' title='bbox 1408 2297 1491 2326; x_wconf 81' lang='lat' dir='ltr'><strong>erat</strong></span> <span class='ocrx_word' id='word_1_642' title='bbox 1505 2291 1617 2341; x_wconf 83' lang='lat' dir='ltr'><strong>quasi</strong></span> <span class='ocrx_word' id='word_1_643' title='bbox 1635 2297 1765 2335; x_wconf 62' lang='lat' dir='ltr'><strong>sarta,</strong></span> <span class='ocrx_word' id='word_1_644' title='bbox 1783 2296 1819 2325; x_wconf 80' lang='lat' dir='ltr'>et</span> <span class='ocrx_word' id='word_1_645' title='bbox 1832 2288 1987 2325; x_wconf 79' lang='lat' dir='ltr'><strong>sedebat</strong></span> <span class='ocrx_word' id='word_1_646' title='bbox 2001 2288 2069 2322; x_wconf 78' lang='lat' dir='ltr'><strong>sic.</strong></span> <span class='ocrx_word' id='word_1_647' title='bbox 2090 2285 2186 2330; x_wconf 88' lang='lat' dir='ltr'><strong>Quid</strong></span> 
     </span>
     <span class='ocr_line' id='line_1_86' title="bbox 1202 2345 2187 2398; baseline -0.006 -12"><span class='ocrx_word' id='word_1_648' title='bbox 1202 2358 1253 2386; x_wconf 88' lang='lat' dir='ltr'>est</span> <span class='ocrx_word' id='word_1_649' title='bbox 1271 2348 1375 2398; x_wconf 88' lang='lat' dir='ltr'><strong>illud,</strong></span> <span class='ocrx_word' id='word_1_650' title='bbox 1395 2350 1484 2388; x_wconf 70' lang='lat' dir='ltr'>Sic?</span> <span class='ocrx_word' id='word_1_651' title='bbox 1500 2350 1579 2386; x_wconf 91' lang='lat' dir='ltr'>Non</span> <span class='ocrx_word' id='word_1_652' title='bbox 1596 2348 1632 2386; x_wconf 92' lang='lat' dir='ltr'>in</span> <span class='ocrx_word' id='word_1_653' title='bbox 1649 2348 1751 2398; x_wconf 84' lang='lat' dir='ltr'><strong>solio,</strong></span> <span class='ocrx_word' id='word_1_654' title='bbox 1771 2361 1839 2384; x_wconf 91' lang='lat' dir='ltr'>non</span> <span class='ocrx_word' id='word_1_655' title='bbox 1856 2347 1891 2384; x_wconf 91' lang='lat' dir='ltr'>in</span> <span class='ocrx_word' id='word_1_656' title='bbox 1914 2345 2105 2397; x_wconf 81' lang='lat' dir='ltr'><strong>pulvinari,</strong></span> <span class='ocrx_word' id='word_1_657' title='bbox 2126 2345 2187 2382; x_wconf 87' lang='lat' dir='ltr'>sed</span> 
     </span>
     <span class='ocr_line' id='line_1_87' title="bbox 1202 2405 2186 2461; baseline -0.005 -15"><span class='ocrx_word' id='word_1_658' title='bbox 1202 2409 1411 2461; x_wconf 84' lang='lat' dir='ltr'><strong>simpliciter</strong></span> <span class='ocrx_word' id='word_1_659' title='bbox 1447 2409 1561 2447; x_wconf 86' lang='lat' dir='ltr'><strong>humi.</strong></span> <span class='ocrx_word' id='word_1_660' title='bbox 1597 2410 1709 2446; x_wconf 78' lang='lat' dir='ltr'><strong>Venit</strong></span> <span class='ocrx_word' id='word_1_661' title='bbox 1748 2408 1886 2445; x_wconf 79' lang='lat' dir='ltr'><strong>mulier</strong></span> <span class='ocrx_word' id='word_1_662' title='bbox 1923 2420 1970 2443; x_wconf 67' lang='lat' dir='ltr'>ex</span> <span class='ocrx_word' id='word_1_663' title='bbox 2004 2405 2186 2442; x_wconf 74' lang='lat' dir='ltr'><strong>Samaria</strong></span> 
     </span>
     <span class='ocr_line' id='line_1_88' title="bbox 1203 2471 1534 2521; baseline 0 -15"><span class='ocrx_word' id='word_1_664' title='bbox 1203 2471 1358 2508; x_wconf 76' lang='lat' dir='ltr'><strong>haurire</strong></span> <span class='ocrx_word' id='word_1_665' title='bbox 1377 2483 1534 2521; x_wconf 80' lang='lat' dir='ltr'><strong>aquam.</strong></span> 
     </span>
    </p>
   </div>
   <div class='ocr_carea' id='block_1_10' title="bbox 1186 3154 2196 3359">
    <p class='ocr_par' dir='ltr' id='par_1_12' title="bbox 1186 3154 2196 3359">
     <span class='ocr_line' id='line_1_89' title="bbox 1229 3154 2191 3205; baseline -0.006 -14"><span class='ocrx_word' id='word_1_666' title='bbox 1229 3167 1242 3182; x_wconf 78' lang='lat'><strong>³</strong></span> <span class='ocrx_word' id='word_1_667' title='bbox 1258 3157 1357 3192; x_wconf 66' lang='lat' dir='ltr'><strong>Savil.</strong></span> <span class='ocrx_word' id='word_1_668' title='bbox 1372 3163 1456 3205; x_wconf 66' lang='grc' dir='ltr'>παρὰ</span> <span class='ocrx_word' id='word_1_669' title='bbox 1469 3165 1507 3202; x_wconf 79' lang='grc' dir='ltr'>τῇ</span> <span class='ocrx_word' id='word_1_670' title='bbox 1521 3164 1613 3202; x_wconf 71' lang='grc' dir='ltr'>πηγῇ.</span> <span class='ocrx_word' id='word_1_671' title='bbox 1626 3154 1715 3189; x_wconf 86' lang='lat' dir='ltr'><strong>Ibid.</strong></span> <span class='ocrx_word' id='word_1_672' title='bbox 1730 3157 1887 3199; x_wconf 68' lang='grc' dir='ltr'>ἀναψύχων</span> <span class='ocrx_word' id='word_1_673' title='bbox 1904 3156 1986 3188; x_wconf 71' lang='grc' dir='ltr'>αὐτό.</span> <span class='ocrx_word' id='word_1_674' title='bbox 2001 3157 2072 3187; x_wconf 65' lang='grc' dir='ltr'>αὐτὸ</span> <span class='ocrx_word' id='word_1_675' title='bbox 2086 3158 2143 3196; x_wconf 70' lang='grc' dir='ltr'>γὰρ</span> <span class='ocrx_word' id='word_1_676' title='bbox 2160 3157 2191 3191; x_wconf 73' lang='grc' dir='ltr'>ἧν</span> 
     </span>
     <span class='ocr_line' id='line_1_90' title="bbox 1186 3206 2194 3251; baseline -0.007 -9"><span class='ocrx_word' id='word_1_677' title='bbox 1186 3216 1249 3248; x_wconf 77' lang='grc' dir='ltr'>τῆς.</span> <span class='ocrx_word' id='word_1_678' title='bbox 1263 3210 1304 3242; x_wconf 89' lang='lat' dir='ltr'>In</span> <span class='ocrx_word' id='word_1_679' title='bbox 1318 3210 1387 3243; x_wconf 80' lang='lat' dir='ltr'><strong>haec</strong></span> <span class='ocrx_word' id='word_1_680' title='bbox 1400 3207 1500 3243; x_wconf 86' lang='lat' dir='ltr'><strong>verba</strong></span> <span class='ocrx_word' id='word_1_681' title='bbox 1512 3216 1607 3242; x_wconf 85' lang='lat' dir='ltr'><strong>notat</strong></span> <span class='ocrx_word' id='word_1_682' title='bbox 1624 3208 1738 3241; x_wconf 65' lang='lat' dir='ltr'><strong>savit:</strong></span> <span class='ocrx_word' id='word_1_683' title='bbox 1754 3206 1943 3251; x_wconf 77' lang='lat' dir='ltr'><strong>Legendtmz</strong></span> <span class='ocrx_word' id='word_1_684' title='bbox 1958 3210 1991 3244; x_wconf 67' lang='grc' dir='ltr'>ἦν</span> <span class='ocrx_word' id='word_1_685' title='bbox 2002 3212 2070 3250; x_wconf 61' lang='grc' dir='ltr'>γὰρ,</span> <span class='ocrx_word' id='word_1_686' title='bbox 2089 3206 2194 3236; x_wconf 72' lang='lat' dir='ltr'><strong>deleto</strong></span> 
     </span>
     <span class='ocr_line' id='line_1_91' title="bbox 1189 3257 2196 3306; baseline -0.008 -11"><span class='ocrx_word' id='word_1_687' title='bbox 1189 3264 1261 3295; x_wconf 76' lang='grc' dir='ltr'>αὐτὸ</span> <span class='ocrx_word' id='word_1_688' title='bbox 1288 3273 1331 3294; x_wconf 77' lang='lat' dir='ltr'>ex</span> <span class='ocrx_word' id='word_1_689' title='bbox 1349 3260 1608 3306; x_wconf 77' lang='lat' dir='ltr'><strong>praecedenzibus</strong></span> <span class='ocrx_word' id='word_1_690' title='bbox 1621 3261 1756 3303; x_wconf 75' lang='lat' dir='ltr'><strong>frustra</strong></span> <span class='ocrx_word' id='word_1_691' title='bbox 1783 3260 1927 3302; x_wconf 68' lang='lat' dir='ltr'><strong>reperim,</strong></span> <span class='ocrx_word' id='word_1_692' title='bbox 1953 3265 2063 3288; x_wconf 75' lang='lat' dir='ltr'><strong>anlore</strong></span> <span class='ocrx_word' id='word_1_693' title='bbox 2088 3257 2196 3287; x_wconf 62' lang='lat' dir='ltr'><strong>libelli</strong></span> 
     </span>
     <span class='ocr_line' id='line_1_92' title="bbox 1194 3312 1693 3359; baseline -0.006 -12"><span class='ocrx_word' id='word_1_694' title='bbox 1194 3312 1424 3359; x_wconf 78' lang='lat' dir='ltr'><strong>Quaestt&#39;onum</strong></span> <span class='ocrx_word' id='word_1_695' title='bbox 1443 3316 1475 3348; x_wconf 84' lang='grc' dir='ltr'><em>ιή</em></span> <span class='ocrx_word' id='word_1_696' title='bbox 1492 3313 1693 3346; x_wconf 73' lang='lat' dir='ltr'><strong>Johannem.</strong></span> 
     </span>
    </p>
   </div>
   <div class='ocr_carea' id='block_1_11' title="bbox 1953 3422 2013 3458">
    <p class='ocr_par' dir='ltr' id='par_1_13' title="bbox 1953 3422 2013 3458">
     <span class='ocr_line' id='line_1_93' title="bbox 1953 3422 2013 3458; baseline 0 -1"><span class='ocrx_word' id='word_1_697' title='bbox 1953 3422 2013 3458; x_wconf 59' lang='grc' dir='ltr'>ΓΞ.</span> 
     </span>
    </p>
   </div>
   <div class='ocr_carea' id='block_1_12' title="bbox 2184 453 2371 644">
    <p class='ocr_par' dir='ltr' id='par_1_14' title="bbox 2184 453 2371 644">
     <span class='ocr_line' id='line_1_94' title="bbox 2237 453 2368 479; baseline -0.008 0"><span class='ocrx_word' id='word_1_698' title='bbox 2237 453 2368 479; x_wconf 61' lang='lat' dir='ltr'><strong>Christus</strong></span> 
     </span>
     <span class='ocr_line' id='line_1_95' title="bbox 2239 495 2371 529; baseline -0.008 -9"><span class='ocrx_word' id='word_1_699' title='bbox 2239 495 2371 529; x_wconf 68' lang='lat' dir='ltr'><strong>exemplo</strong></span> 
     </span>
     <span class='ocr_line' id='line_1_96' title="bbox 2184 534 2371 562; baseline 0 -2"><span class='ocrx_word' id='word_1_700' title='bbox 2184 534 2269 562; x_wconf 60' lang='lat' dir='ltr'><strong>doct-t</strong></span> <span class='ocrx_word' id='word_1_701' title='bbox 2329 534 2371 560; x_wconf 73' lang='lat' dir='ltr'>sa—</span> 
     </span>
     <span class='ocr_line' id='line_1_97' title="bbox 2185 581 2370 602; baseline -0.005 0"><span class='ocrx_word' id='word_1_702' title='bbox 2185 581 2258 602; x_wconf 77' lang='lat' dir='ltr'><strong>stum</strong></span> <span class='ocrx_word' id='word_1_703' title='bbox 2310 584 2370 601; x_wconf 72' lang='lat' dir='ltr'><strong>esse</strong></span> 
     </span>
     <span class='ocr_line' id='line_1_98' title="bbox 2186 617 2365 644; baseline -0.011 0"><span class='ocrx_word' id='word_1_704' title='bbox 2186 617 2365 644; x_wconf 73' lang='lat' dir='ltr'><strong>calcandum.</strong></span> 
     </span>
    </p>
   </div>
  </div>
 </body>
</html>
