2481 3678
681 199 725 229 IN
762 198 972 229 JOANNEM
1008 198 1167 228 uomit„

118 279 369 332 πνευματικὴν,
392 281 468 319 ἀλλ’
491 281 537 322 εἷς
570 278 632 327 τὴν
664 279 898 327 ταπεινότητα
922 282 985 326 τῆς
1013 278 1139 331 σαρκὸς

117 343 320 381 καθείλκυσε
348 341 388 379 τὸ
412 340 605 394 εἰρημένον,
634 340 692 378 καὶ
713 341 802 393 μέγα
823 341 936 393 δόγμα
963 339 1052 378 οὕτω
1081 338 1140 377 καὶ

116 403 245 455 ὑψηλὸν
265 406 326 449 τῆς
344 405 490 455 φυσικῆς
510 401 712 446 ἀκολουθίας
735 402 932 456 ἐξήρτησεν.
951 400 1019 439 Διὰ
1040 405 1141 438 τοῦτο

116 463 290 517 ληρωδίας
322 464 468 502 πλάττει
500 463 636 510 λοιπὸν,
671 463 731 501 καὶ
761 462 908 514 ἀπορίας
940 460 1139 511 καταγελά-

117 541 227 568 στους.
257 524 320 563 Διὸ
335 524 395 562 καὶ
411 527 428 561 ὁ
448 525 586 568 Παῦλος
605 523 732 576 ἔλεγεν,
748 523 801 562 ὅτι
817 522 981 574 Ψυχικὸς
1000 522 1138 573 ἅνθρω-

115 601 179 629 πος
203 587 242 623 οὐ
270 584 408 637 δέχεται
438 584 482 623 τὰ
508 590 568 623 τοῦ
596 584 811 635 Πνεύματος.
834 582 934 629 Πλὴν
962 581 1051 620 ἀλλὰ
1079 597 1139 619 και

116 649 150 686 ἐν
172 645 282 685 τούτω
301 645 363 693 τὴν
390 648 476 684 αἷοω
506 646 569 694 τὴν
599 648 634 684 ἐν
661 662 710 683 τι)
730 646 872 696 Χριστι)
893 642 1069 696 φυλαττει.
1086 644 1139 681 Οὐ

115 707 182 783 γὰρ
199 707 335 760 ἔσκωψε
363 707 403 746 τὸ
432 706 566 784 λεχθὲν,
585 708 661 745 ἀλλ’
681 704 844 744 ἀδύνατον
866 709 952 742 εἶναι
976 704 1139 755 νομίζων,

117 768 290 820 ἐσίγησεν.
320 769 390 807 Δύο
416 768 484 821 γὰρ
511 772 553 815 ἠν
582 767 626 806 τὰ
656 767 794 819 ἄπορα,
822 765 845 812 ἥ
883 782 921 804 τε
944 765 1102 840 γέννησις
1117 783 1139 813 η

116 830 259 877 τοιαύτη
275 860 286 878 ,
303 830 326 876 ἥ
350 846 388 867 τε
415 828 585 880 βασιλεία.
613 827 707 866 Οὔτε
734 827 802 880 γὰρ
830 827 1008 879 βασιλείας
1030 827 1141 878 ὄνομα

115 891 266 939 ἠκούσθη
288 891 390 945 παρὰ,
406 889 584 934 Ἰουδαίοις
599 889 702 937 ποτὲ,
721 889 798 928 οὔτε
819 889 1010 942 γεννήσεως
1024 890 1142 928 τοιαύ-

115 969 188 999 της.
209 952 314 990 Ἀλλὰ
328 951 414 995 τέως
431 950 512 1005 περὶΙ
531 951 570 989 τὸ
591 949 757 1005 πρότερον
780 950 969 999 ἵσταται,ὃ
989 950 1142 1001 μάλιστα

116 1015 221 1051 αὐτοῦ
238 1012 301 1060 τὴν
329 1012 482 1050 διάνοιαν
504 1010 697 1050 κατέσεισε.
723 1013 833 1051 Ταυτ’
857 1006 913 1048 οὖν
938 1010 1045 1049 εἷδοτε
1050 1029 1064 1056 ς
1092 1011 1141 1062 wi)

114 1076 272 1126 λογισμῷ
287 1073 331 1112 τὰ
352 1073 433 1125 περὶ
457 1075 548 1112 Θεοῦ
581 1075 751 1124 ζητῶμεν,
770 1071 858 1124 μηδὲ
878 1073 945 1111 ὑπὸ
971 1071 1033 1120 τὴν
1064 1075 1142 1111 ἀκο-

115 1135 252 1174 λουθίαν
284 1134 347 1182 τὴν
383 1136 467 1187 παρ’
501 1139 586 1186 ἡμῖν
623 1135 762 1187 ἄγωμεν
803 1134 847 1173 τὰ
883 1137 1024 1182 ἐκεῖθεν,
1055 1133 1142 1181 ιιηοὲ

1054 1169 1059 1184 Ι

118 1196 252 1249 ἀνάγκῃ
285 1196 416 1249 φύσεως
450 1196 722 1247 ὓποέάλλωμεν·
744 1198 820 1234 ἀλλ’
856 1196 1006 1239 εὖσείῶς
1027 1196 1143 1233 πάντα

1003 1257 1048 1296 ‘O
1075 1257 1143 1310 γὰρ

117 1319 318 1371 3περίεργος
348 1319 408 1357 καὶ
442 1318 706 1371 πολυπραγμων
741 1318 915 1371 ΧΕρΟαίνΞῑ
953 1334 995 1368 'LE
998 1334 1014 1355 V
1035 1319 1109 1356 ΟὖΟΞ
1113 1335 1143 1366 V,

117 1261 262 1309 νοῶμεν,
296 1257 513 1301 πιστεύοντες
545 1260 592 1301 ὡς
624 1251 718 1296 εἷπον
752 1260 787 1295 αἱ
809 1257 969 1332 Γραφαί.

118 1398 204 1434 προς
220 1380 256 1421 οὲ
270 1398 320 1433 τῳ
339 1398 380 1419 το
399 1380 604 1432 ζητούμενον
632 1380 681 1431 μὴ
699 1384 806 1433 εὑρεῖν
833 1380 893 1418 καὶ
914 1380 1012 1427 δίκην
1042 1379 1145 1418 δώσει

117 1441 179 1488 τὴν
201 1440 365 1492 ἐσχάτην.
384 1439 663 1484 ”Ηκουσαςοτι’
648 1440 848 1492 εγέννησεν·
864 1456 1046 1478 πιστευσον
1061 1440 1146 1491 όπερ

118 1503 290 1549 ἤκουσας·
311 1502 351 1539 τὸ
375 1501 410 1539 οὲ
430 1505 522 1549 πῶς,
543 1501 592 1551 μὴ
613 1501 731 1548 ζήτει·
754 1500 842 1552 μηδὲ
869 1500 926 1539 δια
946 1516 1045 1539 τουτο
1067 1504 1147 1540 ἀνέ-

118 1566 180 1616 λης
166 1580 261 1610 τςην
284 1563 456 1615 γέννησιν
479 1562 740 1614 Αγνωμοσύνης
757 1562 825 1615 γὰρ
845 1567 955 1601 ταῦτα
982 1562 1144 1615 ἐσχάτης.

119 1626 165 1662 Εἰ
185 1623 252 1677 γὰρ
269 1617 365 1667 οὗτος
380 1623 529 1667 ἀκούσας
543 1623 716 1675 γέννησιν,
735 1626 796 1662 οὐκ
811 1623 942 1670 ἐκείνην
959 1622 1021 1671 τὴν
1039 1623 1147 1675 ἀπόρ-

122 1688 238 1738 ρητον,
267 1684 356 1724 ἀλλὰ
386 1684 514 1732 ταύτην
540 1683 603 1731 τὴν
633 1684 724 1723 κατὰ
752 1685 870 1738 χάριν,
893 1683 1011 1732 ἐπειδὴ
1040 1684 1146 1736 μηδὲν

119 1747 208 1799 μέγα
233 1748 313 1801 περὶ
344 1749 451 1794 αὐτῆς
468 1745 706 1796 ὑπώπτευσεν,
726 1747 817 1786 ἀλλὰ
852 1746 1055 1801 ἀνθρώπινα
1086 1746 1147 1786 καὶ

119 1806 254 1856 γεώδη,
285 1807 342 1846 διὰ
366 1812 465 1846 τοῦτο
502 1807 678 1854 ἐσκοτώθη
699 1808 759 1846 καὶ
795 1808 992 1861 ἠπόρησεν·
1022 1811 1053 1847 οἱ
1084 1808 1147 1856 τὴν

118 1867 401 1921 φρικωοεστάτην
421 1867 553 1915 ἐκείνην
572 1884 632 1906 και
650 1868 766 1907 πάντα
782 1869 1062 1922 ὑπερέαίνουσαν
1088 1869 1148 1908 καὶ

121 1927 220 1980 λόγον
239 1929 298 1966 καὶ
314 1932 390 1967 νοῦν
412 1929 718 2004 περιεργαζόμενοι
734 1929 795 1968 καὶ
815 1933 883 1969 πολ
876 1947 977 1984 υπρα
980 1935 1147 1982 γμονουν-

121 2005 194 2038 τες,
223 1990 335 2037 πόσης
356 1990 395 2028 ἂν
419 1993 484 2027 εἷεν
511 1990 600 2034 ἄξιοι
621 1990 810 2044 τιμωρίας,
833 1990 975 2030 Οὖοὲν
964 1991 1033 2045 γὰρ
1059 1991 1148 2030 ούτω

121 2057 213 2089 ποιεῖ
254 2049 494 2099 ι)σκοτόδιν,ον
526 2052 573 2094 ὡς
606 2050 820 2104 ἀνθρώπινος
853 2053 1043 2104 λογισμος,
1081 2054 1150 2091 ἀπο

121 2114 184 2158 τ’ἧς
202 2115 266 2164 γῆς
287 2112 404 2150 πάντα
421 2112 667 2165 φθεγγόμενος,
692 2112 752 2150 καὶ
770 2112 818 2164 μὴ
843 2112 1050 2165 ἀνεχόμενος
1075 2129 1148 2166 φω-

121 2172 274 2217 τίζεσθαι
304 2173 446 2211 ἄνωθεν.
468 2173 609 2221 Πολλὴν
629 2174 698 2226 γὰρ
725 2174 797 2226 ἔχει
827 2174 983 2222 τὴνῖλὺν
1000 2176 1039 2214 τὸ
1058 2179 1148 2228 γεῶ-

122 2235 176 2277 δες
195 2236 480 2288 τῶνιλογισμῶν.
499 2234 568 2273 Διὰ
591 2240 691 2274 τοῦτο
717 2239 786 2274 τῶν
813 2236 941 2274 ἄνωθεν
969 2241 1054 2289 ἡμῖν
1087 2254 1147 2276 να-

122 2295 243 2346 μάτων
263 2295 387 2349 χρεία,
402 2295 459 2334 ἵνα
477 2299 541 2344 τῆς
560 2296 653 2341 ἰλύος
677 2297 954 2349 ὑφιζανούσης,“
934 2315 1012 2338 οσον
1046 2301 1149 2338 αὐτου

122 2357 296 2409 καθαρον,
325 2373 425 2396 τουτο
464 2357 537 2395 ἄνω
575 2357 724 2412 φέρηται
752 2359 812 2397 καὶ
841 2366 913 2403 τοῖς
952 2363 1063 2400 ἐκεῖσε
1090 2362 1144 2399 δι-

121 2479 236 2531 ψυχὴν
257 2478 457 2531 εὐγνώμονα
477 2496 537 2518 και
556 2481 653 2534 ὄρθον
670 2480 921 2531 ἐπιοειξώμεθα
942 2482 1027 2533 βίον.
1043 2482 1147 2522 ’Έστι

122 2539 208 2591 γὰρ,
226 2539 369 2578 ἔστ-ικαὶ
387 2540 456 2578 ἀπὸ
470 2540 607 2593 τρόπων
630 2541 903 2594 διεφθαρμένων,
920 2545 980 2581 οὐκ
997 2543 1065 2581 ἀπὸ
1086 2560 1149 2582 πο-

122 2599 412 2653 λυπραγμοσύνης
435 2599 537 2651 μόνον
566 2600 733 2652 ἀκαίρου,
756 2605 972 2648 σκοτωθῆναι
990 2603 1052 2650 τὴν
1073 2605 1153 2643 διά-ς

123 2677 230 2699 νοιαν.
259 2661 322 2699 Διὸ
357 2661 416 2699 καὶ
442 2664 460 2699 ὃ
489 2662 629 2705 Παῦλος
658 2661 852 2714 Κορινθίοις
880 2662 1016 2713 ἔλεγεν·
1050 2665 1149 2703 Γάλα

124 2726 213 2773 ὑμᾶς
235 2722 399 2770 ἐπότισα,
414 2723 452 2760 οὒ
474 2724 613 2774 βρῶμα.
640 2722 751 2761 Οὔπω
775 2723 842 2777 γὰρ
868 2724 1056 2772 ἠδύνασθε,
1073 2727 1149 2764 ἀλλ’

124 2783 201 2823 οὐδὲ
219 2783 270 2821 ἔτι
288 2787 346 2821 νῦν
374 2783 539 2822 δύνασθε·
567 2783 616 2822 ἔτι
640 2783 709 2838 γὰρ
733 2785 894 2837 σαρκικοί
919 2789 1010 2825 ε’στε.
1032 2785 1149 2825 ΕΌπου

124 2844 192 2898 γὰρ
209 2847 243 2883 ἐν
275 2847 354 2896 ὑμῖν
376 2846 476 2891 ζῆλος
503 2844 563 2883 καὶ
592 2844 680 2898 ἕρεις
711 2845 770 2884 καὶ
804 2846 1042 2898 διχοστασίαι,
1073 2848 1150 2900 οὐχὶ

125 2905 288 2957 σαρκικοί
321 2908 419 2954 ἐστε,
440 2905 512 2943 Καὶ
544 2908 578 2944 ἐν
596 2909 640 2958 τῇ
673 2923 759 2960 προς
788 2906 973 2960 Εὸραίους
1001 2907 1058 2956 δὲ,
1090 2924 1150 2946 και

125 2968 303 3018 πολλαχου
331 2970 399 3005 τῶν
415 2970 575 3019 πονηρῶν
595 2968 778 3020 οογμάτων
795 2968 924 3015 ταύτην
946 2968 1011 3008 ἴοοι
1039 2986 1090 3013 τις
1110 2969 1149 3008 ἂν

124 3044 183 3065 τον
212 3029 351 3065 Παῦλον
379 3027 441 3074 τὴν
472 3027 585 3066 αἰτίαν
606 3032 694 3067 εἶναι
727 3029 891 3082 λεγοντα·
910 3046 973 3077 την
1000 3029 1067 3082 γὰρ
1083 3047 1150 3081 εμ-

126 3091 221 3135 παθῆ
243 3087 357 3140 ψυχὴν
377 3089 414 3127 οὗ
439 3088 602 3127 δύνασθαι
633 3106 675 3140 με
661 3089 722 3140 ’γα
738 3106 772 3128 τι
788 3096 941 3142 γενναῖον
959 3092 1055 3139 ἰδεῖν,
1076 3068 1152 3129 ἀλλ’

1192 2398 1205 2415 ‘²

122 2417 295 2470 δαγμασιν
326 2418 594 2470 ἀναῐιῑγνύηταῑ.
614 2419 754 2458 Γίνεται
776 2420 811 2459 (3:-
841 2437 962 2469 rouzo,
983 2438 1063 2460 Οταν
1087 2439 1147 2460 καῑ
1160 2398 1206 2463 114&

1206 198 1329 228 xxiv.
1369 183 1430 227 al.
1470 198 1603 229 xxm.
2108 190 2191 235 16⁷,

1219 291 1315 326 nem,
1337 291 1400 316 nec
1419 277 1595 316 intellexit
1620 292 1695 317 eam
1716 280 1937 331 spiritualem
1957 295 2049 332 esse5
2073 285 2135 322 sed
2160 285 2195 324 in

1215 339 1330 376 carnis
1347 338 1522 378 vilitatem
1538 339 1676 378 dictum
1692 342 1882 394 pertraxit,
1904 351 2111 395 tantumque
2125 355 2196 384 tam

1214 399 1366 437 sublime
1392 400 1522 451 dogma
1547 401 1594 440 ad
1618 403 1815 441 naturalem
1841 417 1960 441 rerum
1985 405 2108 443 seriem
2134 406 2196 445 de-

1213 459 1332 499 duxit.
1365 460 1448 499 Idco
1484 476 1596 514 nugas
1626 472 1659 501 ct
1689 464 1859 503 ridiculas
1891 466 2098 516 quaestiones
2119 469 2195 520 jam

1210 522 1501 562 comminiscitur.
1515 524 1653 564 Idcirco
1668 527 1801 565 Paulus
1811 527 1953 566 dicebat
1970 544 1977 565 :
1994 529 2037 566 A
2041 532 2196 570 nimalis
2216 533 2225 552 ¹

1211 584 1326 621 lzomo
1349 598 1426 622 non
1441 589 1601 638 percipit
1630 602 1677 625 ea
1705 602 1790 640 quse
1819 598 1909 627 sunt
1927 590 2103 642 Spiritus.
2125 594 2199 631 Ve-

1210 654 1407 683 rumtamen
1424 646 1481 684 hic
1497 647 1603 685 etiam
1624 650 1655 685 N
1660 648 1840 688 icodemus
1859 652 2091 689 reverentiam
2116 666 2197 705 erga

1212 706 1396 745 Christum
1415 717 1544 747 servat.
1569 710 1693 760 Neque
1713 711 1809 749 enim
1827 711 1965 750 djctum
1988 712 2117 764 irrisit,
2137 715 2199 753 sed

1211 767 1431 819 impossibile
1458 783 1530 808 esse
1552 780 1682 822 putans
1712 771 1824 810 siluit.
1849 775 1930 811 Duo
1956 788 2108 825 namque
2133 776 2199 814 du-

1211 828 1420 868 bitationem
1437 831 1565 869 afferre
1586 842 1763 884 poterant,
1782 835 1960 886 generatio
1981 836 2080 886 talis,
2099 846 2131 875 et
2144 851 2199 876 re-

1212 903 1334 941 gnum.
1360 893 1529 931 Nondum
1549 893 1642 932 enim
1663 895 1763 948 regni
1787 909 1913 934 nomen
1934 897 2032 949 apud
2055 898 2199 938 Judaeos

1211 952 1376 991 auditum
1396 954 1528 1003 fuerat,
1551 970 1663 1007 neque
1690 957 1869 1008 generatio
1887 958 2107 1010 hujusmodi.
2128 961 2200 999 Sed

1212 1013 1355 1053 interim
1374 1015 1409 1053 in
1429 1017 1540 1068 priori
1554 1018 1729 1069 consistit,
1747 1019 1848 1069 quod
1863 1020 1939 1072 ejus
1954 1030 2108 1059 mentem
2122 1037 2201 1060 ma-

1212 1076 1309 1114 xime
1328 1077 1545 1131 exagitabat.
1569 1079 1653 1117 Haec
1670 1094 1751 1117 eum
1769 1080 1941 1130 sciamus,
1957 1095 2001 1119 ne
2015 1082 2201 1123 ratiocinio

1211 1138 1336 1177 divina
1359 1149 1572 1191 scrutemur,
1589 1156 1704 1193 neque
1721 1142 1768 1180 ad
1791 1144 1989 1181 naturalem
2008 1159 2128 1182 rerum
2148 1160 2207 1184 se*-

1212 1200 1299 1238 riem
1316 1201 1377 1238 illa
1392 1202 1602 1251 referamus,
1623 1204 1680 1242 vel
1700 1204 1855 1241 naturali
1871 1205 2067 1243 necessitati
2089 1207 2200 1259 subji-

1214 1261 1367 1313 ciamus;
1390 1262 1450 1300 sed
1466 1263 1523 1315 pie
1537 1264 1655 1302 omnia
1678 1265 1888 1316 cogitemus,
1909 1266 2088 1305 credentes
2105 1269 2202 1306 Scri-

1214 1333 1326 1376 pturae
1362 1324 1477 1363 dictis.
1505 1326 1597 1363 Nam
1617 1326 1778 1364 curiosus
1808 1326 1995 1379 indagator
2031 1329 2123 1366 nihil
2147 1330 2203 1367 lu-

1168 1390 1194 1420 D
1214 1394 1348 1433 cratus,
1370 1399 1412 1422 ae
1438 1395 1671 1437 praeterquam
1692 1386 1790 1437 quod
1808 1387 1844 1425 id
1860 1388 1958 1438 quod
1981 1390 2107 1440 quaerit
2133 1405 2203 1429 non

1214 1446 1385 1495 inveniet,
1405 1456 1581 1484 extremas
1600 1447 1707 1489 etiam
1728 1447 1829 1485 dabit
1849 1463 1982 1500 peenas.
2006 1450 2119 1488 Audis
2139 1452 2204 1489 Pa-

1214 1517 1304 1545 trem
1331 1507 1493 1558 genuisse
1513 1523 1522 1544 :
1544 1507 1582 1545 id
1601 1507 1698 1558 quod
1719 1508 1850 1546 audisti
1872 1509 1994 1560 erede,
2025 1512 2204 1561 quomodo

1215 1579 1348 1619 autem,
1372 1583 1415 1607 ne
1434 1583 1592 1620 quaeras,
1618 1583 1732 1620 neque
1758 1568 1837 1608 ideo
1856 1572 2117 1622 generationem
2141 1574 2204 1611 ab-

1216 1644 1319 1682 neges
1340 1646 1347 1667 :
1361 1631 1431 1668 hoc
1446 1627 1540 1668 enim
1559 1640 1725 1668 extremae
1744 1630 1982 1683 improbitatis
1995 1643 2097 1672 esset.
2114 1636 2206 1673 Nam

1217 1693 1247 1730 si
1266 1691 1481 1730 Nicodemus
1505 1691 1626 1730 audita
1649 1692 1885 1743 generatione,
1906 1707 1975 1731 non
1996 1694 2056 1731 illa
2083 1695 2206 1733 ineffa-

1216 1753 1296 1802 bili,
1313 1753 1372 1791 sed
1394 1753 1462 1791 hac
1478 1753 1700 1805 generatione
1719 1752 1911 1791 seeundum
1927 1754 2101 1805 gratiam3
2124 1756 2210 1806 quia

1218 1815 1310 1853 nihil
1335 1828 1506 1866 magnum
1522 1815 1566 1852 de
1584 1814 1647 1852 illa
1675 1814 1860 1866 cogitavit,
1883 1815 1944 1853 sed
1960 1816 2115 1853 humana
2130 1825 2205 1854 tan-

1219 1887 1297 1916 tum
1316 1886 1349 1916 et
1363 1887 1501 1916 terrena
1520 1886 1738 1915 commentus
1756 1886 1824 1926 cst,
1844 1877 1881 1915 in
1900 1877 2051 1916 dubium
2070 1887 2103 1916 et
2120 1878 2206 1916 cali-

1220 1939 1340 1991 ginem
1359 1939 1537 1991 conjectus
1562 1948 1632 1977 est:
1650 1939 1710 1989 qui
1730 1938 1953 1977 tremendam
1976 1939 2077 1977 illam
2102 1953 2206 1991 gene-

1218 2001 1408 2050 rationem,
1440 2014 1519 2052 quae
1552 2010 1586 2038 et
1613 2001 1785 2038 rationem
1815 2009 1848 2038 et
1880 2009 2032 2038 mentem
2066 2015 2208 2040 omnem

1219 2072 1424 2116 exsuperat,
1441 2063 1578 2101 curiose
1596 2072 1798 2102 scrutantur
1812 2073 1844 2101 et
1858 2064 2059 2116 explorant,
2074 2075 2207 2116 quanto

1219 2124 1395 2178 supplicio
1420 2123 1522 2175 digni
1549 2124 1707 2162 fuerint?
1729 2123 1831 2162 Nihil
1862 2124 1958 2162 enim
1978 2133 2094 2162 tantas
2115 2126 2209 2177 parit

1218 2185 1398 2235 tenebras,
1430 2194 1580 2236 quantas
1611 2185 1768 2222 humana
1801 2185 1891 2223 ratio
1905 2215 1916 2233 ‚
1956 2200 2034 2236 quae
2072 2188 2208 2224 terrena

1219 2262 1356 2300 semper
1375 2247 1546 2298 loquitur,
1564 2261 1676 2298 neque
1693 2261 1883 2300 supernam
1910 2248 2207 2286 illuminationem

1218 2311 1389 2350 admittit.
1412 2310 1544 2346 Luteas
1562 2309 1694 2361 quippe
1713 2317 1829 2348 versat
1843 2318 1876 2347 et
1897 2318 2049 2346 terrenas
2075 2309 2207 2360 cogita-

1218 2373 1341 2411 tiones.
1366 2370 1451 2409 Ideo
1479 2370 1641 2422 supernis
1667 2370 1770 2408 nobis
1799 2369 1941 2408 fluentis
1963 2378 2013 2406 est
2043 2383 2145 2421 opus,
2168 2378 2208 2407 ut

1217 2435 1293 2472 luto
1306 2433 1480 2485 deposito,
1502 2431 1677 2482 quidquid
1697 2432 1733 2469 in
1754 2440 1871 2468 mente
1892 2444 2026 2481 purum
2047 2439 2099 2467 est
2127 2444 2208 2468 sur-

1219 2508 1299 2533 sum
1314 2493 1465 2540 feratur,
1480 2501 1514 2529 et
1535 2505 1617 2528 cum
1642 2490 1777 2529 divinis
1805 2489 2036 2540 dogmatibus
2064 2490 2208 2528 commi-

1219 2564 1368 2594 sceatiu·.
1386 2551 1484 2590 Illud
1498 2565 1580 2590 vero
1596 2560 1681 2588 tunc
1698 2550 1885 2602 contingit,
1901 2565 1983 2588 cum
1999 2560 2032 2588 et
2051 2551 2208 2589 animam

1219 2616 1370 2668 probam
1387 2623 1421 2652 et
1438 2622 1569 2651 rectam
1587 2612 1698 2650 vitam
1720 2612 1943 2650 exhibemus.
1962 2613 2080 2651 Potest
2099 2613 2208 2661 enim,

1219 2685 1332 2728 potest
1353 2675 1477 2725 utique
1505 2687 1574 2711 non
1596 2687 1641 2711 ex
1658 2673 1907 2726 intempestiva
1931 2673 2037 2711 modo
2062 2674 2209 2712 curiosi-

1219 2746 1307 2787 tate,
1327 2735 1387 2775 sed
1408 2735 1515 2774 etiam
1532 2749 1578 2773 ex
1597 2748 1739 2772 morum
1763 2734 1940 2787 pravitate
1967 2748 2066 2773 mens
2090 2744 2209 2773 nostra

2264 525 2327 553 Cor.
2344 534 2361 553 2
2369 546 2375 553 .

1221 2798 1416 2837 obscurari.
1430 2797 1569 2835 Idcirco
1585 2796 1720 2834 Paulus
1738 2795 1933 2834 Corinthiis
1948 2796 2089 2835 dicebat
2103 2813 2112 2834 τ
2129 2799 2209 2836 Lac
2228 2808 2361 2839 1.C0r.3.
2379 2817 2407 2836 2.

1222 2862 1335 2897 vobis
1351 2868 1484 2911 potum
1506 2858 1608 2901 dedi,
1637 2870 1716 2894 non
1741 2871 1882 2895 escam.
1906 2858 2088 2895 Nondum
2107 2861 2210 2896 enim

1220 2922 1424 2973 poteratis;
1438 2919 1505 2957 sed
1524 2932 1570 2955 ne
1587 2931 1688 2955 nune
1707 2918 1863 2969 quidem
1878 2920 2037 2969 potestis
2056 2933 2067 2954 .-
2083 2920 2212 2957 adhuc

1223 2984 1326 3018 enim
1346 2980 1526 3018 carnales
1540 2982 1644 3017 estis.
1667 2980 1765 3017 Cum
1783 2981 1831 3016 sil
1845 2981 1947 3016 inter
1959 2992 2037 3017 vos·
2052 2980 2156 3017 zelus
2176 2987 2212 3016 et

1224 3044 1432 3087 contentio,
1465 3054 1593 3078 nonne
1623 3040 1803 3078 carnales
1836 3042 1950 3078 estis?
1981 3040 2023 3077 In
2052 3040 2213 3092 Epistola

1225 3116 1364 3155 quoque
1394 3101 1441 3140 ad
1460 3101 1628 3154 Hebraeos
1649 3110 1682 3139 et
1704 3100 1791 3139 alibi
1816 3114 1906 3152 saepe
1934 3101 2032 3153 apud
2062 3101 2214 3138 Paulum

127 3153 247 3208 ὥσπερ
268 3155 334 3194 ὑπὸ
348 3172 439 3199 τινος
451 3156 568 3207 λημης
583 3156 746 3208 θολουμέν
749 3174 804 3205 ην,
820 3157 916 3208 ἅμὸ)
918 3156 1051 3195 υωπίαν
1068 3160 1154 3196 ὑπο-
1171 3165 1200 3194 Β
1224 3164 1299 3202 haee
1313 3162 1447 3201 dicitm
1460 3177 1534 3201 esse
1549 3176 1744 3215 pravolum
1762 3161 1971 3212 dogmatum
1991 3176 2108 3199 causa.
2130 3161 2215 3198 Ani-

131 3220 243 3271 μένειν
258 3238 319 3269 την
336 3223 604 3274 χαλεπωτάτην.
620 3224 896 3277 Ἐκκαθάρωμεν
917 3228 974 3262 οὐν
994 3224 1153 3273 ἑαύτους,

176 3351 188 3365 a
213 3340 359 3381 Quidam
376 3345 549 3388 πολύεργος.

179 3393 194 3416 ¹¹
221 3393 273 3424 Ita
291 3393 392 3427 Savil.
408 3394 525 3427 Morel.
546 3399 732 3431 σκοτὸδεινον.
753 3397 814 3430 Alii
832 3404 932 3437 σκότος
949 3401 1049 3433 δεινὸν,
1070 3399 1145 3430 Boi-

1225 3237 1291 3263 ma
1308 3224 1403 3263 enim
1427 3224 1613 3263 affectibus
1636 3222 1756 3261 dedita
1781 3236 1849 3261 non
1881 3231 1995 3275 potest
2022 3221 2110 3272 quid
2139 3235 2214 3259 ma-

1211 3355 1275 3387 sius
1292 3353 1466 3399 legendum
1484 3361 1581 3396 putat
1599 3355 1788 3393 σκοτοδινιᾷ-κ.

2224 2849 2254 2879 3.
