2450 3683
262 214 288 241 Γ(
1176 209 1423 239 PRAEFATlO.

260 294 321 331 sed
341 293 377 331 id
400 293 502 345 longe
520 292 659 346 plenius
673 301 706 330 et
723 291 904 330 ardentius
925 290 1087 343 praestitit
1112 291 1148 328 iu
1175 290 1363 328 duodecim
1390 290 1462 327 illis
1486 289 1653 328 Homiliis
1683 300 1802 330 contra
1833 294 2038 341 Anomoeos,
2058 305 2146 343 quas
2162 292 2198 330 in
2219 293 2334 345 primo

262 355 377 392 Tomo
395 353 507 392 editas
525 353 643 391 habes.
664 353 738 392 Ubi
769 353 855 405 ipsis
883 352 1061 391 Anomoeis
1093 352 1300 404 plerumque
1327 351 1561 404 praescntihus
1580 361 1612 390 et
1631 352 1857 392 audientibus
1870 384 1880 403 ,
1900 363 1939 391 ut
1965 354 2040 406 ipse
2057 353 2122 404 ait,
2143 354 2214 393 imo
2236 364 2275 393 ut
2301 356 2336 393 in

260 432 402 457 arenam
421 411 541 456 contra
560 432 594 455 se
608 415 832 455 descenderet
844 414 1081 464 hortantibus,
1103 423 1142 452 ut
1161 413 1282 453 videas
1301 429 1335 466 p.
1350 414 1441 465 4402,
1455 415 1546 453 hanc
1562 415 1623 454 ille
1646 429 1804 468 pugnam
1821 430 2005 468 aggressus
2026 425 2089 467 est,
2111 417 2173 455 ubi
2194 432 2263 456 non
2280 432 2336 457 so-

260 482 335 519 lum
350 482 425 534 ejus
441 479 636 530 eloquentia
653 479 782 527 elucet,
805 475 865 515 scd
882 476 989 514 etiam
1009 475 1162 528 ἐνέργεια
1181 484 1216 513 et
1241 476 1296 515 vis
1317 486 1618 528 argumentorum.
1641 478 1696 516 Ibi
1717 478 1778 516 ille
1805 488 1878 516 tam
1895 478 2026 518 validis
2047 479 2336 532 responsionibus

262 544 328 582 tela
349 553 381 582 et
402 542 612 595 objectiones
637 540 882 578 haereticorum
909 538 1071 591 depellit,
1093 547 1132 576 ut
1150 553 1272 591 parem
1294 539 1359 579 vix
1373 539 1616 593 deprehendas
1633 540 1826 590 athletam,
1851 550 1884 578 et
1898 541 1978 592 jure
1997 541 2136 580 fatearis
2156 542 2242 580 istas
2263 541 2333 580 ad-

260 621 382 646 versus
399 607 584 644 Anomoeos
599 603 773 642 orationes
790 602 881 641 inter
901 601 1195 654 praestantissima
1212 602 1460 655 Chrysostomi
1480 617 1584 656 opera
1601 603 1882 643 annumerandas
1904 618 1986 642 esse.

1247 761 1272 812 ς
1300 764 1347 801 v:

260 896 296 930 1.
329 890 524 929 IIomilias
548 891 818 938 Chrysostomi
835 892 875 925 in
890 889 1084 925 Joannem
1098 886 1387 939 quantisecerit
1403 886 1554 924 Suidas.
1575 889 1611 924 ΕΔ.
1636 889 1739 924 Loca
1761 889 1843 938 ejus
1863 901 1888 924 a
1919 888 2093 927 Concilio
2117 889 2336 926 Chalcedo-

310 955 439 999 nensi,
463 952 713 998 Theodoreto,
736 952 958 1002 Ephraemio
975 950 1225 988 Antiocheno
1245 950 1351 1000 apud
1375 949 1580 997 Photium,
1611 958 1647 987 et
1673 950 1861 987 Facundo
1892 951 2168 987 Hermianensi
2194 950 2334 987 allata.

310 1019 345 1056 5.
380 1017 460 1055 Cur
474 1016 645 1053 mulieris
664 1014 851 1052 adulter-ce
872 1014 1073 1051 historiam
1091 1014 1377 1063 prsetermiserit
1398 1013 1710 1060 chrysostomus.

312 1154 346 1189 1.
371 1153 467 1189 Inter
485 1150 625 1202 egregia
645 1150 891 1202 Chrysostonii
911 1163 1028 1201 opera,
1044 1163 1121 1199 quae
1141 1147 1274 1186 caeteris
1293 1148 1367 1200 ejus
1389 1147 1528 1198 scriptis
1548 1147 1748 1199 praecellere
1763 1148 1996 1199 putabantur,
2015 1148 2189 1186 Homilias
2208 1149 2284 1200 ejus
2304 1149 2338 1186 in

257 1218 429 1254 Joannem
448 1223 628 1252 enumerat
645 1212 789 1261 Suidas,
808 1212 895 1249 dum
916 1212 993 1248 ait:
1013 1214 1127 1253 Οὗτος
1142 1210 1256 1247 πολλὰ
1276 1210 1475 1261 συγγράψαι
1489 1209 1674 1260 λέγεται,
1655 1210 1715 1261 αφ’
1732 1226 1780 1247 ων
1796 1214 1827 1249 οἱ
1846 1227 1925 1262 περι
1944 1211 1989 1249 Ἱε
1976 1211 2149 1264 ερι)σύνης
2161 1211 2339 1263 ὑπερὸάλ-

256 1280 354 1315 λουσι
371 1277 479 1328 λόγοι,
499 1292 548 1313 τι)
563 1291 600 1312 τε
620 1273 767 1326 ὕψεικαι
786 1288 828 1324 τῃ
849 1271 986 1323 φράσει,
1004 1286 1062 1308 και
1079 1272 1121 1321 τῆ
1142 1270 1310 1318 λειότητι,
1327 1286 1386 1308 και
1406 1286 1455 1307 τι)
1470 1270 1577 1308 κάλλε
1564 1286 1592 1307 ςι
1609 1272 1678 1307 τῶν
1698 1270 1894 1320 ὀνομάτων.
1909 1271 2056 1315 Τούτοις
2073 1271 2259 1324 ἐφάμιλλοι
2278 1271 2337 1310 καὶ

256 1342 287 1377 οἱ
307 1341 355 1382 εἰς
375 1337 451 1381 τοὺς
467 1335 645 1387 Ψαλμοὺς
663 1338 722 1373 τοῦ
742 1333 853 1372 Δαυὶδ
883 1333 993 1384 λόγοι,
1013 1332 1071 1370 καὶ
1090 1336 1112 1379 ἡ
1131 1338 1191 1372 τοῦ
1210 1331 1300 1370 κατὰ
1320 1331 1486 1380 Ἰωάννην
1517 1331 1733 1384 Εὖαγγελίου
1755 1332 1926 1383 σημασία,
1948 1332 2008 1371 καὶ
2026 1332 2069 1371 τὰ
2088 1336 2136 1377 εἰς
2157 1335 2337 1372 Ματθαῖον

256 1401 315 1440 καὶ
343 1399 487 1452 Μάρκον
516 1398 574 1437 καὶ
596 1399 736 1436 Λουκᾶν
755 1395 1017 1446 ὑπομνήματα,
1051 1394 1110 1434 καὶ
1138 1395 1183 1433 τὰ
1214 1394 1302 1441 ἑξῆς.
1326 1393 1367 1431 Id
1394 1404 1470 1432 est:
1494 1394 1571 1432 Hic
1590 1395 1714 1433 multa
1740 1397 1936 1446 scripsisse
1951 1396 2088 1448 fertur
2104 1412 2114 1432 :
2135 1399 2237 1434 inter
2254 1399 2336 1449 ejus

257 1476 372 1514 opera
385 1461 610 1513 prcecellunt
628 1460 715 1497 libri
730 1460 777 1496 de
795 1458 1031 1506 Sacerdotio,
1051 1458 1304 1505 sublimitate,
1326 1457 1493 1494 dictione
1513 1465 1549 1494 et
1565 1455 1773 1509 elegantia,
1791 1457 2224 1510 nominumquesorma.
2244 1457 2341 1495 Cum

257 1523 338 1561 illis
355 1529 579 1561 concertant
598 1521 875 1559 Commentarii
896 1521 937 1555 in
955 1518 1134 1557 Psalmos
1154 1519 1334 1565 Dmidis,
1357 1519 1647 1556 Annotationes
1668 1521 1709 1556 in
1727 1520 1764 1556 E
1770 1519 1991 1571 vangelium
2010 1519 2181 1557 Joannis
2192 1548 2204 1569 ,
2229 1519 2338 1557 Com-

260 1588 449 1624 mentaria
467 1587 558 1623 item
579 1587 620 1623 in
640 1584 886 1633 Matthoeum,
907 1584 1085 1621 ,Marcum
1105 1591 1141 1620 et
1169 1583 1314 1620 Lucam
1331 1611 1340 1630 ,
1358 1591 1422 1620 etc.
1453 1581 1506 1620 Ita
1526 1581 1671 1633 Suidas,
1698 1581 1748 1620 ita
1768 1580 1926 1619 fortassis
1946 1581 2009 1618 alii
2028 1581 2148 1619 Suidae
2170 1590 2339 1634 tempore.

258 1652 397 1690 Verum
415 1663 485 1687 non
506 1647 628 1686 eadem
645 1647 754 1686 fuisse
769 1646 910 1686 videtur
929 1655 963 1684 et
978 1655 1097 1684 nostro
1116 1654 1148 1683 et
1165 1643 1339 1698 superiori
1358 1660 1433 1685 aevo
1448 1646 1645 1683 multorum
1658 1644 1790 1697 opinio,
1811 1645 1872 1696 qui
1896 1645 1971 1682 haec
1991 1645 2251 1683 Commentaria
2271 1659 2340 1683 non

258 1713 349 1750 inter
367 1726 406 1750 ea
426 1710 672 1764 Chrysostomi
689 1724 793 1762 opera
807 1718 1004 1757 accensent,
1028 1708 1065 1746 in
1085 1708 1216 1759 quibus
1240 1707 1406 1760 expedita
1426 1717 1459 1746 et
1479 1707 1677 1760 profluente
1698 1708 1891 1746 verborum
1915 1707 2015 1760 copia
2037 1707 2161 1744 utitur.
2189 1706 2235 1745 Et
2256 1722 2339 1748 vere

258 1788 327 1813 non
347 1774 393 1812 ad
412 1774 517 1811 hasce
537 1772 720 1811 conciones
738 1771 911 1823 respicere
930 1771 1046 1823 potuit
1065 1770 1140 1822 ipse
1159 1768 1290 1808 Suidas
1307 1784 1387 1807 cum
1409 1769 1504 1807 dixit
1526 1785 1533 1806 ε
1557 1771 1709 1821 Lingua
1730 1771 1811 1821 ejus
1831 1770 1921 1808 Nili
1952 1770 2158 1820 Catadupa
2186 1770 2344 1808 dicendi

257 1838 368 1888 copia
380 1837 597 1887 superabat.
615 1834 738 1872 Nemo
757 1847 929 1886 unquam
950 1834 1067 1871 tantis
1086 1832 1313 1883 eloquentiae
1333 1839 1368 1869 et
1383 1832 1569 1868 ubertatis
1586 1830 1730 1869 divitiis
1749 1830 2051 1882 exornatusfuit
2066 1846 2074 1867 :
2092 1830 2196 1868 solus
2210 1832 2343 1883 itaque

258 1914 417 1938 aureum
437 1900 687 1951 divinumque
707 1911 848 1936 nomen
871 1899 954 1934 sine
976 1896 1064 1934 labe
1083 1896 1236 1934 sortitus
1257 1904 1324 1933 est.
1350 1895 1444 1932 Nam
1462 1895 1498 1932 in
1513 1894 1610 1932 hisce
1636 1894 1672 1932 in
1693 1895 1866 1933 ,Ioannem
1886 1893 2114 1931 concionibus
2135 1893 2240 1945 longe
2258 1894 2340 1943 alia,

259 1977 368 2013 quam
383 1962 419 2000 in
439 1961 583 2010 caeteris,
604 1974 689 1999 usus
703 1969 753 1998 est
771 1957 1001 1997 concionandi
1020 1959 1168 1995 ratione.
1184 1957 1253 1994 Hic
1266 1956 1413 1996 brevius
1432 1964 1465 1993 et
1479 1955 1634 2008 pressius
1657 1969 1712 1993 res
1726 1954 1900 2005 enuntiat,
1922 1954 2006 2005 quia
2025 1954 2079 1992 illi
2099 1955 2191 1993 alius
2214 1969 2341 2007 scopus

259 2033 345 2074 erat,
361 2034 400 2062 ut
416 2022 581 2063 videlicet
595 2022 689 2060 circa
708 2021 947 2073 Evangelium
966 2018 1126 2069 Joannis,
1144 2017 1241 2070 quod
1260 2018 1297 2056 in
1312 2032 1370 2056 ore
1386 2018 1545 2056 omnium
1561 2017 1737 2068 etiamque
1751 2016 1999 2054 haereticorum
2016 2017 2197 2054 ferebatur
2213 2047 2222 2066 ,
2239 2017 2341 2055 audi-

261 2098 352 2126 tores
372 2102 452 2126 suos
472 2087 682 2136 institueret,
702 2085 796 2124 etad
816 2083 1061 2138 propulsanda
1083 2082 1369 2122 adversariorum
1385 2083 1455 2120 tela
1476 2089 1705 2134 compararet.

314 2154 350 2189 Q.
372 2151 427 2188 Ab
445 2150 525 2188 aliis
540 2164 682 2201 quoque
703 2148 938 2201 scriptoribus
957 2161 1038 2185 cum
1056 2145 1163 2185 laude
1185 2156 1428 2184 memorantur
1444 2146 1518 2183 haec
1538 2145 1573 2183 in
1595 2143 1742 2184 Joannis
1760 2143 1997 2194 Evangelium
2018 2143 2292 2193 commentaria,
2322 2159 2341 2181 a

262 2213 421 2253 Concilio
435 2227 560 2266 nempe
579 2211 874 2261 Chalcedonensi,
894 2225 914 2248 a
934 2210 1178 2259 Theodoreto,
1199 2210 1245 2247 ab
1266 2209 1475 2262 Ephraemio
1497 2208 1717 2246 Antiocheno
1743 2205 1843 2258 apud
1866 2206 2035 2244 Photium
2047 2236 2058 2256 ,
2077 2215 2110 2244 et
2130 2221 2149 2243 a
2173 2206 2344 2245 Facundo

261 2274 507 2314 Hermianensi
526 2274 563 2311 in
580 2273 657 2311 loco
676 2286 782 2324 quem
800 2273 876 2325 jam
893 2284 998 2322 supra
1014 2269 1304 2309 memoravimus.

314 2337 516 2376 Concilium
530 2334 828 2384 Chalcedonense,
847 2334 952 2371 Tom.
970 2333 1008 2382 4,
1026 2333 1131 2370 Cone.
1147 2347 1179 2384 p.
1203 2332 1304 2371 850:
1320 2337 1379 2371 τοῦ
1398 2349 1482 2382 μακ
1497 2332 1570 2370 102.
1592 2333 1657 2383 Χρ.
1671 2332 1711 2368 ἐκ
1729 2345 1788 2368 του
1807 2329 1897 2368 κατὰ
1912 2329 2089 2377 Ιωάννην.
2106 2330 2153 2369 Γ
2144 2347 2153 2367 ι
2168 2330 2236 2383 γαρ
2255 2331 2343 2369 ἐπά-

262 2416 335 2451 γει,
356 2399 460 2438 Καιὲ
446 2399 643 2445 εσκήνωσεν
661 2399 696 2435 ἐν
716 2400 819 2447 ἡμῖν·
836 2394 1019 2447 μονονουχὶ
1036 2394 1164 2446 λέγων·
1182 2394 1269 2445 μηδε
1256 2403 1290 2432 “ν
1307 2395 1433 2432 ἄτοπον
1454 2392 1676 2445 ὑποπτεύσῃς
1694 2393 1762 2430 ἀπὸ
1777 2397 1848 2439 τοῦ,
1865 2392 2044 2443 Ἐγένετο·
2066 2394 2133 2429 οὐ
2132 2392 2191 2444 γὰρ
2212 2393 2343 2445 τροπὴν

262 2467 337 2501 εἰπε
352 2466 413 2509 τῆς
432 2461 603 2514 ἀτρέπτου
622 2459 768 2512 φύσεως,
789 2467 853 2496 etc.
870 2457 905 2496 S.
926 2459 968 2496 J.
994 2458 1262 2506 Chrysostomi
1290 2461 1331 2495 in
1350 2459 1559 2496 Joannem.
1594 2457 1698 2507 Quid
1716 2458 1818 2492 enim
1837 2457 1998 2507 adjicit?
2026 2455 2072 2493 Et
2101 2455 2277 2496 habitavit
2309 2456 2343 2494 in

263 2525 390 2562 nobis:
415 2538 461 2562 ac
474 2526 505 2561 si
523 2525 677 2569 diceret,
698 2521 811 2560 Nihil
832 2520 1043 2559 absurdum
1062 2522 1265 2572 suspiceris
1285 2535 1333 2559 ex
1352 2522 1428 2558 hac
1441 2533 1549 2568 voce,
1565 2520 1593 2557 1
1596 2528 1715 2556 actum
1734 2527 1804 2567 est;
1834 2532 1953 2568 neque
1972 2520 2074 2556 enim
2092 2520 2345 2556 mutationem

264 2587 355 2625 dicit
377 2585 630 2623 immutabilis
649 2593 809 2622 naturae.
825 2583 944 2630 Quem
957 2583 1076 2621 locum
1092 2582 1202 2620 habes
1225 2582 1382 2620 Homilia
1402 2581 1604 2627 undecima,
1622 2595 1657 2632 p.
1679 2581 1744 2629 64,
1766 2581 1811 2618 D.

316 2647 577 2696 Theodoretus,
599 2646 693 2683 Dial.
716 2648 754 2695 1,
775 2647 820 2683 Τ.
840 2648 882 2695 4,
902 2662 937 2699 p.
967 2648 1017 2685 52
1031 2677 1041 2696 ,
1067 2646 1186 2684 locum
1206 2645 1451 2698 Chrysostomi
1478 2645 1575 2682 hunc
1592 2644 1694 2682 affert
1711 2659 1718 2680 :
1738 2643 1847 2682 Ὥστε
1867 2643 1948 2681 ὅταν
1969 2642 2138 2693 ἀκούσῃς,
2155 2641 2199 2680 Ὁ
2230 2641 2343 2693 Λόγος

263 2711 348 2764 σὰρξ
367 2710 514 2762 ἐγένετο,
534 2709 581 2761 μὴ
603 2708 795 2760 Οορυὸηθῇς
818 2709 905 2758 μηδὲ
933 2709 1155 2762 καταπέσῃς·
1176 2711 1213 2747 οὗ
1235 2709 1303 2761 γὰρ
1322 2713 1343 2756 ἡ
1366 2709 1466 2747 οὐσία
1496 2707 1685 2759 μετέπεσεν
1716 2709 1764 2751 εἷς
1788 2707 1914 2757 σάρκα,
1937 2705 1996 2743 καὶ
2016 2705 2060 2743 τὰ
2087 2704 2177 2751 ἑξῆς.
2207 2707 2346 2755 Itaque

263 2789 348 2813 cum
367 2774 551 2820 audieris,
573 2770 735 2811 Verbum
752 2783 831 2807 caro
854 2770 986 2807 sactum
1005 2781 1067 2819 est,
1088 2786 1134 2808 ne
1153 2773 1315 2809 turberis
1343 2784 1466 2823 neque
1484 2770 1644 2808 decidas
1662 2784 1672 2804 :
1694 2783 1817 2819 neque
1837 2770 1942 2806 enim
1969 2768 2184 2804 substantia
2202 2767 2343 2804 decidit

265 2841 306 2873 in
328 2849 498 2875 carnem.
521 2833 626 2871 Hunc
643 2845 782 2883 quoquc
798 2830 917 2868 locum
933 2831 1042 2868 habes
1061 2832 1097 2869 in
1118 2832 1274 2871 Homilia
1296 2832 1495 2879 undecima,
1514 2846 1548 2883 p.
1569 2832 1635 2878 65,
1652 2829 1694 2867 E.

319 2896 545 2950 Ephraemius
560 2895 798 2933 Antiochenus
816 2892 913 2945 apud
931 2892 1098 2931 Photium
1121 2895 1157 2931 in
1178 2896 1411 2945 Bibliotheca,
1437 2893 1513 2933 cod.
1532 2894 1621 2942 229,
1635 2907 1673 2945 p.
1687 2891 1785 2930 805:
1801 2889 1964 2936 Ἰωάννης
1977 2889 2039 2940 μὲν
2053 2892 2070 2928 ὁ
2086 2889 2344 2941 Χρυσόστομος,

267 2963 306 3000 τὸ
325 2961 415 3000 κατὰ
433 2959 599 3005 Ἰωάννην
620 2956 851 2995 ἀναπτύσσων
872 2956 1102 3007 Εὐαγγέλιον,
1123 2959 1158 2994 ἐν
1178 2959 1343 3010 ἑνδεκάτῃ
1358 2957 1479 3010 ὁμιλίᾳ
1496 2961 1665 3008 μαρτυρεῖ
1685 2954 1795 3006 λε’γων
1810 2969 1817 2976 ·
1840 2953 1961 2991 ἑνώσει
1980 2952 2039 2991 καὶ
2064 2955 2106 3004 τῇ
2123 2951 2290 3005 συναφείᾳ
2310 2952 2344 2990 ἕν

270 3027 361 3062 ἐστιν
372 3023 487 3066 ὁΘεὸς
499 3022 609 3073 Λόγος
620 3020 678 3058 καὶ
695 3022 716 3066 ἦ
730 3018 816 3071 σάρξ
826 3035 833 3042 ·
845 3019 882 3057 Οὖ
895 3017 1096 3070 συγχύσεως
1107 3019 1306 3070 γενομένης,
1319 3021 1395 3059 οὐδὲ
1412 3023 1607 3073 ἀφανισμοῦ
1626 3020 1694 3055 τῶν
1710 3018 1849 3055 οὐσιῶν.
1863 3015 1939 3053 Hoc
1952 3023 2018 3065 cst,
2032 3015 2208 3053 Joannes
2222 3015 2346 3063 Chry-

268 3095 454 3125 sostomus
472 3083 734 3135 Evangelium
752 3084 921 3121 ,Ioannis
943 3081 1142 3133 explicans
1160 3085 1200 3119 in
1218 3084 1421 3122 undecima
1439 3083 1616 3121 Homilia
1634 3081 1861 3132 testificatur
1879 3080 2011 3116 dicens
2030 3093 2040 3113 :
2056 3076 2202 3115 Unitate
2215 3085 2249 3114 et
2268 3091 2348 3115 con-

261 3147 446 3199 junctione
462 3148 558 3184 Deus
576 3145 739 3184 Verbum
754 3153 787 3181 et
809 3157 889 3181 caro
911 3156 1023 3181 unum
1044 3152 1124 3181 sunt
1146 3143 1221 3180 sine
1236 3144 1307 3180 ulla
1327 3145 1530 3183 confusione
1546 3143 1602 3183 vel
1618 3141 1898 3180 substantiarum
1915 3138 2123 3177 sublatione.
2142 3137 2245 3174 Hunc
2264 3152 2346 3176 vcro

268 3210 385 3247 locum
397 3210 521 3259 habes,
543 3223 576 3261 p.
594 3209 658 3258 64,
683 3207 728 3253 Ε,
750 3216 782 3244 ct
801 3207 864 3256 65,
879 3208 919 3243 Α.
943 3205 1009 3244 llic
1029 3206 1135 3244 etiam
1154 3206 1252 3245 vides
1270 3216 1360 3244 recte
1376 3206 1625 3260 Ephraemiurn
1648 3205 1738 3242 hanc
1766 3202 1953 3242 homiliam
1980 3200 2205 3239 undecimam
2225 3213 2347 3238 nume-

269 3286 357 3321 rare,
375 3281 413 3308 ut
432 3272 466 3309 in
480 3269 749 3322 Manuscriptis,
768 3279 800 3307 et
819 3269 914 3321 apud
936 3269 1112 3308 Savilium
1129 3279 1231 3319 atque
1254 3270 1287 3307 in
1305 3280 1422 3308 nostra
1444 3270 1610 3309 Editionc
1633 3277 1848 3306 numeratur.
1870 3268 1911 3304 In
1932 3264 2145 3303 Morelliana
2175 3271 2291 3301 autem
2312 3273 2345 3301 et

268 3335 348 3372 aliis
363 3333 591 3372 Editionibus
608 3333 744 3371 decima
763 3333 885 3371 fertur.

320 3400 356 3435 5.
381 3399 459 3436 Jam
481 3412 560 3436 vero
581 3406 770 3447 quaeratur,
786 3411 848 3434 cur
877 3397 1028 3437 Joannes
1057 3395 1332 3447 Chrysoslomus
1353 3397 1386 3435 in
1406 3397 1502 3436 hisce
1532 3393 1791 3435 commentariis
1819 3407 1879 3432 seu
1907 3392 2135 3432 concionibus
2160 3390 2345 3431 historiam
