2481 3678
97 372 181 404 [Ἀκί.
212 385 277 404 tti2.

95 422 122 448 ci,
146 425 216 455 (⁸17.

94 565 169 591 [hul.
182 562 231 602 ΖῙΙ
249 562 275 593 8.

84 3068 184 3096 Marc.
199 3077 227 3096 2.
237 3076 268 3106 9.

83 3136 160 3164 Iltitl.
179 3148 267 3168 v.10.

84 3183 111 3204 (Ι.
130 3186 174 3206 11.

294 234 354 275 (Η
723 229 760 257 5.
798 226 985 257 ioxxxis

295 310 406 361 gratia
439 318 471 347 ct
499 309 740 346 misericordia
772 308 960 361 prodierit,
985 306 1067 345 audi
1100 305 1274 344 Dax‘idem

294 370 466 408 dicentem
490 386 496 406 :
518 371 684 408 Faciens
708 369 987 408 misericordias
1009 369 1214 412 Dominus,
1242 374 1275 402 et

291 432 479 482 judicium
498 434 673 469 omnibus
690 433 871 483 injuriam
886 432 1138 480 patientibus.
1157 430 1277 465 Notas

283 493 386 544 fecit
409 494 496 530 vias
516 506 606 530 suas
638 494 780 539 Moysi,
799 491 895 541 filiis
912 491 1037 528 Israie'l
1054 490 1281 531 voluntates

294 567 398 591 suas.
425 553 464 590 Et
496 553 650 590 iterum:
675 553 811 590 Dulcis
843 560 879 590 et
915 560 1038 589 reclus
1072 552 1276 592 Dominus;

290 623 444 666 propter
461 616 532 651 hoc
544 615 663 662 legrem
681 614 788 651 dabit
804 614 1116 662 delinquentibus
1134 613 1175 648 in
1192 612 1273 647 via.

346 677 382 712 5.
408 674 662 712 Misericordiae
683 674 791 725 igitur
811 682 842 710 ct
866 672 1130 710 miserationum
1151 680 1184 708 ct
1199 685 1277 721 gra-

295 739 349 774 ua·
379 752 467 788 opus
487 735 577 773 illud
603 745 667 784 cst,
690 736 801 786 legem
828 734 999 786 accipere.
1024 732 1107 771 Ideo
1125 747 1205 770 cum
1222 732 1279 769 di-

292 799 414 843 xisset,
440 799 616 835 Gratiam
625 810 694 848 pro
713 799 855 848 gratia,
877 794 1122 834 vehementius
1142 794 1279 845 magni-

294 859 407 896 tudini
435 858 611 897 donorum
630 857 792 896 insistens
810 855 1012 908 subjungit:
1035 856 1097 892 17.
1119 855 1200 891 Lex
1212 867 1281 905 per

297 922 472 968 moysem
494 921 589 958 dala
613 928 682 966 est,
698 921 824 971 gratia
844 928 878 956 et
897 921 1041 957 veritas
1056 930 1124 968 per
1142 917 1279 954 Jesum

295 983 616 1034 Cleristmnsacta
633 991 700 1020 est.
715 980 847 1020 Videte
860 994 966 1031 quam
981 977 1122 1031 placide
1135 990 1175 1014 ae
1190 990 1278 1027 pau-

293 1043 391 1080 latim
414 1057 484 1080 uno
499 1043 609 1081 verbo
629 1053 662 1081 et
680 1045 831 1084 {loannes
852 1041 1009 1094 Baptista
1025 1049 1058 1078 et
1077 1037 1278 1089 discipulus

292 1103 334 1141 ad
350 1118 551 1156 supremam
565 1104 744 1143 auditores
755 1102 990 1155 cognitionem
1007 1100 1172 1148 evehant,
1182 1106 1277 1149 post-

293 1179 463 1214 quameos
475 1165 509 1202 in
523 1164 775 1203 humilioribus
789 1160 1116 1201 exercitarunffllle
1126 1171 1278 1208 namque

290 1235 603 1278 postquamsecum
615 1226 810 1264 contulerat
822 1237 916 1270 eum,
935 1221 997 1272 qui
1012 1221 1086 1259 sine
1096 1233 1278 1270 eompara-

293 1289 384 1325 tione
408 1301 527 1324 omncs
546 1286 698 1336 excedit,
720 1285 770 1322 sic
789 1285 863 1336 ejus
890 1291 1010 1335 postea
1029 1279 1277 1318 excellentiam

289 1349 442 1388 ostendit
472 1348 593 1386 dicens
623 1364 630 1384 :
662 1348 735 1398 Qui
763 1355 854 1384 ante
882 1358 941 1382 me
959 1343 1099 1396 factus
1118 1348 1190 1386 est;
1210 1339 1273 1377 de—

291 1411 370 1449 inde
380 1410 534 1449 subdens
548 1408 652 1454 illud,
666 1409 781 1446 Prior
795 1419 854 1444 me
867 1412 973 1442 etat:
967 1402 1046 1441 ·hic
1064 1401 1276 1441 velomulto

290 1473 403 1523 majus
424 1471 603 1525 praestitit,
626 1470 743 1508 minus
761 1478 877 1506 tamen
897 1480 1003 1517 quam
1017 1462 1203 1515 Unigeniti
1221 1461 1276 1500 di-

288 1535 403 1586 guitas
434 1533 641 1586 postularet
663 1532 743 1569 Non
770 1529 863 1567 enim
891 1526 1034 1577 Joanni,
1055 1524 1116 1563 sed
1143 1524 1189 1574 ei,
1211 1523 1273 1574 qui

290 1596 414 1647 majori
434 1609 542 1645 quam
559 1595 710 1632 Joannes
747 1590 843 1643 apud
866 1588 1008 1629 Judaeos
1027 1596 1102 1624 erat
1119 1585 1236 1623 admu
1238 1599 1275 1622 Ἰ-

289 1657 374 1694 tioni
379 1655 521 1708 ,Moysi
543 1668 683 1706 nempe,
705 1652 822 1705 ipsum
842 1657 1024 1701 compaiat
1042 1647 1176 1696 dicens,
1195 1647 1275 1683 Lea

286 1731 355 1767 per
368 1719 546 1765 Moysem
561 1716 655 1753 data
681 1723 750 1761 est,
763 1715 891 1765 gratia
908 1718 943 1748 et·
960 1711 1107 1748 veritas
1122 1720 1190 1758 per
1205 1708 1235 1744 J
1235 1720 1271 1743 e-

287 1793 369 1816 snm
408 1779 600 1816 Christum
614 1776 734 1829 facta
758 1782 824 1812 est.
840 1772 888 1810 Et
920 1769 1003 1810 vide
1025 1767 1267 1822 prudentiam.

287 1841 365 1878 Non
386 1852 631 1891 personarum,
652 1836 714 1874 sed
731 1848 851 1873 rerum
869 1830 1155 1882 disquisitionem
1170 1829 1266 1867 facit.

284 1903 375 1938 Nam
402 1915 484 1938 cum
510 1914 563 1937 res
592 1899 677 1951 ipsae
699 1898 803 1948 longe
820 1895 969 1947 majores
988 1892 1270 1930 demonstraren-

288 1972 357 2011 tur,
380 1960 573 2000 necessario
599 1959 729 2011 ingrati
761 1958 815 1995 illi
836 1955 1044 1995 sententiam
1071 1961 1105 1990 et
1132 1951 1269 2004 opinio-

287 2038 364 2061 nem
396 2022 440 2061 de
469 2022 610 2060 Clnisto
638 2021 800 2073 exeipeie
827 2017 1015 2056 debebant.
1049 2015 1142 2052 Cum
1177 2013 1271 2051 enim

286 2100 390 2137 opera
414 2085 505 2144 ipsa,
528 2097 606 2134 quae
632 2082 769 2120 nullam
795 2079 950 2118 habeant
975 2076 1033 2117 xcl
1061 2075 1183 2143 gratiae
1215 2077 1271 2114 iel

286 2147 359 2184 odii
378 2145 628 2197 suspicionem,
647 2142 897 2188 testificantur,
917 2152 974 2176 eei
978 2147 1052 2176 tum
1075 2136 1181 2174 etiam
1201 2137 1270 2174 im-

286 2206 503 2260 pudentibus
530 2205 689 2257 praebent
720 2201 908 2240 indicium.
942 2200 1032 2236 Nam
1063 2198 1179 2248 qualia
1208 2197 1270 2235 ἱΙΙἸ

285 2278 443 2307 auctoies
457 2266 656 2313 edicto-‚unt
664 2264 748 2302 talia
763 2271 903 2300 manent
916 2270 949 2298 ct
965 2259 1155 2311 conspicui
1171 2267 1268 2296 sunt:

285 2330 516 2381 quamobrem
543 2327 639 2365 omni
665 2324 864 2377 suspicione
882 2332 914 2360 et
932 2320 1138 2373 exceptione
1157 2321 1270 2372 majus

284 2402 333 2430 cst
344 2392 488 2429 illorum
499 2387 755 2427 testimonium.
767 2383 1019 2422 Animadverte
1034 2390 1152 2418 autem
1164 2395 1270 2431 quam

286 2451 479 2490 modestam
494 2449 600 2487 saciat
616 2445 915 2499 comparationem
933 2442 1038 2480 etiam
1053 2441 1149 2493 apud
1169 2441 1271 2479 infir-

285 2513 426 2550 miores.
449 2511 529 2549 Non
548 2509 641 2547 enim
672 2504 916 2545 excellentiam
942 2504 1041 2541 illam
1063 2502 1184 2540 verbis
1209 2516 1269 2540 ex-

287 2573 396 2623 tollit,
417 2572 478 2609 scd
496 2570 603 2608 nudis
622 2568 827 2607 nominibus
842 2564 1081 2603 differentiam
1101 2562 1268 2613 ostendit,

283 2635 372 2672 ‹lum
399 2632 550 2685 gratiam
577 2640 610 2668 et
639 2630 839 2677 veritatem,
857 2626 945 2679 legi,
965 2634 999 2663 et
1014 2625 1107 2662 hanc
1124 2637 1264 2674 vocem,

286 2698 413 2733 Facta
437 2703 507 2741 est,
523 2692 620 2740 huic,
630 2693 733 2728 Data
754 2699 822 2738 est,
840 2687 1001 2741 opponit.
1021 2686 1181 2724 Multum
1205 2699 1269 2722 au-

286 2766 356 2795 tem
384 2765 436 2794 est
467 2754 559 2792 inter
587 2761 774 2800 utramque
798 2749 1002 2787 discrimen.
1034 2747 1128 2785 Nam
1157 2745 1265 2796 illud,

285 2821 394 2857 Data
415 2825 484 2866 est,
503 2812 657 2852 ministri
675 2821 762 2861 erat,
782 2811 840 2861 qui
857 2811 902 2848 ab
916 2810 985 2847 alio
1001 2817 1185 2861 acceptum
1206 2808 1268 2847 cle-

283 2873 338 2918 ‹Iit
364 2878 494 2930 quibus
521 2877 640 2928 jussus
664 2882 757 2921 erat,
780 2871 870 2909 illud
904 2885 1007 2920 vero,
1039 2873 1163 2908 Facta
1194 2878 1265 2917 est,

284 2941 397 2993 gratia
416 2949 450 2978 et
463 2938 609 2985 veritas,
625 2934 731 2985 Regis
750 2941 801 2970 est
819 2931 880 2982 qui
896 2945 977 2968 cum
989 2939 1159 2983 potestate
1185 2944 1269 2983 pcc-

284 3012 359 3040 cata
385 3001 504 3039 omnia
524 2996 687 3045 dimittit,
708 3004 741 3033 et
774 2993 908 3031 donum
936 3001 1113 3043 praeparat
1143 3005 1261 3029 suum.

284 3063 524 3111 Quamobrem
550 3059 705 3107 dicebat,
729 3056 986 3093 Dimittuntur
1003 3055 1070 3090 tibi
1087 3063 1264 3103 peccata,-

283 3136 317 3164 et
336 3138 494 3169 ruisum,
527 3124 576 3161 Ue
605 3128 731 3158 autem
757 3118 890 3155 sciatis
920 3115 1012 3166 quia
1039 3124 1264 3164 potestatem

284 3188 398 3224 habet
418 3185 545 3222 Filius
565 3182 729 3219 hominis
753 3181 794 3215 in
816 3186 918 3214 terra
937 3176 1156 3213 dimittendi
1173 3190 1263 3225 pec-

283 3257 383 3294 cata,
415 3247 470 3283 ait
495 3242 718 3296 paralytico
747 3256 760 3277 .-

322 3361 337 3376 *
363 3359 373 3399 Ῐ
390 3364 564 3403 σαφέστερον
583 3353 761 3388 Codd.c'1t.
782 3359 814 3384 et
832 3363 861 3386 v.
880 3350 901 3384 1.
919 3362 970 3392 ap.
988 3348 1104 3390 savit]

321 3420 329 3431 ‘¹
355 3410 414 3442 Alii
431 3414 613 3453 ἀσύγνριτον.

1022 225 1268 255 ΟΙΙΙΙΥΒΟΒΤ.
1309 223 1517 254 ARCmEP.

1302 670 1326 700 D

1301 1346 1322 1376 E

1291 1675 1321 1699 82

1296 1712 1321 1741 A

1555 225 1725 256 CONSTA
1735 228 1806 256 NT}
1816 228 1921 258 Nor.

1352 322 1440 357 ριτος
1462 301 1503 352 ἦν
1529 307 1587 344 καὶ
1611 308 1881 356 ἐλέου,ἀ’κουσον
1906 310 1938 346 τί
1959 325 2043 361 φησι
2065 312 2082 347 ὃ
2102 310 2228 348 Δαυίδ·
2251 313 2367 349 Ποιῶν

1349 366 1580 416 ἐλεημοσύνας
1606 370 1623 405 ὃ
1642 368 1766 421 Κύριος
1781 399 1790 416 ,
1813 369 1871 407 καὶ
1898 369 2009 423 κρίμα
2028 376 2115 409 πᾶσι
2137 377 2207 414 τοῖς
2227 372 2370 409 ἀδικου-

1351 425 1476 475 μένοις.
1503 426 1694 481 Ἐγνώρισε
1717 429 1779 473 τὰς
1798 429 1893 474 ὁδοὺς
1916 432 2018 469 αὐτοῦ
2039 433 2089 482 τῷ
2116 432 2277 479 Μωϋσεῖ,
2304 439 2374 476 τοῖς

1350 489 1434 531 υἱοῖς
1448 487 1595 540 Ἰσραὴλ
1612 489 1656 528 τὰ
1678 490 1858 541 θελήματα
1891 493 2004 530 αὐτοῦ.
2025 492 2096 530 Καὶ
2123 491 2228 529 πάλιν
2241 507 2249 514 ·
2270 493 2372 545 Χρη-

1349 548 1425 592 στὸς
1449 549 1508 587 καὶ
1534 549 1634 597 εὖθὴς
1661 553 1678 588 ὁ
1697 551 1839 603 Κύριος·
1871 552 1928 590 διὰ
1962 557 2061 591 τοῦτο
2092 552 2318 602 νομοθετήσει
2338 553 2372 590 ἓν

1348 610 1416 661 ὁδῷ
1438 609 1714 663 ἁμαρτάνοντας.

1402 671 1664 745 Ἐλεημοσύνης
1690 667 1748 710 οῧν
1768 672 1835 724 ἄρα
1855 673 1913 711 καὶ
1940 675 2130 749 οἰκτιρμῶν
2150 674 2208 712 καὶ
2228 674 2371 726 γάριτος

1348 731 1387 770 τὸ
1409 732 1465 770 τὸν
1478 732 1582 784 νόμον
1598 733 1731 771 λαὸεἷν.
1745 734 1812 772 Διὰ
1831 750 1932 773 τουτο
1948 734 2068 782 εἷπων,
2085 734 2196 786 Χάριν
2214 720 2290 773 ἀντὶ
2309 736 2374 787 χά-

1351 810 1453 845 ριτος,
1470 795 1541 833 ἔτι*
1558 796 1795 848 θερμότερον
1781 797 2077 848 επαγωνιζόμενος
2091 799 2140 834 τῶ
2154 812 2195 847 υ.σ
2182 796 2291 847 γε’θει
2304 798 2373 834 τῶν

1348 855 1552 905 δεδομένων,
1586 857 1708 907 ἐπάγει
1738 857 1869 908 λέγων·
1899 857 1944 896 ‘O
1973 858 2039 895 νόυ
2043 873 2076 901 ος
2101 857 2158 895 διὰ
2195 857 2373 900 Μωϋσέως

1347 917 1470 963 ἐδόθη,
1504 921 1525 963 ἡ
1559 917 1660 970 χάρις
1693 918 1751 956 καὶ
1779 921 1800 964 ἡ
1829 918 1974 964 ἀλήθεια
2000 919 2056 957 διὰ
2082 920 2197 964 Ἰησοῦ
2218 920 2370 970 Χριστοῦ

1347 976 1494 1028 ἐγένετο.
1519 977 1637 1016 Εἴδετε
1655 981 1730 1022 πῶς
1752 978 1868 1031 ἠρέμα
1888 979 1946 1018 καὶ
1966 979 2057 1017 κατὰ
2078 979 2200 1031 μικρὸν
2226 978 2275 1016 ἑνὶ
2306 978 2370 1029 ῥή-
2422 966 2424 969 v

1349 1051 1452 1085 ματι,
1482 1038 1501 1075 δ’
1526 1054 1562 1075 τε
1586 1039 1780 1089 βαπτιστὴς
1799 1040 1985 1088 Ἰωάννης,
2005 1039 2026 1078 δ’
2043 1056 2080 1078 τε
2102 1039 2260 1090 μαθητὴς
2286 1037 2370 1090 πρὸς

1347 1097 1409 1144 τὴν
1426 1099 1649 1150 ὑψηλοτάτην
1664 1099 1743 1143 τοὺς
1758 1100 1930 1152 ἀκροατὰς
1950 1101 2111 1153 ἓνάγουσι
2129 1102 2268 1151 γνῶσιν,
2285 1099 2370 1151 πρό-

1345 1172 1443 1208 τερον
1456 1164 1526 1201 τοῖς
1541 1159 1796 1211 ταπεινοτέροις
1811 1161 2088 1212 ε’γγυμνάσαντες
2103 1176 2112 1207 3
2135 1159 2290 1201 Ἐκεῖνος
2306 1158 2368 1208 μὲν

1344 1216 1410 1268 γὰρ
1425 1218 1510 1268 πρὸς
1526 1219 1646 1256 ἑαυτὸν
1667 1220 1853 1272 συγκρίνας
1869 1221 1927 1258 τὸν
1947 1225 1960 1240 ⁰
1971 1219 2188 1272 ἀσυγκρίτως
2205 1218 2367 1256 ἁπάντων

1343 1277 1583 1330 ὑπερέχοντα,
1604 1279 1711 1323 οὕτως
1743 1282 1847 1318 αὐτοῦ
1880 1280 1968 1331 μετὰ
1988 1296 2100 1318 ταυτα
2133 1280 2283 1317 δείκνυσι
2302 1279 2366 1325 τὴν

1345 1339 1477 1391 ὑπεροχ
1479 1338 1520 1385 ὴν
1533 1339 1676 1391 λέγωνῇ
1678 1343 1728 1384 Oq
1741 1340 1934 1393 ἔμπροσθέν
1949 1357 2013 1392 μου
2028 1340 2188 1392 γέγονεν·
2203 1343 2278 1377 εἶτα
2287 1340 2370 1376 ἐπά·

1343 1413 1414 1449 γων
1435 1400 1485 1447 τὸ,
1506 1401 1676 1453 Πρῶτός
1671 1417 1735 1439 μου
1750 1406 1810 1449 ἠν·
1838 1405 1936 1445 οὗτος
1961 1402 1996 1440 δὲ
2024 1401 2152 1440 ἐκείνου
2168 1417 2229 1452 μεν
2246 1401 2366 1437 πολλῶ

1344 1462 1459 1509 μεῖζον
1473 1461 1630 1510 εποίησε,
1645 1465 1708 1508 τῆς
1725 1463 1760 1501 δὲ
1779 1463 1877 1508 ἀξίας
1889 1467 1952 1510 τῆς
1966 1479 2026 1501 του
2043 1465 2255 1513 Μονογενους
2268 1460 2365 1498 ἔλατ-

1341 1536 1410 1560 τον.
1432 1524 1485 1561 Οὐ
1504 1524 1571 1575 γὰρ
1599 1524 1685 1576 πρὸς
1706 1524 1884 1571 Ἰωάννην,
1914 1524 2005 1563 ἀλλὰ
2034 1524 2121 1576 πρὸς
2152 1524 2208 1561 τὸν
2227 1522 2359 1560 ἐκείνου

1343 1585 1475 1633 μᾶλλον
1505 1586 1763 1636 θαυμαζόμενον
1790 1586 1887 1638 παρὰ
1906 1585 2086 1629 Ἰουδαίοις
2115 1589 2266 1622 ποιεῖται
2299 1583 2363 1630 τὴν

1343 1644 1538 1697 σύγκρισιν,
1561 1647 1618 1685 τὸν
1645 1647 1800 1686 Μωϋσεά
1818 1647 1922 1699 λέγω·
1943 1647 1988 1686 Ο
2015 1647 2118 1698 νόυος
2136 1646 2222 1697 γὰρ,
2254 1645 2361 1696 φησὶ,

1343 1705 1398 1743 διὰ
1421 1707 1599 1751 Μωϋσέως
1619 1708 1718 1755 ἐδόθη
1732 1736 1741 1754 ,
1771 1712 1793 1754 ἦ
1810 1708 1911 1761 χάρις
1939 1724 1998 1746 και
2013 1711 2035 1754 ἡ
2054 1707 2197 1753 ἀληθειοι
2216 1705 2271 1744 διὰ
2286 1705 2363 1753 Ἰη-

1340 1782 1400 1805 σου
1422 1769 1574 1820 Χριστοῦ
1604 1769 1752 1821 ἐγένετο.
1776 1769 1847 1808 Καὶ
1878 1769 1939 1808 θέα
1968 1769 2029 1817 τὴν
2061 1768 2280 1806 σύνεσιν.οὖ
2301 1770 2361 1804 του

1337 1829 1525 1880 προσώπου
1549 1837 1700 1869 ποιεῖται
1720 1831 1783 1878 τὴν
1799 1830 1968 1877 ἐξέτασιν,
1988 1829 2080 1868 ἀλλὰ
2099 1831 2164 1866 τῶν
2191 1828 2361 1879 πραγμά-

1335 1905 1415 1928 των.
1427 1890 1571 1928 Τούτων
1579 1892 1646 1943 γὰρ
1659 1892 1935 1943 ἀποδειχθέντων
1952 1891 2071 1942 πολλῷ
2089 1889 2124 1908 **
2134 1888 2311 1938 μειζόνων,
2326 1888 2362 1932 ἐξ

1337 1951 1494 2003 ἀνάγκης
1511 1952 1571 1990 καὶ
1598 1952 1676 1996 τοὺς
1698 1953 1902 2004 ἀγνώμονας
1931 1952 2021 1996 εἰκὸς
2041 1946 2082 1999 ἦν
2098 1948 2360 2002 παραδέξασθαι

1337 2012 1400 2060 τὴν
1415 2015 1530 2066 ψῆφον
1547 2014 1605 2052 καὶ
1622 2014 1685 2060 τὴν
1704 2014 1867 2052 ὑπόνοιαν
1884 2014 1967 2066 περὶ
1986 2017 2045 2051 τοῦ
2063 2013 2227 2063 Χριστοῦ.
2246 2010 2360 2049 ”Οταν

1336 2073 1402 2126 γὰρ
1433 2073 1477 2112 τὰ
1505 2074 1698 2127 πράγματα
1724 2078 1883 2128 μαρτυρῇ
1900 2107 1909 2123 ,
1931 2074 1976 2114 τὰ
2006 2072 2175 2126 μηδεμίαν
2206 2072 2360 2124 ῧέχοντα

1337 2135 1488 2188 ὑποψίαν
1505 2139 1551 2180 ὡς
1569 2136 1655 2189 πρὸς
1678 2137 1781 2189 χάριν
1799 2137 1911 2184 τινὸς,
1930 2136 1952 2183 ἢ
1974 2134 2030 2174 καὶ
2056 2134 2140 2187 πρὸς
2172 2133 2361 2185 ἀπέχθειαν

1335 2200 1436 2234 τοῦτο
1461 2200 1628 2235 ποιοῦντα
1642 2226 1653 2245 ,
1674 2197 1985 2250 ἀναμφισὸήτητον
2007 2195 2065 2233 καὶ
2084 2200 2154 2238 τοῖς
2182 2194 2361 2246 ἀγνώμοσι

1334 2254 1397 2301 τὴν
1417 2257 1531 2307 ψῆφον
1551 2256 1776 2308 παρίστησιν.
1797 2252 1868 2295 Οἷα
1886 2256 1953 2308 γὰρ
1973 2254 2012 2292 ἂν
2032 2254 2120 2292 αὐτὰ
2147 2255 2310 2292 διαθῶσιν
2330 2256 2360 2292 οἱ

1334 2315 1563 2363 ποιήσαντες,
1584 2320 1729 2355 τοιαῦτα
1757 2317 1851 2368 μένει
1880 2317 2090 2369 φαινόμενα·
2122 2315 2173 2353 διὸ
2207 2315 2360 2365 μάλιστα

1334 2377 1473 2415 πάντων
1499 2377 1696 2421 ἀνύποπτος
1728 2381 1749 2424 ἡ
1781 2378 1878 2430 παρὰ
1908 2377 2037 2415 τούτων
2070 2377 2145 2414 ἐστὶ
2168 2375 2356 2428 μαρτυρία.

1291 2443 1314 2473 Β
1334 2437 1431 2490 ἰὈρα
1460 2437 1496 2476 δὲ
1523 2438 1582 2476 καὶ
1603 2441 1677 2482 πῶς
1696 2441 1877 2490 ἀνεπαχθῆ
1898 2443 2049 2475 ποιεῖται
2075 2436 2137 2483 τὴν
2168 2437 2358 2488 παράθεσιν

1335 2498 1395 2536 καὶ
1414 2499 1510 2551 παρὰ
1529 2505 1599 2543 τοῖς
1630 2499 1898 2551 ἀσθενεστέροις.
1928 2499 1980 2535 Οὐ
2010 2497 2076 2549 γὰρ
2107 2497 2358 2541 κατασκευάζει

1334 2563 1383 2612 τῷ
1403 2560 1496 2613 λόγῳ
1515 2560 1577 2608 τὴν
1598 2561 1788 2614 ὑπεροχὴν,
1809 2562 1884 2598 ἀλλ’
1915 2559 1983 2597 ἀπὸ
2003 2561 2072 2596 τῶν
2093 2558 2271 2608 ὀνομάτων
2293 2575 2357 2609 γυ-

1335 2625 1428 2674 μνῶν
1448 2623 1510 2671 τὴν
1529 2624 1693 2677 διαφορὰν
1708 2622 1978 2676 παραδείκνυσι,
1995 2621 2096 2673 χάριν
2115 2621 2174 2659 καὶ
2193 2621 2356 2668 ἀλήθειαν

1334 2685 1482 2729 ἀντιθεὶς
1500 2685 1617 2738 νόμω,
1637 2685 1696 2724 καὶ
1721 2685 1782 2732 τὸ,
1803 2683 1885 2734 Γγέ
1887 2698 1963 2721 νετο
1975 2698 2073 2734 ,τω,
2094 2681 2234 2728 Ἐδόθη.
2258 2682 2356 2721 Πολὺ

1334 2746 1369 2784 δε
1389 2746 1428 2784 τὸ
1448 2745 1551 2797 μέσον
1573 2746 1757 2798 ἑκατέρων.
1776 2745 1827 2783 Ἱὸ
1850 2743 1912 2794 μὲν
1942 2742 2009 2794 γὰρ
2031 2742 2294 2792 διακονουμένου
2314 2746 2357 2788 ἠν

1333 2809 1390 2854 τὸ,
1409 2807 1556 2855 Ἐδόθη,
1572 2806 1739 2850 λαὸόντος
1753 2807 1834 2856 παρ’
1850 2803 1966 2855 ἑτέρου
1984 2819 2042 2841 και
2058 2803 2173 2846 δόντος
2189 2797 2238 2846 οἷς
2252 2817 2358 2854 προσ-

1333 2868 1440 2919 ετάγη
1461 2868 1594 2905 δοῦναι·
1627 2866 1666 2904 τὸ
1690 2866 1749 2913 δὲ,
1769 2864 1954 2916 Ἐγένετο,
1978 2866 2000 2909 ἡ
2024 2862 2127 2915 χάρις
2146 2878 2205 2900 και
2224 2865 2245 2909 ἡ
2268 2862 2358 2909 ἀλή-

1333 2934 1428 2977 θεια,
1463 2927 1631 2979 βασιλέως
1670 2925 1757 2978 μετὰ
1790 2925 1943 2969 ἐξουσίας
1980 2923 2096 2962 πάντα
2128 2922 2287 2975 ἀφιέντος
2313 2922 2357 2961 τὰ

1333 2989 1597 3042 ἁμαρτήματα,
1626 2988 1685 3026 καὶ
1713 2989 1817 3024 αὐτοῦ
1847 2985 2169 3029 κατασκευάζοντος
2201 2983 2265 3031 τὴν
2287 2985 2358 3021 δω-

1335 3050 1428 3103 ρεάν.
1459 3049 1522 3087 Διὸ
1546 3049 1681 3100 ἔλεγεν·
1703 3045 1891 3099 Ἀφέωνταί
1922 3061 1981 3083 σου
2017 3047 2051 3082 αἱ
2079 3045 2272 3097 ἁμαρτίαι·
2298 3044 2357 3082 καὶ

1332 3112 1461 3150 πάλιν·
1479 3108 1557 3148 Ἵνα
1589 3109 1624 3148 δὲ
1652 3109 1765 3155 εἰδῆτε
1791 3106 1844 3145 ὅτι
1873 3105 2074 3150 §ioue-iem*
2055 3122 2129 3158 εχει
2155 3109 2173 3144 ὁ
2194 3104 2277 3148 Υιὸς
2296 3120 2356 3143 του

1332 3172 1513 3224 ἀνθρώπου
1543 3171 1678 3223 ἀφιέναι
1708 3169 1765 3207 ἐπὶ
1791 3170 1853 3214 τῆς
1877 3171 1942 3219 γ’ἧς
1964 3168 2159 3220 ἁμαρτίας,
2191 3166 2287 3218 λεγει
2306 3182 2355 3203 τω

791 3238 954 3290 Surgens
986 3236 1079 3274 tolle
1123 3237 1262 3275 lectum
1286 3247 1310 3277 C
1332 3234 1574 3287 παραλυτικῳ·
1610 3229 1757 3282 ἐγερθεὶς
1788 3233 1869 3281 ἀρον
1906 3228 1969 3276 τὴν
2011 3227 2132 3275 κλίνην
2167 3243 2251 3273 σου,
2295 3243 2355 3264 και

1391 3347 1425 3361 “
1449 3348 1461 3389 [
1476 3352 1601 3388 Μείζονα
1617 3344 1716 3378 Savil.
1730 3353 1763 3376 et
1774 3341 1860 3376 Cod.
1872 3343 1965 3387 705.]

1392 3410 1404 3423 ·¹
1430 3398 1573 3440 Quidam
1592 3403 1698 3441 ἔχοντα
1716 3401 1822 3438 αἰτίαν,
1841 3399 1887 3433 ὡς.
