2481 3678
679 208 719 236 IN
756 206 963 236 JOANNFM
998 205 1157 235 lloMiL.
1199 205 1292 235 vm.

96 289 113 309 *
136 292 217 341 Ἀρα
236 288 332 364 γὰρω
330 292 367 328 οὐ
395 289 562 340 μετέσγον
579 290 641 334 τῆς
655 287 814 339 γνώσεως
839 303 901 333 της
925 288 972 330 εἷς
997 286 1116 333 αὐτόν,

94 350 194 388 Πάνυ
212 350 273 387 μὲν
294 353 368 388 οὖν·
385 350 444 388 καὶ
466 354 565 387 τοῦτο
579 364 638 386 και
658 348 727 386 ἀπὸ
744 351 806 394 τῆς
828 348 959 399 ῥήσεως
976 347 1116 394 ταύτης,

94 412 151 462 ἀφ’
169 414 211 456 ἧς
229 409 406 461 νομίζουσί
419 425 508 452 τινες
521 408 641 452 αὐτους
659 411 929 461 ἀπεστερῆσθαι,
948 408 1116 462 πειράσο-

93 487 158 521 μαι
177 475 321 517 ποιῆσαι
340 469 497 522 φανερόν.
515 469 646 508 Πολλοὶ
659 469 745 522 γὰρ,
763 469 879 521 φησὶν,
894 469 1115 519 ἐπεθύμησαν

93 533 173 570 ἰδεῖν
197 532 218 569 ἃ
235 530 391 582 βλέπετε.
407 529 518 568 εΏστε
535 530 662 582 ᾔδεσαν
681 530 781 568 αὐτὸν
798 529 947 576 ἃῆξοντα
979 532 1025 573 εἷς
1058 532 1116 568 ἀν-

92 591 247 644 θρώπους
260 619 269 635 ,
289 591 349 628 καὶ
369 590 642 641 οἷκονομήσοντα
654 621 663 638 ,
686 590 776 642 ἅπερ
794 590 854 628 καὶ
877 590 1114 642 ᾠκονόμησεν.

90 654 144 690 Οὐ
159 651 226 704 γὰρ
243 650 296 699 ἂν,
314 653 342 689 εἰ
359 651 407 702 μὴ
430 651 570 702 ᾔδεσαν,
587 650 819 702 ἐπεθύμησαν.
835 651 960 695 Οὐδεὶς
979 651 1047 704 γὰρ
1067 645 1114 689 &v

92 712 179 763 μηδὲ
200 712 330 751 ἔννοιαν
349 713 442 765 ἔχει,
471 712 598 751 τούτων
625 712 744 750 λαῧεῖν
765 711 950 763 ἐπιθυμίαν
967 713 1114 759 δυνήσε-

89 790 160 812 ται.
179 772 293 813 εΏστε
306 774 433 826 ᾔδεσαν
449 774 505 812 τὸν
525 773 608 811 Υἱὸν
628 776 687 811 τοῦ
707 775 816 820 Θεοῦ,
838 773 898 811 καὶ
912 773 965 811 ὅτι
979 773 1052 819 ἥξει
1067 776 1114 818 εἷς

91 834 302 888 ἀνθρώπους.
325 834 415 873 Τίνα
447 828 504 872 οῦν
540 836 631 872 ἐστιν
664 834 752 885 ἅπερ
789 836 849 872 οὐκ
879 834 1020 882 ᾔδεσαν,
1054 834 1113 872 καὶ

89 895 167 934 τίνα
187 895 275 949 ἅπερ
296 897 356 934 οὐκ
380 895 555 942 ἥκουσαν,
579 897 703 933 Ταῦτα
725 895 747 932 ἃ
767 900 824 933 νῦν
851 897 950 945 ὑμεῖς
969 894 1114 946 βλέπετε

90 957 106 977 ¹‘
119 957 179 995 καὶ
195 956 346 995 ἀκούετε.
365 957 410 994 Εἰ
422 955 457 994 δὲ
468 956 528 994 καὶ
550 959 665 1007 φωνῆς
680 955 846 1004 ἥκουσαν,
865 956 924 994 καὶ
941 950 1028 995 εἶδον
1045 958 1111 994 αὗ-

88 1018 146 1056 τὸν
163 1021 302 1066 ἐκεῖνοι,
321 1019 397 1055 ἀλλ’
419 1019 480 1056 οὐκ
502 1019 535 1055 ἐν
552 1017 676 1070 σαρκὶ,
698 1017 773 1056 οὐδὲ
790 1017 880 1055 οὕτω
894 1023 965 1061 τοῖς
981 1016 1112 1071 ἀνθρώ-

87 1095 165 1122 ποις
185 1077 558 1151 συναναστρεφόμενον,
580 1076 657 1116 οὐδὲ
692 1077 781 1129 μετὰ
805 1077 973 1125 τοσαύτης
1001 1080 1113 1122 αὐτοῖς

89 1141 275 1190 ὁμιλοῦντα
297 1142 358 1185 τῆς
378 1138 506 1182 ἀδείας.
537 1140 649 1177 Τοῦτο
671 1143 750 1191 γοῦν
778 1155 838 1177 και
860 1139 959 1182 αὐτὸς
986 1140 1112 1187 δηλων,

90 1202 154 1251 οὐχ
172 1200 290 1244 ἁπλῶς
311 1203 418 1248 εἶπεν,
439 1199 693 1251 ἐπεθυμησαν’
686 1202 764 1238 ιδεῖν
781 1200 861 1250 ἐμε·
884 1199 973 1238 ἀλλὰ
990 1199 1044 1247 τί,
1071 1199 1113 1238 Ὰ

90 1262 187 1310 υμεῖς
203 1261 368 1311 βλέπετε·
387 1260 463 1299 οὐδε
479 1264 624 1299 ἀκούσαι
646 1263 746 1311 ἐμοῦ·
765 1260 854 1299 ἀλλα
870 1259 923 1308 τί,
949 1260 987 1298 A
1016 1263 1114 1312 ὑμεῖς

91 1320 242 1359 ἀκούετε.
256 1321 370 1359 ”Ωστε
389 1323 418 1359 εἰ
435 1322 493 1359 καὶ
514 1321 562 1372 μὴ
584 1321 647 1369 τὴν
667 1321 832 1374 ἔνσαρκον
853 1323 955 1360 αὐτοῦ
978 1338 1113 1375 παρου-

90 1381 168 1420 σίαν
201 1382 406 1430 ἐθεάσαντο,
428 1383 502 1421 ἀλλ’
524 1382 618 1434 ὅμως
639 1384 766 1435 ᾔδεσαν
797 1383 902 1430 αὐτὴν
933 1383 1112 1434 ἐσομένην,

89 1439 130 1490 ἧς
156 1443 215 1481 καὶ
244 1443 434 1494 ἐπεθύμουν
451 1460 458 1467 ·
488 1444 548 1483 καὶ
569 1444 744 1483 ἐπίστευον
766 1446 813 1489 εἷς
833 1444 946 1492 αὐτὸν,
976 1445 1035 1483 καὶ
1063 1445 1111 1496 μὴ

89 1504 281 1557 ἑωρακότες
303 1505 402 1543 αὐτὸν
423 1507 456 1543 ἐν
474 1505 591 1558 σαρκί.
609 1505 722 1544 ”Οταν
744 1500 800 1544 οῦν
820 1508 1012 1558 ἐγκαλῶσιν
1027 1510 1111 1557 ἡμῖν

88 1565 259 1612 ἽΞλληνες
285 1570 395 1604 ταῦτα
415 1566 591 1618 λέγοντες·
611 1566 646 1604 τί
665 1566 699 1604 δὲ
716 1567 772 1605 τὸν
789 1566 982 1620 ἔμπροσθεν
1005 1567 1113 1606 ἐποίει

88 1627 209 1681 χρόνον
225 1631 242 1665 ὁ
258 1626 407 1679 Χριστὸς
417 1658 426 1675 ,
441 1627 480 1666 τὸ
494 1631 562 1666 τῶν
579 1627 769 1681 ἀνθρώπων
786 1631 847 1667 οὐκ
862 1627 1112 1680 ἐπισκοπούμε-

87 1705 143 1732 νος
163 1688 275 1741 γένος,
306 1689 366 1726 καὶ
392 1688 426 1726 τί
458 1689 586 1736 δήποτε
617 1693 650 1729 ἐν
685 1690 824 1743 ἐσχάτῳ
850 1694 912 1737 τῆς
940 1691 1114 1744 ἡμετέρας

87 1745 189 1797 ἦλθεν
220 1749 491 1802 ἀντιληψομενος
527 1749 722 1804 σωττρίας,
742 1755 900 1790 τοσοῦτον
934 1751 1114 1802 ἀμελησας

88 1812 209 1865 χρόνον
224 1814 346 1862 ἧμων;
362 1814 516 1864 ἐροῦμεν,
531 1813 570 1851 ο’τ
575 1813 657 1850 ικαὶ
670 1829 737 1866 προ
749 1811 868 1851 τούτου
879 1829 912 1850 εν
926 1829 975 1865 τῳ
990 1812 1112 1866 κόσμω

88 1877 144 1920 ἦν,
165 1889 224 1910 και
243 1873 396 1926 προενό..ι
416 1890 483 1911 των
501 1873 554 1949 ἔρ
540 1890 609 1912 κων
637 1876 758 1922 αυτοῦ,
778 1890 838 1911 και
853 1872 1026 1927 γνώριμος
1043 1881 1113 1919 τοῖς

89 1933 194 1978 ἀξίοις
211 1934 338 1972 ἅπασιν
354 1938 408 1981 ἠν.
433 1936 518 1973 Εἰ
501 1934 536 1973 οὲ
556 1935 613 1973 δια
633 1952 672 1973 το
695 1934 744 1986 μὴ
765 1935 898 1977 πάντας
916 1936 1015 1973 αὐτον
1035 1934 1113 1973 τότε

88 1995 342 2046 ἐπεγνωκέναι,
373 1995 462 2034 ἀλλὰ
477 1995 574 2049 παρὰ
589 1999 656 2034 τῶν
673 1995 837 2047 γενναίων
860 1995 961 2033 αὐτὸν
977 1995 1036 2033 καὶ
1056 1997 1112 2033 ἐν·-

89 2055 219 2109 αρέτων
236 2055 398 2094 ῧέκείνων
424 2055 535 2107 μόνων
553 2058 745 2108 ἐγνῶσθαι,
764 2056 891 2108 φαίητε
911 2056 959 2107 μὴ
980 2056 1111 2110 γνωρί-

88 2118 225 2164 ζεσθαι,
245 2116 336 2155 κατὰ
361 2121 460 2155 τοῦτο
485 2117 561 2156 οὐδὲ
584 2123 641 2156 νῦν
661 2117 892 2170 ὁμολογήσετε
910 2125 1112 2170 προσκυνεῖ-

87 2181 166 2215 σθαι
182 2177 281 2215 αὒτὸν
300 2178 366 2216 ὑπὸ
379 2181 447 2216 τῶν
465 2177 667 2230 ἀνθρώπων,
683 2178 802 2226 ἐπειδὴ
822 2177 907 2229 μηδὲ
925 2182 981 2216 νῦν
1003 2179 1112 2218 ἅπαν-

85 2254 142 2281 τες
155 2238 256 2276 αὐτὸν
275 2238 402 2277 ἴσασιν.
423 2239 515 2277 Ἀλλ’
535 2239 653 2292 ὥσπερ
669 2240 726 2277 ἐπὶ
739 2244 799 2278 τοῦ
815 2239 985 2293 παρόντος
1003 2241 1112 2285 οὐδεὶς

88 2298 128 2336 ἂν
148 2298 204 2337 διὰ
225 2298 304 2343 τοὺς
329 2302 536 2350 ἀγνοοῦντας
559 2300 660 2338 αὐτὸν
683 2305 754 2343 τοῖς
780 2299 886 2339 εἰδόσι
918 2301 1110 2348 διαπιστή-

88 2376 174 2398 σειεν
189 2375 195 2382 ·
213 2360 321 2404 οὕτως
343 2360 419 2399 οὐδὲ
441 2360 531 2413 ὑπὲρ
549 2363 616 2399 τῶν
640 2361 831 2415 ἔμπροσθεν
846 2361 978 2415 χρόνων
1003 2365 1110 2414 ἀμφι-

87 2421 225 2468 σὸητεῖν
249 2421 318 2474 χρὴ
331 2453 340 2469 ,
368 2421 420 2460 ὅτι
440 2424 600 2470 πολλοῖς,
625 2422 807 2474 μᾶλλονδὲ
828 2429 933 2461 πᾶσιν
960 2423 1111 2475 ἔγνωστο

84 2487 156 2525 τοῖς
168 2482 335 2532 γενναίοις
350 2483 409 2521 καὶ
424 2483 629 2534 θαυμασίοις
645 2484 809 2535 ἀνδράσιν
826 2483 977 2527 ἐκείνοις.

139 2731 185 2768 Εἰ
201 2729 235 2767 δὲ
253 2728 347 2780 λε’γοι
366 2745 418 2772 τις
431 2759 440 2776 ,
467 2729 527 2767 καὶ
552 2728 641 2773 τίνος
659 2728 772 2766 ἕνεκεν
790 2727 837 2778 μὴ
858 2728 984 2772 πάντες
1004 2744 1110 2781 προσ-

87 2797 179 2843 εῖχον
207 2792 320 2843 αὐτῷ,
360 2789 447 2840 μηδὲ
479 2790 606 2833 πάντες
638 2789 736 2828 αὐτὸν
775 2790 978 2842 ἐθεράπευον
1010 2789 1109 2837 τότε,

87 2851 177 2890 ἀλλὰ
200 2851 297 2902 μόνοι
316 2852 347 2889 οἷ
369 2851 516 2899 δίκαιοι,
541 2851 712 2905 ἐρήσομαι
740 2850 838 2903 κάγὼ
855 2881 865 2899 ,
886 2850 977 2894 τίνος
997 2850 1108 2888 ἕνεκεν

87 2911 175 2963 μηδὲ
202 2915 259 2950 νῦν
280 2912 429 2955 ἅπαντες
451 2913 551 2950 αὐτὸν
573 2912 687 2959 ἴσασι,
707 2913 777 2951 Καὶ
793 2911 828 2949 τί
840 2911 932 2963 λέγω
950 2911 1029 2964 περὶ
1048 2914 1107 2949 τοῦ

83 2974 258 3027 Χριστοῦ,
271 2973 342 3012 Τὸν
363 2973 430 3026 γὰρ
446 2973 592 3026 Πατέρα
608 2973 666 3011 τὸν
683 2973 801 3012 τούτου
814 3003 824 3021 ,
840 2972 933 3010 διατί
953 2971 1000 3023 μὴ
1021 2971 1107 3010 ποίν-

85 3051 158 3082 τες,
180 3034 268 3085 μήτε
282 3034 379 3082 τότε,
397 3034 485 3084 μήτε
499 3040 557 3073 νῦν
574 3034 748 3086 ἔγνωσαν,
764 3035 856 3073 Ἀλλ’
871 3037 902 3072 οἱ
918 3033 980 3084 μὲν
1010 3036 1107 3071 αὖτο-

87 3095 204 3145 μοίτως
236 3096 374 3134 ἅπαντα
400 3095 564 3148 φέρεσθαι
585 3095 758 3148 λέγουσιν,
790 3098 820 3134 οἱ
849 3094 884 3134 δὲ
918 3094 1106 3146 δαιμονίοις

131 3226 148 3243 *
164 3227 235 3270 [ἀρ’
250 3229 298 3260 οὖν
315 3231 347 3260 οὗ
363 3226 466 3260 Savil.
485 3234 518 3259 et
532 3227 617 3260 Cod.
636 3228 729 3269 705.]

131 3277 273 3310 aMorel.
301 3283 408 3318 ἥξοντα
431 3285 470 3318 εἰς
494 3286 676 3326 ἀνθρώπους.
698 3277 800 3312 Savil.
827 3284 858 3312 ἐκ
875 3287 933 3313 τῶν
955 3281 1096 3322 οὐρανῶν.

88 3329 193 3362 Savil.
212 3330 246 3362 in
265 3331 353 3362 notis
376 3330 551 3373 legendum
571 3338 668 3374 putat
690 3336 721 3364 ἐκ
747 3339 805 3365 τῶν
828 3334 958 3375 οὐρανῶν
982 3335 1020 3368 εἰς
1044 3336 1098 3364 ἀν·

88 3387 232 3428 θρώπους.
249 3384 290 3415 At
306 3394 345 3414 ex
359 3380 490 3415 duobus
506 3384 533 3416 si
546 3383 688 3416 alterum
702 3382 845 3424 dicatur,
866 3381 1007 3416 alterum
1022 3383 1099 3416 snb-

2123 198 2147 223 Γ

1333 189 1394 234 al.
1437 207 1495 235 ιιι
2121 215 2177 259 ³7

1189 299 1234 323 ex
1259 285 1326 323 hoc
1351 285 1444 335 loco,
1464 286 1559 324 unde
1580 296 1706 339 putant
1735 289 1883 338 quidam
1909 292 2002 342 ipsos
2030 294 2096 332 hae
2119 308 2175 333 co·
2192 307 2342 334 Christum

1190 345 1347 397 gnitione
1386 346 1565 398 privatos,
1598 347 1841 386 demonstrare
1869 352 2025 389 tentabo.
2059 354 2347 392 synam-noverum.

1188 407 1296 456 enim,
1313 407 1442 458 inquit,
1454 410 1663 447 voluerunt
1683 412 1817 450 videre
1833 426 1919 463 quoe
1937 415 2091 452 videtis.
2109 417 2179 453 Ita-

1190 484 1258 520 que
1281 469 1451 508 viderunt
1470 484 1551 508 eum
1578 471 1625 508 ad
1641 471 1802 510 homines
1831 483 2025 512 venturum
2048 489 2131 525 esse,
2147 486 2180 513 et

1189 544 1228 568 ea
1253 529 1542 582 dispensaturum
1571 547 1650 582 quae
1683 547 1766 571 vere
1804 533 2035 586 dispensavit.
2059 537 2181 586 Neque

1190 591 1299 642 enim,
1318 592 1387 630 nisi
1407 592 1599 641 novissent,
1612 593 1736 632 videre
1755 596 2051 647 concupivissent.
2069 598 2180 635 Nemo

1191 651 1285 690 enim
1301 667 1437 702 eorum,
1457 667 1611 704 quorum
1628 655 1791 693 notitiam
1810 670 1879 693 non
1903 656 2020 705 habet,
2039 657 2180 696 deside—

1189 712 1243 750 rio
1258 713 1337 765 capi
1353 723 1479 765 potest.
1498 714 1622 765 Itaque
1638 726 1880 767 cognoverunt
1897 717 2034 755 Filium
2049 718 2131 766 Dei,
2147 729 2181 757 et

1189 783 1382 812 venturum
1408 789 1491 813 eum
1516 775 1563 813 ad
1587 776 1749 816 homines
1774 792 1848 816 esse
1865 788 2051 817 noverunt.
2071 780 2178 826 Quae-

1188 850 1271 874 nam
1294 851 1376 889 ergo
1402 846 1485 875 sunt
1519 852 1598 888 quae
1629 839 1840 889 nescierunt,
1858 850 1891 878 et
1914 855 2078 891 quaenam
2100 856 2178 893 quae

1188 912 1259 936 non
1280 899 1502 937 audierunt?
1521 899 1605 937 Haec
1631 915 1707 950 quae
1727 915 1821 939 nunc
1835 916 1899 940 vos
1918 902 2050 940 videtis
2065 912 2098 940 et
2115 917 2177 940 au-

1188 957 1284 996 ditis.
1306 959 1415 1006 Quod
1433 958 1462 996 si
1481 959 1537 997 iffi
1553 969 1586 998 et
1608 974 1733 999 vocem
1758 961 1833 1013 ejus
1851 961 2055 1010 audierunt,
2074 972 2108 1000 et
2121 962 2178 1001 vi-

1188 1017 1317 1057 derunt
1333 1033 1434 1069 eum,
1458 1029 1494 1057 at
1515 1034 1585 1058 non
1610 1021 1647 1058 in
1667 1035 1783 1070 carne,
1806 1036 1921 1073 neque
1944 1023 1993 1061 ita
2014 1037 2095 1061 cum
2112 1024 2177 1061 ho-

1187 1079 1347 1119 minibus
1377 1090 1589 1129 versantem,
1608 1096 1722 1133 neque
1742 1092 1815 1120 tam
1838 1084 1950 1122 libere
1981 1099 2063 1122 cum
2092 1084 2178 1137 ipsis

1187 1141 1402 1192 loquentem.
1430 1141 1506 1180 Hoc
1518 1142 1630 1193 igitur
1645 1151 1678 1180 et
1693 1142 1768 1194 ipse
1783 1143 1988 1195 significans
2006 1158 2075 1182 non
2092 1146 2178 1184 sim—

1186 1202 1330 1254 pliciter
1363 1203 1459 1241 djxit
1475 1233 1484 1252 ,
1509 1203 1711 1256 Cupierunt
1737 1204 1862 1242 videre
1881 1219 1960 1255 me3
1978 1205 2039 1244 sed
2056 1206 2176 1256 quid.o

1193 1264 1287 1314 Quoe
1308 1278 1382 1302 vos
1411 1265 1569 1309 videtis‚·
1585 1278 1699 1314 neque
1725 1265 1850 1303 audire
1873 1281 1950 1316 mc3
1971 1266 2033 1304 sed
2060 1267 2176 1318 quid?

1195 1325 1290 1374 Quoe
1318 1338 1390 1362 vos
1408 1326 1563 1363 audilis.
1583 1326 1706 1376 Itaque
1734 1325 1817 1364 licet
1839 1327 1914 1379 ejus
1935 1328 1971 1365 in
1991 1342 2095 1365 carne
2112 1328 2177 1366 ad-

1188 1393 1337 1422 ventum
1363 1399 1433 1422 non
1460 1385 1634 1435 viderint,
1652 1386 1814 1424 futurum
1832 1396 1948 1425 tamen
1970 1402 2043 1426 esse
2068 1403 2176 1427 nove-

1188 1453 1284 1492 runt,
1303 1459 1409 1494 quem
1434 1444 1558 1483 videre
1579 1445 1770 1498 cupiebant
1782 1462 1793 1496 3
1814 1447 1849 1484 in
1875 1462 2026 1499 eumque
2052 1448 2174 1486 crede-

1188 1503 1288 1552 bant,
1302 1504 1386 1542 licet
1409 1504 1516 1543 illum
1531 1505 1566 1543 in
1582 1519 1687 1543 carne
1704 1520 1773 1543 non
1788 1507 1974 1545 vidissent.
1997 1509 2088 1546 Cum
2108 1509 2175 1546 ita-

1189 1579 1257 1616 que
1270 1580 1332 1603 nos
1345 1566 1492 1618 gentiles
1507 1567 1753 1604 accusaverint
1766 1566 1922 1606 dicentes
1935 1584 1941 1604 :
1954 1569 2053 1615 Quid
2066 1569 2178 1620 priori

1188 1626 1251 1664 illo
1272 1635 1428 1678 tempore
1452 1627 1604 1665 faciebat
1628 1627 1805 1675 Christus,
1830 1642 1911 1666 cum
1933 1630 2094 1668 nondum
2111 1632 2179 1669 hu—

1188 1702 1291 1726 mano
1309 1688 1428 1740 generi
1448 1688 1690 1740 prospiceret?
1709 1697 1742 1726 et
1764 1703 1829 1726 cur
1849 1699 2006 1730 extremo
2022 1701 2180 1744 tempore

1188 1748 1287 1787 venit
1309 1759 1348 1787 ut
1365 1758 1494 1787 nostrae
1510 1750 1617 1787 saluti
1636 1749 1856 1802 provideret,
1877 1761 2066 1803 postquam
2082 1763 2180 1792 tanto

1187 1819 1345 1862 tempore
1376 1825 1439 1849 nos
1466 1811 1697 1863 neglexerat?
1725 1811 2041 1863 respondebimus,
2061 1814 2180 1866 ipsum

1187 1872 1294 1910 etiam
1316 1882 1396 1911 ante
1423 1873 1619 1911 adventum
1654 1872 1759 1909 illum
1788 1872 1824 1910 in
1842 1874 1978 1912 mundo
1996 1875 2118 1921 fuisse,
2135 1876 2181 1914 dc

1187 1933 1354 1985 operibus
1371 1934 1416 1972 ab
1431 1948 1466 1972 se
1485 1933 1633 1972 edendis
1660 1934 1760 1986 prius
1789 1934 1973 1986 cogitasse,
1989 1945 2094 1986 atque
2107 1937 2180 1975 illis

1187 1995 1355 2033 omnibus
1385 1995 1569 2047 cognitum
1591 1995 1698 2032 fuisse
1709 2025 1718 2043 ,
1738 1995 1800 2046 qui
1819 1996 1885 2034 hac
1904 1997 2106 2048 cognitione
2123 1998 2180 2037 di-

1187 2056 1249 2106 gni
1273 2066 1382 2094 erant.
1401 2056 1510 2103 Quod
1536 2056 1565 2094 si
1589 2057 1672 2107 quia
1691 2070 1760 2094 non
1788 2057 1954 2095 omnibus
1973 2068 2057 2096 tunc
2076 2069 2179 2097 notus

1186 2116 1267 2166 fuit,
1285 2117 1348 2155 sed
1375 2117 1498 2170 probis
1530 2127 1671 2155 tantum
1697 2127 1732 2155 et
1755 2117 1887 2156 virtute
1902 2118 2078 2171 praeditis,
2099 2120 2179 2158 ideo

1186 2177 1308 2216 djcitis
1336 2178 1441 2216 illum
1477 2178 1702 2231 incognitum
1731 2179 1859 2227 fuisse,
1889 2179 2014 2218 eadem
2044 2181 2180 2219 ratione

1184 2238 1307 2291 ipsum
1333 2254 1430 2278 nunc
1460 2255 1600 2291 quoque
1636 2255 1706 2279 non
1731 2240 1873 2278 adorari
1902 2242 1947 2279 ab
1973 2242 2179 2281 hominibus

1186 2300 1377 2350 dixeritis,
1410 2301 1494 2352 quia
1531 2301 1640 2338 etiam
1677 2315 1771 2339 nunc
1809 2316 1879 2340 non
1909 2317 2029 2340 omnes
2060 2304 2178 2356 ipsum

1185 2370 1374 2400 noverunt.
1411 2362 1483 2400 Sed
1517 2361 1820 2413 quemadmodum
1852 2363 1888 2400 in
1918 2363 2083 2414 praesenti
2118 2378 2177 2401 ne-

1185 2436 1266 2471 mo,
1299 2422 1383 2473 quia
1414 2438 1434 2460 a
1459 2423 1583 2460 multis
1622 2422 1825 2474 ignoratur,
1859 2423 1978 2474 ipsum
2006 2437 2027 2460 a
2056 2424 2177 2461 multis

1184 2484 1349 2535 cognosci
1383 2484 1566 2535 negaverit
1591 2499 1599 2519 ε
1632 2484 1683 2520 sic
1712 2497 1824 2533 neque
1862 2483 2103 2522 dubitandum
2127 2495 2178 2523 est

1185 2543 1304 2596 ipsum
1321 2544 1565 2595 superioribus
1581 2543 1654 2580 illis
1668 2543 1903 2595 temporibus,
1919 2558 1939 2581 a
1956 2545 2092 2594 multis,
2104 2546 2176 2584 imo

1184 2605 1291 2643 etiam
1320 2605 1443 2656 probis
1478 2604 1552 2641 illis
1578 2612 1612 2641 et
1636 2603 1859 2642 admirandis
1890 2605 1980 2643 viris
2011 2607 2175 2645 omnibus

1183 2665 1365 2718 cognitum
1379 2666 1498 2703 fuisse.

1237 2730 1275 2765 a.
1302 2726 1410 2772 Quod
1438 2726 1468 2764 si
1494 2726 1575 2777 quis
1595 2725 1742 2775 dixerit,
1762 2727 1836 2765 Cur
1856 2741 1925 2765 non
1949 2741 2071 2766 omnes
2093 2738 2177 2767 tunc

1183 2786 1252 2839 ipsi
1272 2786 1518 2836 adhaeserunt,
1541 2801 1652 2838 neque
1673 2801 1793 2825 omnes
1823 2788 1942 2840 ipsum
1970 2789 2176 2840 coluerunt,

1184 2847 1246 2885 sed
1263 2847 1327 2886 soli
1343 2848 1431 2900 justi
1447 2848 1465 2885 Ρ
1487 2847 1693 2886 sciscitabor
1714 2857 1748 2886 et
1769 2862 1844 2899 ego,
1863 2849 1936 2886 Cur
1955 2850 2061 2887 etiam
2081 2865 2175 2888 nunc

1184 2923 1253 2947 non
1284 2922 1403 2946 omnes
1428 2909 1548 2961 ipsum
1580 2909 1784 2947 noverunt?
1807 2909 1946 2960 Ecquid
1969 2910 2014 2948 de
2033 2910 2175 2949 Christo

1183 2971 1337 3022 loquor?
1352 2972 1444 3008 Nam
1465 2972 1606 3009 Patrem
1624 2985 1764 3022 quoque
1782 2972 1858 3024 ejus
1882 2986 1946 3010 cur
1968 2987 2037 3010 non
2054 2988 2174 3011 omnes

1183 3041 1218 3070 et
1238 3042 1322 3071 tunc
1340 3042 1373 3071 et
1386 3032 1495 3070 hodie
1516 3032 1724 3070 noverunt?
1745 3034 1883 3071 Verum
1901 3034 1964 3071 alii
1987 3034 2104 3072 omnia
2124 3044 2173 3071 te—

1184 3108 1279 3133 mere
1296 3093 1380 3132 ferri
1400 3094 1524 3132 dicunt
1536 3109 1547 3144 ;
1569 3094 1632 3132 alii
1662 3093 1884 3133 daemonibus
1902 3095 2060 3134 universi
2090 3111 2173 3148 pro-

1164 3225 1370 3270 intelligitur.

1208 3279 1225 3304 b
1242 3278 1305 3311 Alii
1321 3284 1370 3313 καὶ
1386 3281 1520 3314 ἀκούετε.
1540 3284 1589 3313 καὶ
1607 3283 1664 3324 γὰρ
1680 3287 1773 3324 φωνῆς
1788 3285 1934 3321 ἤκουσαν,
1955 3285 2003 3314 καὶ
2027 3283 2102 3315 εἶδον
2121 3285 2173 3314 αύ-

1165 3337 1226 3373 τὸν,
1249 3335 1319 3365 aar
1334 3336 1395 3366 οῦκ.

1210 3393 1223 3407 a
1240 3383 1354 3415 Morel.
1370 3387 1484 3417 ἐκείνων
1498 3389 1598 3425 μόνον.
