2507 3673
630 245 671 275 ΙΝ
710 244 921 276 tomum}
961 244 1121 274 nomn„

100 329 237 377 uzo-mr,
256 326 436 378 παρέδωκε
449 327 696 377 τημελήσοντι.
714 328 858 375 Επειδὴ
872 327 939 402 γὰρ
955 328 1043 369 εἰκὸς
1059 329 1117 373 ἠν,

98 387 140 424 ἅτ
129 403 158 424 ε
176 404 310 440 υητερα
325 392 442 436 οὖσαν,
459 391 515 427 ἀλ
505 395 575 440 γεῖν
596 406 655 428 και
673 391 734 437 τὴν
756 389 970 443 προστασίαν
991 390 1117 434 ζητεῖν,

1162 244 1333 274 Lxxxv.
1374 228 1430 274 al.
1469 245 1657 275 mxxiv.
2080 233 2165 295 577

1187 324 1305 362 dolere
1324 335 1357 363 et
1387 326 1626 377 patrocinium
1643 340 1808 376 quaerete,
1837 328 1917 377 jure
1944 328 2041 366 illam
2065 330 2168 368 ‹lisci-

1188 386 1273 436 pulo
1303 385 1412 424 tradit
1441 386 1562 423 dicens
1582 402 1589 422 :
1611 388 1676 425 327.
1709 388 1811 424 Eece
1835 397 1959 425 mater·
1979 398 2059 427 tua.
2088 391 2170 428 Πωι·

97 448 238 492 εἰκότι-ς)
258 448 846 503 αυτηνεγχειριςιι-ιιποοουιιενω
856 447 1115 500 Ἰούτῳφησίν·
1138 455 1163 484 D
1186 461 1291 499 porro
1319 447 1474 498 dicebat,
1493 449 1587 499 ipsos
1620 458 1744 486 mutuo
1767 449 1982 500 conjungens
2016 465 2134 489 amore
2161 469 2166 487 :

1187 508 1283 558 quod
1314 523 1397 546 cum
1428 509 1640 560 intelligeret
1661 509 1871 561 discipulus,
1892 511 2007 562 ipsam
2042 511 2077 548 in
2109 527 2171 550 sua

1186 571 1332 623 aceepit.
1355 572 1427 608 Cur
1444 581 1562 609 autem
1581 571 1718 608 nullam
1737 571 1845 609 aliam
1863 574 2074 611 memoravit
2093 589 2171 611 mu-

1186 632 1323 682 lierem,
1340 632 1422 670 licet
1440 633 1511 670 alia
1527 646 1670 683 quoque
1683 632 1865 671 adstaret?
1886 635 1935 671 Ut
1952 648 2015 672 nos
2033 634 2173 674 doceret

1184 693 1266 745 plus
1289 693 1517 731 tribuendum
1551 694 1726 732 matribus
1744 708 1830 732 esse.
1857 696 1906 733 Ut
1938 696 2031 733 enim
2049 711 2173 748 paren-

1183 763 1248 800 tes,
1281 769 1363 792 cum
1391 755 1589 807 spiritualia
1620 755 1836 808 impediunt,
1864 771 1907 794 ne
1935 758 2172 809 cognoscendi

1184 816 1328 867 quidem
1343 826 1426 855 sunt
1448 833 1456 854 ε
1483 817 1534 855 sic
1555 832 1636 855 cum
1651 833 1719 856 non
1736 833 1775 857 ea
1791 819 1970 869 cohibent,
1992 834 2094 858 omne
2112 821 2174 859 de-

1183 878 1301 916 bitum
1308 879 1454 931 estipsis
1465 879 1719 932 praestandum,
1729 890 1762 918 et
1769 881 1848 919 aliis
1858 890 1941 919 sunt
1960 892 2174 935 anteponen-

1182 939 1233 988 di,
1254 940 1336 990 quia
1354 954 1416 978 nos
1433 950 1645 992 genuerunt,
1667 940 1878 992 educarunt,
1897 942 2064 994 milleque
2081 944 2173 982 mala

1183 1001 1381 1040 subierunt.
1405 1002 1466 1040 Sic
1492 1002 1686 1041 Marcionis
1714 1003 1974 1055 impudentiam
1997 1005 2171 1058 reprimit.
2187 1026 2314 1055 Marcion
2330 1030 2376 1056 ‹u-

1183 1063 1221 1101 Si
1250 1063 1344 1100 enim
1372 1063 1567 1101 secundum
1596 1078 1737 1101 carnem
1756 1073 1859 1102 natus
1889 1079 1958 1103 non
1985 1075 2089 1115 esset,
2110 1081 2173 1104 nee
2187 1069 2270 1096 cebat
2286 1070 2374 1097 Chri-

1136 1133 1158 1163 E
1182 1134 1333 1163 matrem
1363 1125 1525 1175 haberet,
1561 1139 1624 1162 cur
1655 1134 1792 1163 tantam
1816 1126 1861 1163 de
1886 1126 1947 1164 illa
1978 1127 2051 1165 sola
2082 1128 2172 1179 gerit
2186 1116 2301 1179 {fflffex
2316 1121 2375 1179 ἘῙΤ

1181 1199 1302 1223 curam
1320 1186 1336 1223 ἶ)
1357 1186 1423 1225 ⁶28.
1443 1188 1587 1224 Postea
1603 1189 1727 1224 sciens
1743 1187 1871 1234 Jesus,
1893 1191 2078 1239 quoniam
2083 1191 2171 1241 jam
2186 1195 2227 1220 ria
2275 1199 2374 1221 ..aium

1179 1250 1311 1285 omnia
1329 1256 1597 1286 consummata
1616 1256 1721 1292 sunt;
1734 1247 1847 1298 idest,
1860 1249 1955 1299 quod
1975 1250 2065 1287 nihil
2080 1265 2171 1288 oeco—
2186 1244 2258 1263 ‘⁹³⁵⁹‘

1179 1309 1304 1348 nomiae
1324 1309 1576 1360 desit.Ubique
1587 1309 1681 1347 enim
1696 1309 1875 1361 satagebat
1887 1311 2071 1349 ostendere
2082 1311 2172 1350 lianc

1178 1386 1309 1410 novam
1329 1386 1402 1410 esse
1421 1380 1593 1409 mortem:
1613 1371 1791 1422 siquidem
1821 1371 1857 1409 in
1888 1381 2061 1425 potestate
2091 1388 2169 1412 mo-

1179 1433 1301 1471 rientis
1321 1433 1389 1471 sita
1405 1433 1524 1470 omnia
1545 1442 1655 1482 erant,
1679 1448 1792 1483 neque
1804 1433 1904 1485 prius
1921 1450 2017 1473 mors
2031 1437 2171 1488 corpori

1179 1494 1335 1542 advenit,
1367 1508 1474 1545 quam
1495 1494 1572 1546 ipse
1605 1494 1744 1533 vellet:
1776 1495 1920 1533 volebat
1939 1506 2058 1534 autem
2089 1512 2171 1535 cum

1179 1556 1296 1593 onmia
1316 1556 1506 1608 implesset.
1527 1555 1610 1593 Ideo
1642 1555 1783 1593 dicebat
1800 1571 1807 1592 :
1829 1558 2068 1595 Potestatem
2096 1560 2168 1596 Ῐια-

96 508 166 546 Ἴδε
181 514 201 556 ἦ
221 510 338 562 μήτηρ
354 525 425 548 σου.
438 513 561 549 Ταῦτα
578 511 612 550 δὲ
623 512 731 564 ἔλεγε,
748 511 929 549 συνάπτων
941 488 1060 551 αὖτοὺς
1072 510 1118 551 εἰς

95 569 234 621 ἀγάπην
252 587 259 594 ·
281 572 365 624 ὅπερ
381 565 437 610 οὖν
458 573 518 610 καὶ
537 577 554 612 ὃ
575 574 733 624 μαθητὴς
750 572 875 614 συνιεὶς
887 601 896 618 ,
919 573 966 614 εἷς
984 569 1028 607 τὰ
1047 569 1117 607 ἴδια

96 631 200 678 αὐτὴν
223 632 340 671 ἔλαὸε.
361 633 464 670 Διατί
485 633 553 687 γὰρ
571 635 744 685 μηδεμιᾶς
759 633 867 678 ἄλλης
883 629 1118 682 ἐμνημόνευσε

93 693 273 743 γυναικὸς,
298 693 412 732 καίτοι
427 695 486 733 καὶ
509 695 610 747 ἑτέρα
631 694 802 740 εἱστήκει,
822 692 1005 730 Aigaion->v
1022 695 1116 742 ἡμᾶς

92 753 195 792 πλέον
212 771 245 792 τι
265 755 379 806 νέμειν
394 763 471 800 ταῖς
491 755 676 808 μητράσιν.
698 755 838 806 εὨσπερ
857 753 924 806 γὰρ
944 754 1118 791 ἐναντιου-

94 815 207 866 μένοις
226 823 297 861 τοῖς
318 822 452 869 γονεῦσι
472 818 551 870 περὶ
572 817 616 855 τὰ
641 815 882 867 πνευματικὰ,
898 813 974 854 οὐδὲ
991 814 1117 852 εἰδέναι

91 876 181 929 χρὴ,
207 877 314 921 οὕτως
336 879 416 916 ὅταν
448 878 556 929 μηδὲν
582 877 859 928 ἐμποδίζωσιν,
846 877 938 914 άπαν
957 877 996 915 τὸ
1027 875 1117 920 εἰκὸς

92 937 277 988 ἀπονέμειν
293 941 406 983 αὐτοῖς
427 941 498 986 δεῖ,
521 954 580 977 και
601 938 682 1015 πρὸῗ
695 954 764 976 των
785 938 900 976 ἄλλων
918 936 1040 981 αὐτους
1061 953 1116 975 τι-

91 997 204 1045 Οέναι,
236 1002 308 1037 ἀνθ’
331 1002 377 1037 ὢν
399 999 527 1048 ἔτεκον,
554 994 626 1038 ἀνθ’
657 1002 704 1037 ὧν
734 998 938 1051 ἀνέθρεψαν,
972 998 1047 1036 ἀνθ
1067 1001 1114 1035 ὡν

91 1058 197 1110 μυρία
225 1059 420 1108 επέστησαν
450 1061 555 1100 δεινά.
577 1060 682 1100 Οὕτω
715 1061 775 1099 καὶ
807 1060 1015 1113 Μαρκίωνος
1037 1062 1116 1098 ε’πι-

88 1119 242 1170 στομίζει
255 1120 318 1167 τὴν
337 1122 595 1175 ἀναισᾸυντίαν.
616 1124 662 1161 Εἰ
677 1122 744 1174 γὰρ
767 1121 814 1173 μὴ
837 1121 998 1173 ε’γεννήΟη
1022 1120 1113 1159 κατὰ

87 1180 201 1234 σάρκα
212 1212 222 1230 ,
244 1182 330 1232 μηδὲ
349 1183 482 1236 μητέρα
497 1184 577 1236 ἔσχε
588 1215 597 1231 ,
617 1183 706 1227 τίνος
721 1183 833 1221 ἕνεκεν
849 1182 1018 1230 τοσαύτην
1034 1184 1112 1235 περὶ

88 1242 195 1289 αὐτὴν
217 1243 324 1294 μόνην
341 1251 491 1283 ποιεῖται
512 1246 675 1299 πρόνοιαν
693 1261 702 1293 ;
723 1244 824 1283 Μετὰ
846 1249 957 1283 ταῦτα
977 1244 1074 1289 εἰδὼς
1093 1249 1111 1283 ὁ

86 1303 237 1351 Ἰησοῦς,
259 1308 312 1343 ὅτι
331 1306 448 1344 πάντα
474 1307 690 1345 τετέλεσται’
711 1306 899 1354 τουτέστιν,
929 1307 981 1344 ὅτι
1015 1305 1109 1345 οὐδὲν

85 1366 196 1404 λείπει
209 1370 251 1417 τῇ
274 1367 466 1421 οἰκονομίᾳ.
486 1369 678 1420 Πανταχοῧ
697 1368 765 1422 γὰρ
779 1368 971 1407 ἐσπούδακε
991 1368 1109 1406 καινὸν

84 1426 191 1470 δεῖξαι
210 1428 267 1465 τὸν
298 1428 442 1466 θάνατον
474 1434 592 1468 τοῦτον
613 1429 716 1477 ὄντα,
738 1429 771 1467 εἴ
794 1445 833 1481 γε
855 1432 888 1467 ἓν
909 1433 951 1481 τῇ
976 1429 1110 1482 ἐξουσίᾳ

83 1493 143 1526 τοῦ
161 1491 387 1533 τελευτῶντος
405 1491 444 1528 τὸ
461 1496 528 1528 πᾶν
546 1489 658 1528 ἔκειτο
670 1521 679 1538 ,
700 1491 759 1528 καὶ
774 1493 811 1528 οὐ
828 1490 993 1543 πρότερον
1011 1491 1111 1543 ἐπῄει

83 1553 132 1602 τῷ
153 1549 291 1601 σώματι
309 1555 331 1598 ἡ
347 1552 491 1599 τελευτὴ
507 1583 516 1600 ,
533 1551 598 1596 ἕως
611 1552 668 1591 ὅτε
684 1553 784 1596 αὐτὸς
805 1552 964 1590 ἐὸούλετο
977 1569 984 1576 ·
1008 1553 1108 1591 ἐδού--
1120 1589 1167 1612 507
2183 1582 2271 1610 Joan.
2304 1590 2349 1611 ιο,

83 1613 161 1650 λετο
183 1612 219 1650 δὲ
240 1613 329 1663 μετὰ
348 1613 387 1651 τὸ
401 1613 516 1651 πάντα
531 1616 729 1666 πληρωσαι
755 1613 824 1652 Διὰ
839 1630 939 1652 τουτο
958 1630 1017 1652 και
1036 1614 1110 1652 ἔὶε-
1133 1629 1159 1654 Α
1180 1621 1247 1656 beo
1257 1619 1429 1670 ponendi
1444 1620 1619 1655 animam
1636 1631 1777 1664 meam,
1794 1626 1830 1654 et
1843 1626 2075 1669 potestatem
2096 1621 2168 1658 Iza-
2190 1623 2235 1653 18-

1180 1682 1246 1717 beo
1275 1683 1414 1718 iterum
1449 1680 1626 1718 sumendi
1642 1693 1739 1716 eam.
1772 1679 1894 1717 Sciens
1929 1694 2012 1731 ergo
2051 1682 2170 1720 omnia

1179 1750 1433 1787 consummata,
1463 1740 1526 1788 ait,
1554 1740 1665 1778 Sitio.
1687 1739 1756 1777 Hie
1781 1754 1926 1778 rursum
1947 1741 2171 1792 prophetiam

1177 1803 1378 1855 implet.Tu
1398 1817 1483 1841 vero
1498 1802 1587 1839 mihi
1601 1801 1780 1853 perpende
1799 1802 2008 1839 sceleratum
2023 1802 2168 1841 adstan-

1177 1864 1269 1902 tium
1284 1864 1457 1902 animum.
1479 1863 1632 1901 Etiamsi
1647 1863 1743 1901 enim
1757 1863 1961 1901 innumeros
1975 1864 2171 1904 habeamus

1177 1926 1354 1975 inimicos,
1377 1935 1410 1964 et
1429 1925 1669 1963 intolerabilia
1696 1925 1742 1963 ab
1775 1925 1825 1963 eis
1854 1927 2012 1978 perpessi
2041 1927 2168 1976 simus,

1176 1987 1319 2039 quando
1347 1987 1513 2025 videmus
1552 2001 1609 2024 eos
1640 1986 1820 2037 interfici,
1862 1988 2096 2039 plangimus:
2130 1990 2169 2027 hi

1174 2064 1259 2088 vero
1274 2064 1343 2087 non
1359 2048 1442 2087 flexi
1470 2057 1550 2086 sunt
1569 2062 1650 2099 erga
1674 2048 1790 2097 illum,
1814 2062 1926 2099 neque
1941 2048 1998 2086 his
2021 2064 2167 2102 conspe-

1173 2110 1239 2148 ctis
1267 2110 1423 2148 mitiores
1448 2109 1534 2146 faeti
1560 2117 1663 2158 sunt,
1686 2107 1747 2145 sed
1768 2108 1882 2159 magis
1915 2109 2166 2160 efferabantur,

1173 2181 1206 2209 et
1226 2171 1426 2209 irrisionem
1457 2170 1645 2222 augebant,
1666 2169 1702 2207 in
1732 2169 1879 2222 spongia
1907 2171 2092 2209 offerentes
2111 2172 2166 2209 illi

1172 2243 1340 2272 acetum·
1378 2234 1428 2271 sic
1461 2233 1516 2270 illi
1546 2242 1672 2285 potum
1707 2231 1816 2270 dedet
1820 2241 1895 2281 unt
1916 2242 1956 2270 ut
1988 2232 2166 2271 damnatis

83 1689 160 1724 γεν
180 1674 241 1719 Ἐξ
228 1674 362 1713 ουσίαν
383 1675 453 1727 ἔχω
474 1679 582 1714 Οεῖναι
600 1674 663 1723 τὴν
686 1676 799 1728 ψυγην
824 1692 910 1727 μου,
936 1675 996 1714 καὶ
1013 1675 1110 1720 ἐξου-

83 1735 161 1773 σίαν
195 1734 266 1788 ἔγω
296 1735 401 1774 πάλιν
436 1737 554 1775 λαὸεῖν
597 1737 715 1784 αὐτην.
752 1736 866 1780 Εἷόιος
900 1740 959 1774 οὖν
995 1736 1111 1775 πάντα

90 1799 206 1844 πεπλη
213 1813 362 1850 ρωμενα,
374 1797 425 1836 λε
414 1813 478 1849 γει·
495 1799 607 1850 Διψω,
622 1799 726 1837 πάλιν
738 1801 883 1837 ἐνταυΟα
896 1798 1110 1851 προφητείαν

84 1861 248 1912 πληρων.
243 1858 344 1897 Γ,Συ
327 1858 362 1897 οέ
379 1875 437 1910 μοι
453 1859 491 1897 τὸ
513 1859 637 1913 μιαρὸν
657 1876 726 1897 των
743 1859 976 1936 παρεστώτων
998 1859 1111 1906 ἐννόη

84 1939 153 1963 σον.
175 1922 249 1961 Κᾶν
271 1921 338 1975 γὰρ
357 1921 495 1975 μυρίους
512 1921 647 1973 ἔχωμεν
669 1921 809 1975 ἐγθρους
824 1949 833 1967 ,
855 1921 915 1959 καὶ
935 1922 1109 1969 ἀνηκεστα

84 1984 290 2028 πεπονθότες
306 1986 413 2035 ὠμεν,
431 1987 575 2035 ὁρωντες
597 1982 716 2026 αὐτους
734 1983 1018 2037 ἇναιρουμενους,
1039 2000 1106 2022 κα-

82 2046 380 2098 ταχαυιπτόμεθα·
404 2048 497 2083 οὑτοι
517 2044 552 2083 οε
572 2044 647 2083 οὐδὲ
670 2043 814 2088 οὕτως
800 2045 1005 2084 εσπείσαντο
1023 2046 1107 2098 πρὸς

88 2109 203 2156 αὐτὸν,
226 2106 301 2146 ουδὲ
329 2113 399 2150 τοῖς
431 2105 617 2158 ὃρωμενοις
639 2105 820 2158 γεγόνασιν
849 2105 996 2160 ἥμεροι,
1029 2108 1105 2145 ἀλλ’

82 2171 315 2222 ἔξεθηριοῧντο
332 2170 476 2219 μᾶλλον,
492 2167 551 2206 καὶ
566 2167 628 2214 τὴν
646 2167 821 2221 εἰρωνείαν
837 2167 1007 2207 ἐπέτεινον
1023 2184 1030 2192 ·
1047 2169 1106 2207 καὶ

79 2231 224 2284 σπόγγῳ
244 2229 536 2282 προσενέγκαντες
561 2228 654 2275 ὅξος,
685 2227 792 2272 οὕτως
814 2228 915 2267 αὐτὸν
937 2229 1105 2276 ἐπότιζον,

79 2297 126 2338 ὡς
144 2299 214 2337 τοῖς
231 2291 433 2334 καταοίκοῑς
465 2290 548 2328 αὐτο
576 2306 708 2344 προσφε
714 2307 852 2342 portat,
883 2290 959 2328 ἐπει
983 2307 1044 2329 και
1067 2306 1105 2329 το
1172 2294 1392 2348 pmrigitur:
1415 2309 1497 2332 nam
1515 2294 1694 2346 hyssopus
1714 2294 1792 2332 ideo
1807 2294 1967 2332 offertur
1986 2296 2048 2333 50.
2067 2297 2165 2334 Cum

79 2370 238 2394 υσσωποι
258 2352 314 2392 διὰ
332 2368 434 2391 τουτο
461 2351 677 2405 πρόσκειται.
699 2351 829 2390 Λαὸιι)ν
849 2367 906 2391 ουν
928 2368 1068 2404 φησι,
1055 2369 1105 2391 ε-
1127 2366 1150 2396 Β
1172 2358 1381 2408 accepisset
1412 2365 1541 2393 autem
1572 2356 1699 2402 dixit,
1741 2355 2062 2393 consummatum
2092 2366 2162 2396 est.

83 2416 253 2453 τέλεσται.
277 2407 377 2457 Εἶδες
400 2412 585 2464 ἀταράχως
612 2413 671 2450 καὶ
694 2415 768 2463 μετ’
805 2412 958 2457 ἐξουσίας
990 2414 1105 2452 πάντα
1173 2417 1347 2457 Vidistin'
1377 2431 1459 2454 eum
1478 2416 1779 2468 imperturbatum
1806 2430 1887 2453 eum
1904 2426 2075 2468 potestate
2089 2417 2166 2456 haec

78 2475 294 2527 πράττοντα,
318 2474 387 2512 Και
408 2474 476 2512 τὸ
463 2472 540 2519 εξῆς
561 2472 596 2510 δὲ
618 2489 717 2511 τουτο
733 2474 843 2520 δηλοῖ.
866 2473 1012 2521 Επειδὴ
1037 2474 1104 2528 γὰρ
1171 2478 1307 2527 facere,
1343 2477 1441 2528 quod
1472 2491 1517 2514 ex
1557 2477 1789 2527 sequentibus
1824 2476 2035 2515 ostenditur.
2073 2479 2164 2517 Cum

78 2537 194 2575 πάντα
233 2534 453 2588 ἀπηρτίσθη,
478 2534 606 2577 Κλίνας
631 2533 693 2581 τὴν
724 2533 877 2586 κεφαλὴν
911 2535 1006 2582 (οὐδὲ
1037 2536 1103 2589 γὰρ
1171 2538 1266 2575 enim
1320 2537 1439 2575 omnia
1481 2546 1725 2575 consummata
1777 2546 1888 2575 essent
1918 2568 1929 2587 ,
1966 2540 2164 2578 Inclinato

78 2598 165 2645 αὕτη
186 2597 438 2650 προσηλωτο),
454 2595 494 2633 τὸ
509 2611 646 2646 πνευμα
665 2597 798 2646 ἀφηκε,
814 2595 1002 2643 τουτέστιν,
1018 2596 1103 2634 ἀπέ-
1170 2602 1296 2651 capite
1312 2601 1406 2646 (non
1428 2598 1523 2636 enim
1541 2597 1634 2635 illud
1649 2597 1762 2636 clavis
1778 2607 1852 2635 erat
1870 2599 2023 2637 affixum
2037 2605 2061 2649 ),
2079 2610 2160 2639 tra—

77 2659 170 2711 ὼυξε.
188 2658 313 2696 Καίτοι
332 2659 369 2696 οὔ
393 2656 482 2708 μετὰ
500 2656 539 2694 τὸ
559 2658 673 2694 κλῖναι
693 2671 757 2701 την
786 2655 940 2707 κεφαλὴν
971 2657 1010 2694 τὸ
1040 2660 1100 2695 ἐκ-
1170 2661 1270 2697 didit
1301 2662 1491 2711 spiritum,
1520 2658 1588 2696 hoc
1610 2667 1684 2707 est,
1711 2658 1922 2711 exspiravit.
1954 2660 2067 2711 Atqui
2093 2676 2161 2701 non

279 2721 425 2757 ἐνταυθα
456 2715 492 2755 δὲ
516 2718 660 2755 τούναντ
665 2716 725 2754 ίον.
759 2716 851 2755 Οὐδὲ
881 2716 948 2768 γὰρ
981 2718 1100 2764 ἐπειδὴ
1170 2728 1249 2772 post
1267 2720 1480 2758 inclinatum
1510 2727 1615 2771 caput
1638 2719 1860 2771 exspiratur,
1880 2719 1940 2758 hic
1974 2735 2059 2760 vero
2080 2737 2162 2760 con-

1169 2781 1320 2818 trarium
1341 2779 1507 2818 efficitur.
1528 2780 1606 2817 Non
1626 2788 1815 2832 postquam
1833 2781 2076 2833 exspiraverat
2105 2798 2161 2821 ca-

1169 2850 1233 2894 put
1251 2841 1449 2890 inclinavit,
1467 2850 1506 2879 ut
1539 2841 1638 2894 apud
1655 2855 1718 2879 nos
1742 2841 1820 2879 fieri
1850 2842 1937 2880 solet
1949 2859 1960 2893 5
1982 2843 2043 2881 sed
2063 2854 2161 2896 post-

1169 2917 1278 2954 quam
1308 2903 1554 2950 inclinaverat,
1582 2903 1793 2956 exspiravit.
1831 2904 1971 2950 Quibus
1992 2906 2159 2944 omnibus

1167 2964 1364 3004 declaravit
1391 2964 1621 3016 evangelista,
1654 2964 1774 3017 ipsum
1803 2965 2052 3005 universorum
2087 2981 2161 3006 esse

1170 3025 1379 3063 Dominum.

76 2735 242 2759 πνευσαι·

76 2782 286 2829 ἐξέπνευσεν,
306 2781 417 2819 ἔκλινε
442 2796 505 2826 την
525 2777 652 2832 κεφαλ
630 2795 692 2827 ην,
713 2777 799 2832 οπερ
820 2781 871 2831 ἐφ’
893 2782 995 2830 ἡμων
1014 2779 1102 2830 γίνε-

75 2860 133 2882 ται
147 2859 154 2867 ·
176 2844 265 2891 ἀλλ’,
282 2841 400 2889 ἐπειδὴ
417 2841 529 2880 ἔκλινε
549 2840 611 2888 τὴν
633 2839 802 2892 κεφαλὴν,
816 2840 895 2879 τότε
910 2840 1100 2885 ἐξέπνευσε.

80 2906 134 2942 Δι’
165 2899 211 2941 ὧν
240 2903 380 2942 πάντων
416 2903 587 2949 ἐδήλωσεν
611 2905 629 2940 ὃ
659 2901 926 2953 εὖαγγελιστὴς,
955 2902 1007 2940 ὅτι
1041 2907 1099 2940 τοῦ

73 2966 200 3009 παντὸς
221 2964 347 3017 Κύριος
366 2964 466 3008 αὐτὸς
483 2958 541 3010 ἦν.

1220 3097 1258 3134 5.
1292 3098 1338 3134 At
1369 3095 1486 3135 Judaei
1514 3110 1671 3146 rursum,
1691 3096 1752 3146 qui
1780 3095 1955 3133 camelum
1986 3096 2282 3153 deglutio-J{‹1etl1.
2304 3103 2356 3131 «ἢ.

1166 3158 1252 3196 bant
1267 3167 1300 3195 et
1317 3157 1467 3195 culicem
1492 3156 1717 3205 excolabant,
1732 3166 1870 3195 tantum
1896 3159 1989 3195 nefas
2006 3159 2096 3204 ausi,
2113 3159 2156 3196 de
2170 3152 2218 3179 ²⁴*

1165 3219 1224 3257 die
1262 3219 1474 3257 consultant.
1505 3219 1569 3256 51.
1607 3219 1708 3268 Quia
1736 3219 1955 3256 Parasceve
1994 3228 2089 3265 erat,
2115 3229 2153 3256 ut

1166 3295 1242 3319 non
1258 3289 1499 3319 remanerent
1522 3283 1564 3316 in
1592 3293 1702 3316 cruce
1726 3293 1900 3329 corpora,
1924 3290 2153 3329 rogaverunt

1164 3344 1353 3385 Pilatum,
1375 3351 1415 3380 ut
1436 3343 1713 3393 frangerentur
1730 3354 1859 3377 eorum
1880 3353 2003 3376 crm'a.
2022 3340 2151 3378 Viden*

1162 3420 1267 3455 quam
1303 3405 1403 3442 sortis
1434 3403 1477 3441 sit
1508 3402 1662 3440 veritas?
1680 3403 1745 3439 Per
1778 3400 1893 3438 studia
1921 3415 2041 3439 eorum
2074 3416 2155 3453 pro-

125 3099 214 3137 Ἀλλ’
235 3100 266 3137 οἱ
283 3097 445 3136 Ἰουδαῖοι
460 3096 579 3144 πάλιν,
596 3098 628 3133 οἱ
641 3095 702 3142 τὴν
719 3096 877 3146 κάμηλον
892 3096 1099 3135 καταπίνω·
1120 3101 1143 3131 C

71 3177 147 3206 τες,
167 3161 226 3198 και
244 3160 301 3198 τὸν
322 3157 477 3197 κώνωπα
506 3156 730 3232 ριυλίζοντες,
755 3157 955 3203 τηλικουτον
989 3172 1096 3208 εργα-

73 3223 216 3272 σάμενοι
235 3221 419 3271 τόλμημα,
438 3218 519 3268 περὶ
535 3221 597 3264 τ’ῆς
615 3217 750 3270 ἡμέρας
773 3217 1093 3270 ἀκριὸολογουνται.

72 3283 200 3321 Επει
190 3298 256 3334 γαρ
273 3279 509 3334 παρασκευὴ
493 3295 535 3326 ην
551 3278 720 3326 λοιπον,”
707 3294 761 3316 ινα
778 3278 825 3328 μὴ
842 3278 941 3330 μείνη
962 3280 1018 3317 ἐπὶ
1037 3285 1095 3319 τοῦ

73 3348 221 3395 σταυροῦ
236 3341 280 3379 τὰ
297 3341 462 3391 σώματα,
484 3339 670 3392 ἠρώτησαν
692 3338 750 3376 τὸν
771 3339 939 3386 Πιλᾶτον,
956 3339 1011 3377 ἵνα
1032 3356 1095 3378 κα-

72 3407 239 3455 τεαγῶσιν
258 3404 369 3440 αὐτῶν
388 3402 430 3440 τὰ
449 3402 566 3447 σκέλη.
588 3400 696 3452 (Ορᾷς
712 3402 784 3443 πῶς
806 3402 896 3438 ἐστιν
914 3402 1051 3455 ἷῦὙΡρὸν
1071 3409 1090 3451 ἧ
