2481 3678
96 1415 184 1443 Joun.
203 1414 248 1444 15.

102 1467 147 1485 ι.).

93 1845 180 1871 Jmm.
211 1842 257 1869 15.

99 1894 143 1921 ¹9·

129 2275 280 2312 Evangelii

92 2318 231 2345 audiendi

96 2369 140 2384 mo
147 2359 162 2385 d
169 2368 198 2385 us
205 2379 210 2385 .

299 214 331 268 4

298 308 367 343 bus
378 319 447 356 per
468 305 687 346 Ecclesiam
709 307 959 360 multiformis
977 309 1168 357 sapientia
1191 307 1278 343 Dei.

297 367 337 406 Si
351 381 434 419 ergo
447 367 679 419 principatus,
696 376 896 420 potestates,
917 367 1112 404 Cherubim
1127 376 1160 404 et
1174 367 1281 405 Sera—

296 428 399 480 phim
415 429 490 466 haec
501 443 561 480 per
580 429 779 466 Ecclesiam
799 429 1012 477 didicerunt,
1034 428 1153 480 palam
1175 438 1225 467 est
1238 429 1284 466 il-

297 489 350 527 los
364 503 492 540 magna
502 503 583 526 cum
595 489 783 526 attentione
797 489 873 525 liceo
887 487 1086 526 edidicisse.
1102 489 1203 526 Certe
1213 503 1281 526 non

296 561 407 598 parvo
434 547 520 584 hinc
541 547 674 584 honore
705 546 895 595 afficimur,
915 545 1010 597 quod
1029 546 1145 598 angeli
1165 561 1203 584 ea
1222 560 1283 584 no-

298 607 437 645 biscum
447 606 605 655 audiant,
614 621 692 657 quae
705 607 930 658 ignorabant:
940 607 1035 658 quod
1050 616 1167 644 autem
1177 606 1282 644 ctiam

298 681 361 718 per
386 681 460 715 nos,
479 666 638 704 nondum
664 667 782 704 dicam
810 666 998 718 quomodo.
1015 668 1174 705 Multum
1200 681 1282 717 ergo

297 727 532 765 adhibeamus
564 742 645 765 cum
673 727 844 765 modestia
872 728 1063 778 silentium,
1085 742 1153 766 non
1178 727 1282 765 hodie

297 797 449 837 tantum,
464 797 525 825 aut
557 802 596 826 eo
621 788 811 826 dumtaxat
840 803 912 840 quo
939 789 1106 827 audimus
1133 789 1201 839 die,
1222 789 1283 827 sed

298 862 362 900 per
380 857 489 886 totam
504 848 616 888 vitam
622 865 633 899 3
655 849 738 899 quia
752 850 854 887 illum
869 850 963 888 omni
984 859 1142 902 tempore
1159 850 1283 888 audire

298 908 519 946 fructuosum
545 919 606 947 est.
630 911 722 948 Nam
754 911 782 948 si
809 925 847 948 ea
873 925 950 961 quae
971 911 1006 949 in
1026 911 1121 962 regia
1147 924 1281 962 gerun-

750 226 772 255 ’ὃ
782 246 791 256 .
827 226 1012 257 JOANle
1046 226 1128 256 CHR
1136 226 1289 256 YSOST.

297 981 367 1021 tur,
389 973 476 1010 scire
496 982 678 1024 optamus3
700 987 824 1026 nempe
849 973 937 1024 quid
956 975 1152 1026 Imperator
1165 974 1281 1022 faciat,

297 1033 385 1084 quid
397 1034 442 1072 de
461 1035 613 1073 subditis
630 1036 801 1084 consulat,
815 1035 951 1073 etiamsi
969 1050 1059 1087 saepe
1074 1035 1111 1072 id
1128 1035 1217 1072 nihil
1236 1035 1281 1073 ad

299 1108 362 1132 nos
382 1094 526 1133 attineat
544 1111 551 1132 :
573 1096 685 1133 multo
704 1096 817 1146 magis
833 1110 909 1146 quae
932 1097 1029 1133 Deus
1048 1095 1142 1133 dixit
1160 1095 1283 1133 audire

298 1156 495 1208 optandum
511 1168 561 1195 est
576 1174 583 1194 :
600 1172 681 1195 cum
697 1158 851 1195 maxime
862 1158 923 1194 illa
939 1157 1055 1194 omnia
1070 1157 1116 1194 ad
1131 1171 1194 1194 nos
1207 1171 1282 1208 spe-

298 1225 402 1254 ctent.
416 1217 501 1254 Haee
533 1232 638 1269 porro
659 1226 783 1254 cuncta
804 1226 966 1254 accurate
985 1216 1045 1253 ille
1064 1216 1166 1253 nobis
1184 1230 1282 1253 cnar-

296 1278 402 1327 rahit,
422 1278 517 1328 quod
545 1279 638 1329 regis
659 1278 794 1315 amicus
824 1278 881 1325 sit,
902 1277 973 1314 imo
993 1276 1089 1327 quod
1108 1290 1226 1328 regem
1247 1277 1283 1318 in

296 1352 332 1375 se
346 1338 547 1388 loquentem
559 1339 688 1375 habeat
700 1337 887 1388 omniaque
913 1337 1035 1374 abillo
1051 1336 1187 1384 audiat,
1204 1351 1282 1387 quae

296 1398 356 1437 ille
376 1414 396 1437 a
413 1400 516 1438 Patre
542 1399 671 1452 accipit
693 1415 700 1435 :
725 1413 807 1437 nam
834 1399 895 1448 ait7
917 1398 992 1436 Vos
1020 1399 1104 1435 dixi
1124 1400 1280 1446 amieos,

297 1463 391 1513 quia
405 1466 536 1499 omnia
551 1476 636 1513 qztae
653 1462 787 1498 audivi
802 1474 826 1497 a
841 1461 961 1497 Patre
976 1473 1070 1506 meo,
1095 1460 1283 1508 notajeci

298 1525 418 1560 vohis.
439 1520 749 1568 Quemadmodum
777 1521 903 1572 igitur,
925 1520 953 1558 si
982 1534 1086 1570 quem
1106 1534 1124 1557 e
1142 1533 1280 1557 summo

296 1584 381 1622 caelo
409 1598 561 1636 pronum
594 1592 734 1635 repente
751 1582 958 1631 viderimus,
979 1583 1039 1632 qui
1060 1581 1280 1634 promitteret

295 1660 332 1682 se
350 1645 453 1683 nobis
468 1644 619 1682 caelestia
633 1652 795 1681 accurate
815 1643 1141 1691 dicturum‚omnes
1159 1656 1280 1679 accur-

295 1719 451 1743 reremus
470 1721 477 1742 ε
496 1705 545 1743 ita
565 1718 658 1742 nunc
683 1718 822 1755 quoque
838 1703 954 1741 affecti
974 1703 1096 1740 simus.
1119 1702 1178 1739 Ex
1196 1703 1280 1741 caelo

295 1781 448 1818 namque
465 1767 522 1805 vir
545 1766 606 1804 ille
621 1780 682 1803 nos
706 1765 901 1816 alloquitur
921 1781 928 1801 :
949 1778 1019 1802 non
1040 1764 1133 1802 enim
1154 1772 1206 1801 est
1221 1778 1282 1802 ex—

294 1828 361 1865 hoc
381 1827 529 1877 mundo,
552 1837 591 1865 ut
612 1826 718 1864 etiam
732 1826 820 1863 dicit
835 1826 908 1878 ipse
928 1825 1091 1863 Christus
1112 1841 1119 1861 τ
1140 1826 1215 1862 Vos
1235 1826 1282 1862 cle

296 1891 368 1928 hoc
403 1890 546 1927 mundo
581 1902 658 1925 non
685 1891 790 1933 σαῖς,-
813 1895 846 1924 et
870 1887 1093 1924 Paracletum
1115 1886 1150 1923 in
1172 1900 1207 1923 se
1230 1886 1282 1923 lo-

293 1960 456 2002 quentem
488 1938 760 1999 liabet,11s)ique
784 1948 1077 2004 praeseme1n‚qui
1106 1948 1152 1985 ita
1184 1949 1283 1986 novit

293 2025 331 2048 ea
351 2026 428 2062 quae
445 2011 512 2049 Dei
532 2019 627 2059 sunt,
644 2019 682 2047 ut
696 2009 813 2047 anima
826 2008 981 2047 hominis
1001 2023 1055 2046 res
1069 2022 1150 2046 suas
1164 2008 1280 2057 novit3

294 2072 470 2123 Spiritum
489 2085 613 2123 nempe
633 2071 840 2119 sanctitatis,
860 2069 1037 2121 Spiritum
1059 2070 1280 2120 rectum‚qui

291 2132 417 2184 dirigit
443 2143 477 2171 et
497 2133 595 2170 ducit
622 2132 658 2169 in
676 2132 815 2177 caelum,
835 2132 898 2182 qui
922 2145 1031 2170 novos
1059 2130 1120 2168 dat
1146 2131 1278 2180 oculos,

292 2192 353 2243 qui
373 2192 409 2230 id
429 2192 537 2230 efficit
556 2201 595 2229 ut
615 2193 734 2229 futura
755 2202 933 2241 tamquam
951 2191 1134 2243 praesentia
1154 2191 1279 2231 videa-

272 2266 395 2302 -mus‚
416 2261 449 2290 et
473 2252 509 2290 in
535 2266 636 2290 earne
657 2251 806 2290 caelestia
839 2252 1051 2289 intueamur.
1076 2252 1142 2288 Per
1168 2260 1280 2289 totam

296 2326 379 2364 ergo
395 2313 509 2352 vitam
541 2326 604 2350 nos
634 2313 663 2349 ei
686 2311 806 2350 sedato
827 2321 859 2348 et
881 2311 1073 2361 tranquillo
1087 2310 1204 2349 animo
1222 2326 1282 2349 ex-

294 2373 484 2410 hibeamus
500 2388 508 2409 :
524 2386 626 2410 nemo
642 2374 806 2423 ignavus,
823 2386 925 2409 nemo
941 2372 1211 2422 somniculosus,
1226 2373 1283 2411 vel

295 2434 445 2472 maculis
469 2448 647 2485 respersus
674 2433 734 2470 hic
756 2442 893 2470 maneat
915 2448 922 2468 :
944 2432 1004 2470 sed
1020 2432 1054 2469 in
1075 2433 1200 2470 caelum
1220 2447 1282 2471 nos

294 2496 545 2532 transferamus
558 2524 569 2543 ,
611 2494 674 2531 ubi
703 2494 917 2545 evangelista
951 2493 1108 2544 loquitur
1141 2494 1184 2531 iis
1220 2495 1283 2545 qui

295 2557 374 2594 istic
394 2564 653 2594 conversantur.
673 2555 711 2592 Si
732 2555 766 2592 in
787 2565 879 2593 terra
898 2568 1116 2604 maneamus,
1127 2555 1212 2592 hinc
1232 2556 1282 2593 ni-

295 2616 348 2653 hil
362 2615 451 2652 lucri
473 2614 679 2652 referimus:
695 2615 842 2653 Joannis
864 2615 998 2666 quippe
1018 2614 1209 2667 disciplina
1228 2616 1282 2653 ni—

295 2678 348 2715 hil
367 2677 489 2716 attinet
508 2676 554 2713 ad
574 2690 648 2725 eos,
665 2676 728 2726 qui
743 2690 763 2712 a
780 2676 851 2714 vita
873 2677 989 2727 porcis
1010 2676 1119 2728 digna
1136 2691 1205 2715 non
1219 2677 1283 2715 ab-

297 2739 440 2787 sistunt,
451 2735 751 2787 quemadmodum
781 2735 870 2772 nihil
891 2737 1039 2774 attinent
1056 2737 1100 2774 ad
1129 2752 1209 2775 eum
1228 2753 1281 2776 res

296 2800 469 2836 humanae.
489 2797 641 2834 Tonitru
676 2795 820 2845 quidem
834 2826 842 2841 ‚
864 2796 1084 2834 inconditum
1118 2799 1280 2837 emittens

297 2873 434 2905 sonum,
453 2858 589 2895 animos
615 2865 750 2893 nostros
775 2856 1030 2908 perterrefacit5
1051 2859 1198 2896 ,Ioannis
1216 2874 1280 2896 au-

295 2931 364 2959 tem
379 2935 451 2959 vox
462 2919 637 2956 neminem
655 2917 816 2955 fidelium
833 2917 962 2965 turbat,
979 2917 1048 2954 imo
1065 2932 1109 2955 ex
1126 2921 1280 2958 tumultu

295 2992 326 3020 et
357 2980 620 3034 perturbatione
638 2978 777 3026 eximit,
798 2977 951 3027 solisque
969 2976 1190 3015 daemonibus
1216 2989 1282 3016 ter-

297 3043 367 3079 rori
396 3050 458 3089 cst,
479 3049 511 3077 et
539 3039 742 3076 tlaenioiiliiii
761 3038 884 3076 servis.
911 3039 956 3074 Ut
985 3037 1169 3075 videamus
1201 3053 1282 3089 ergo

295 3118 364 3153 quo
383 3111 486 3154 pacto
508 3100 588 3139 illos
615 3108 752 3148 terreat,
773 3107 806 3135 et
827 3098 945 3135 animo
967 3097 1134 3135 silcamus
1156 3108 1187 3135 et
1210 3113 1280 3149 ore,

336 3234 347 3245 r
373 3219 517 3262 Quidam
537 3221 570 3254 δι’
585 3224 674 3262 ἡμᾶς.
692 3215 779 3249 lbid.
800 3224 875 3258 post
891 3221 970 3252 οὔπω
986 3221 1059 3256 τέως
1077 3224 1151 3263 φημί
1182 3218 1294 3250 Morcl.

292 3283 323 3306 et
340 3272 476 3316 quidam
490 3271 545 3304 alii
559 3270 687 3302 addunt
704 3275 788 3302 τίνων
801 3274 818 3306 ἦ
833 3275 922 3303 ποίων
940 3273 1029 3303 ὄντων
1047 3275 1140 3312 ἡμῶν,
1153 3281 1223 3312 ‹1¹1ae
1240 3269 1296 3301 de-

290 3332 365 3356 snnt
380 3326 413 3355 in
430 3323 531 3356 savit.
549 3330 580 3354 et
598 3324 628 3354 in
647 3320 772 3353 caeteris
789 3321 862 3353 Mss.

333 3377 345 3395 ‘¹
370 3377 460 3407 Untlss
478 3380 594 3409 ἅπαντα.
612 3380 679 3416 ἡμῖν
698 3377 841 3418 διαεέρειν
858 3377 1012 3415 μάθωμεν.

1329 224 1515 255 ARCHIEP
1524 246 1532 254 .
1571 225 1654 255 CON
1663 222 1928 256 s'rANTINOP.

1307 791 1332 820 D

1308 2440 1329 2468 B

1353 305 1566 353 ’.Εκκλησίας
1583 310 1604 352 ἡ
1621 306 1864 350 πολυποίκιλος
1883 305 1985 358 σοφία
2002 309 2061 344 τοῦ
2077 307 2180 344 Θεοῦ.
2201 306 2245 342 Εἰ
2259 303 2374 343 τοίνυν

1352 366 1412 403 καὶ
1427 366 1534 418 ἀρχαὶ
1553 366 1611 403 καὶ
1631 366 1778 410 ἐξουσίαι
1792 382 1850 404 και
1865 365 1908 404 τὰ
1926 365 2108 418 Χερουὸὶμ
2125 364 2182 403 καὶ
2198 365 2240 402 τὰ
2261 365 2374 416 Σερα-

1353 425 1484 477 φὶαδιὰ
1500 442 1559 473 της
1576 425 1789 473 Εκκλησίας
1807 426 1933 477 ἔμαθον
1949 432 2070 473 ταῦτα,
2087 425 2264 473 εὔδηλον”
2244 442 2295 464 οτι
2314 426 2374 463 καὶ

1353 502 1455 523 αυται
1465 485 1554 537 μετὰ
1567 489 1696 534 πολλης
1707 491 1768 533 τῆς
1779 487 2007 539 σφοδρότητος
2021 503 2100 539 περι
2115 486 2243 534 ταύτην
2253 486 2374 524 ἐσπού-

1354 548 1464 584 δασαν
1494 546 1592 593 τὴν
1574 547 1751 599 ακρόασιν.
1774 547 1844 585 Και
1861 547 1927 598 γὰρ
1945 563 2005 584 και
2029 547 2140 599 τούτῳ
2157 546 2375 598 τετιμήμεθα

1353 611 1391 646 οὐ
1412 611 1544 661 μικρῶς
1558 639 1568 656 ,
1586 611 1635 661 τῷ
1654 611 1727 660 μεθ’
1748 610 1849 659 ἡμῶν
1869 607 1945 651 τοὺς
1965 607 2128 659 ἀγγέλους
2146 611 2265 657 μαθεῖν
2285 607 2375 658 ἅπερ

1352 669 1494 719 ἠγνόουν
1508 685 1514 692 ·
1535 670 1574 707 τὸ
1591 668 1625 707 δὲ
1640 668 1698 706 καὶ
1717 674 1731 690 ⁰
1746 669 1788 706 δι’
1807 671 1921 719 ἡμῶν,
1936 668 2032 706 οὔπω
2053 668 2138 711 τέως
2157 667 2257 719 φημί.
2274 668 2374 705 Πολ-

1351 729 1414 776 λὴν
1443 724 1500 768 οὖν
1528 729 1741 783 παρέχωμεν
1761 730 1820 768 καὶ
1846 733 1947 781 ἡμεῖς
1976 729 2038 776 τὴν
2061 728 2160 780 σιγὴν
2193 729 2281 779 μετὰ
2312 732 2375 775 τ’ῆς

1353 790 1555 840 εὐκοσμίας,
1573 790 1621 841 μὴ
1639 791 1788 844 σήμερον
1810 790 1925 841 μόνον,
1946 789 2032 841 μηδὲ
2053 790 2144 828 κατὰ
2162 789 2224 836 τὴν
2239 789 2375 841 ἡμέραν

1352 852 1387 889 ἐν
1401 845 1460 902 ἦ
1442 851 1623 902 ακούομεν,
1647 850 1735 890 ἀλλὰ
1758 851 1814 888 διὰ
1829 851 1956 895 παντὸς
1974 856 2033 889 τοῦ
2057 850 2151 901 βίου
2173 849 2290 896 επειδὴ
2315 866 2375 887 και

1353 912 1409 950 διὰ
1428 928 1554 957 παντος
1579 912 1713 951 ἀκούειν
1734 914 1836 951 αυτου
1856 912 1972 951 καλόν.
1995 914 2067 950 Εἰ
2057 911 2123 964 γὰρ
2139 927 2182 948 τα
2210 914 2244 949 ἐν
2276 913 2375 961 βασι-

1352 973 1454 1017 λείοις
1469 973 1632 1025 γινόμενα
1647 978 1817 1024 ποθουμεν
1838 973 1983 1012 εἰδέναι·
2004 977 2086 1020 οἷον,
2102 972 2136 1010 τί
2158 976 2250 1019 εἰπε,
2267 971 2301 1008 τί
2316 988 2375 1009 πε-

1352 1033 1497 1082 ποίηκε,
1517 1034 1550 1071 τί
1571 1033 1770 1085 βουλεύεται
1798 1050 1877 1086 περι
1898 1037 1965 1072 τῶν
1986 1033 2188 1086 ἀρχομένων
2221 1035 2239 1070 ὁ
2269 1035 2373 1082 βασι-

1351 1094 1474 1142 λεύων,
1495 1094 1609 1133 καίτοι
1624 1111 1662 1146 γε
1675 1095 1844 1138 πολλάκις
1858 1094 1952 1133 οὐδὲν
1966 1094 2050 1146 πρὸς
2068 1098 2163 1144 ἡμᾶς
2176 1093 2258 1131 ὄντα
2269 1108 2276 1115 ·
2293 1094 2376 1131 πολ-

1351 1158 1402 1208 λῷ
1431 1158 1561 1206 μᾶλλον
1582 1156 1669 1207 ἅπερ
1696 1159 1713 1193 ὃ
1738 1155 1826 1199 Θεὸς
1857 1150 1930 1194 εἷπε
1951 1156 2104 1194 ποθεινὸν
2129 1158 2295 1202 ἀκοῦσαι,
2316 1153 2377 1192 καὶ

1711 1214 1873 1253 ᾱᾶπαντα
1888 1216 2174 1267 διαφέρῃ.Ταῧτα
2188 1215 2224 1254 δὲ
2238 1215 2376 1252 ἅπαντα

1353 1215 1505 1264 μάλιστα
1520 1215 1602 1253 ὅταν
1612 1221 1695 1266 ἡμῖν

1353 1275 1442 1326 μετὰ
1465 1276 1643 1328 ἀκριὸείας
1661 1280 1746 1327 ἡμῖν
1766 1270 1861 1319 οὗτος
1883 1278 1973 1329 ἐρεῖ,
1993 1276 2089 1327 φίλος
2110 1278 2211 1313 αὐτοῦ
2232 1280 2290 1313 τοῦ
2308 1277 2375 1326 βα-

1353 1337 1542 1381 σιλεύοντος
1560 1337 1627 1375 ὤν·
1658 1339 1787 1388 μᾶλλον
1817 1336 1853 1376 δὲ
1877 1337 1936 1375 καὶ
1965 1337 2065 1375 αὐτὸν
2089 1336 2177 1388 ἔχων
2197 1337 2231 1373 ἓν
2264 1338 2376 1387 ἑαυτῷ

1352 1401 1542 1446 λαλοῦντα,
1558 1398 1617 1436 καὶ
1635 1401 1718 1450 παρ’
1739 1401 1841 1436 αὐτοῦ
1861 1397 1975 1435 πάντα
1998 1396 2144 1444 ἀκούων,
2161 1396 2183 1433 ἃ
2201 1395 2298 1447 παρὰ
2317 1401 2376 1434 τοῦ

1353 1460 1492 1511 Πατρὸς
1512 1462 1654 1502 ἐκεῖνος·
1672 1459 1785 1509 Ἱ“μᾶς
1807 1458 1874 1511 γὰρ
1893 1458 2014 1510 εἴρηκα
2031 1457 2146 1509 φίλους
2161 1488 2169 1504 ‚
2187 1457 2302 1509 φησὶν,
2321 1457 2375 1495 ὅτι

1352 1519 1487 1567 πάντα,
1507 1519 1529 1556 ἃ
1548 1520 1681 1566 ἤκουσα
1710 1518 1806 1570 παρὰ
1831 1523 1890 1557 τοῦ
1925 1518 2062 1571 Πατρός
2091 1534 2174 1568 μου,
2206 1517 2376 1571 ἐγνώρισα

1352 1584 1446 1631 ὑμῖν.
1463 1579 1602 1633 εὨσπερ
1622 1574 1678 1618 οἶν
1699 1579 1732 1616 εἴ
1746 1596 1824 1617 τινα
1850 1580 1977 1617 ἄνωθεν
1997 1581 2035 1616 ἐκ
2060 1582 2123 1625 τῆς
2144 1582 2295 1630 κορυφῆς
2317 1582 2376 1616 τοῦ

1352 1644 1493 1694 οὐρανοῦ
1522 1640 1736 1692 διακόψαντα
1762 1641 1884 1693 ἀθρόον
1904 1639 2050 1691 εἴδομεν,
2078 1639 2136 1678 καὶ
2162 1639 2376 1691 ἐπαγγελλό-

1353 1717 1453 1754 μενον
1467 1701 1511 1739 τὰ
1528 1704 1597 1739 ἐκεῖ
1620 1700 1707 1752 μετὰ
1727 1700 1905 1753 ἀκριὸείας
1920 1703 2019 1753 ἐρεῖν,
2036 1700 2161 1743 πάντες
2177 1699 2216 1737 ἂν
2232 1700 2378 1754 ἐπεδρά-

1354 1777 1462 1813 μομεν
1481 1777 1487 1784 ·
1508 1760 1598 1800 οὕτω
1614 1762 1672 1798 καὶ
1691 1766 1747 1799 νῦν
1770 1762 2016 1811 ὃὃιατεΟεῖὶμεν.
2035 1760 2189 1798 Ἐκεῖθεν
2210 1759 2276 1812 γὰρ
2290 1763 2376 1810 ἡμῖν

1352 1828 1369 1862 ὃ
1385 1823 1471 1874 ἀνὴρ
1494 1816 1590 1867 οἶτος
1610 1822 1817 1874 διαλέγεται.
1843 1824 1896 1860 Οὐ
1912 1822 1978 1874 γάρ
1997 1824 2090 1860 ἐστιν
2108 1824 2146 1858 ἐκ
2166 1825 2225 1858 τοῦ
2242 1820 2376 1871 κόσμου

1352 1885 1472 1923 τούτου
1487 1915 1496 1932 ,
1516 1884 1629 1927 καθώς
1649 1900 1734 1936 φησι
1753 1882 1812 1920 καὶ
1831 1882 1930 1925 αὐτὸς
1949 1886 1966 1920 ὁ
1988 1881 2156 1934 Χριστός·
2180 1881 2301 1931 ἰΥμεῖς
2316 1884 2376 1919 οὐκ

1354 1945 1429 1985 ἐστὲ
1449 1948 1488 1984 ἐκ
1502 1962 1560 1984 του
1581 1945 1712 1995 κόσμου
1731 1942 1872 1981 τούτου·
1894 1959 1954 1980 και
1971 1959 2027 1981 τον
2048 1944 2107 1980 Hc.
2098 1941 2321 1995 ράκλητον”
2303 1958 2375 1993 εχει

1352 2006 1581 2059 φθεγγόμενον
1617 2008 1650 2044 ἐν
1681 2006 1792 2055 ἑαυτω
1819 2003 1877 2041 τὸν
1901 2019 2080 2055 πανταχου
2113 2002 2294 2055 παρόντα,
2315 2002 2373 2039 τὸν

1351 2067 1457 2111 οὕτως
1473 2067 1624 2119 ἀκριὸως
1641 2066 1754 2104 εἰδότα
1768 2065 1811 2103 τὰ
1828 2080 1886 2103 του
1902 2066 2046 2112 Θεου,
2028 2080 2074 2107 ως
2083 2062 2127 2101 τὰ
2143 2066 2268 2110 ἑαυτῆς
2287 2057 2374 2101 οιδεν

1349 2132 1371 2175 ἦ
1390 2131 1459 2166 τῶν
1480 2126 1669 2180 ἀνθρωπων
1698 2126 1813 2178 ψυχή·
1835 2125 1874 2162 τὸ
1895 2126 2041 2176 Πνευμα
2068 2128 2130 2171 τ’ἦς
2160 2123 2374 2175 ἁγιωσύνης,

1351 2190 1389 2228 τὸ
1410 2191 1554 2240 Πνεῦμα
1574 2189 1614 2227 τὸ
1633 2187 1746 2235 εὖθὲς,
1773 2187 1813 2225 τὸ
1836 2186 2054 2239 ἡγεμονικὸν,
2073 2186 2113 2224 τὸ
2139 2192 2374 2238 χειραγωγοῦν

1351 2253 1398 2292 εἷς
1415 2248 1492 2292 τοὺς
1520 2247 1701 2301 οὐρανοὺς,
1732 2248 1771 2286 τὸ
1798 2251 1915 2285 ποιοῦν
1935 2246 2130 2299 ὀφθαλμοὺς
2152 2246 2308 2299 ἑτέρους,
2337 2248 2377 2286 τὸ

1351 2309 1610 2362 παρασκευάζον
1632 2308 1677 2347 τὰ
1704 2309 1873 2360 μέλλοντα
1893 2310 1939 2351 ὡς
1959 2306 2003 2345 τὰ
2025 2307 2181 2360 παρόντα
2209 2311 2305 2360 ὃρᾷν,
2336 2308 2376 2346 τὸ

1352 2371 1411 2409 καὶ
1428 2370 1526 2421 percle]
1536 2370 1662 2422 σαρκὸς
1686 2369 1729 2407 τὰ
1749 2372 1782 2407 ἐν
1797 2374 1867 2411 τοῖς
1889 2370 2041 2421 οὐρανοῖς
2055 2367 2281 2406 κατοπτεύειν
2300 2384 2374 2406 πα-

1355 2432 1466 2484 ρέχον.
1489 2431 1505 2451 ¹³
1520 2430 1660 2477 Πολλὴν
1688 2430 1799 2468 τοίνυν
1826 2429 2036 2481 παρέχωμεν
2057 2428 2119 2475 τὴν
2136 2428 2286 2480 ἡσυχίαν
2318 2429 2376 2468 διὰ

1352 2494 1479 2536 παντὸς
1493 2495 1585 2544 αὐτῷ
1598 2497 1658 2530 τοῦ
1676 2491 1750 2543 βίου
1763 2507 1770 2515 ·
1789 2491 1909 2542 μηδεὶς
1923 2489 2035 2536 νωΟὴς
2046 2520 2056 2538 ,
2073 2490 2192 2540 μηδεὶς
2207 2491 2374 2537 ὑπνηλὸς,

1354 2554 1472 2605 μηδεὶς
1493 2551 1652 2605 ῥυπώδης
1669 2555 1814 2591 ἐνταῦθα
1834 2550 1947 2589 εἰσιὼν
1970 2551 2100 2601 μενέτω
2115 2565 2123 2573 ·
2144 2549 2233 2587 ἀλλὰ
2262 2566 2373 2600 μετα-

1352 2615 1534 2664 στήσωμεν
1554 2612 1692 2656 ἑαυτοὺς
1715 2612 1800 2664 πρὸς
1819 2612 1875 2649 τὸν
1896 2610 2035 2664 οὐρανόν
2055 2627 2061 2634 ·
2081 2613 2151 2648 ἐκεῖ
2181 2610 2249 2664 γὰρ
2263 2616 2375 2649 ταῦτα

1351 2675 1534 2728 φθέγγεται
1547 2680 1617 2718 τοῖς
1637 2677 1706 2713 ἐκεῖ
1725 2672 2011 2723 πολιτευομένοις.
2033 2671 2106 2710 Κᾶν
2128 2672 2298 2722 μείνωμεν
2315 2672 2372 2709 ἐπὶ

1350 2741 1411 2784 τῆς
1425 2740 1506 2788 γ’ῆς,
1523 2734 1616 2773 οωὲν
1638 2735 1867 2787 κερδανουμεν
1887 2735 2036 2770 ἕντευΟεν
2061 2731 2161 2782 μέγα.
2180 2730 2289 2769 Οὐδὲν
2306 2731 2373 2783 γὰρ

1351 2813 1434 2849 προς
1454 2813 1530 2838 τους
1551 2811 1588 2833 ου
1606 2793 1830 2867 βουλομένους
1851 2793 2095 2842 ἀπαλλαγηναι
2109 2807 2168 2828 του
2186 2790 2374 2843 χοιρωδους

1353 2857 1426 2909 βίου
1444 2856 1488 2894 τὰ
1501 2855 1681 2900 Ιωάννου,
1700 2852 1818 2905 ὥσπερ
1837 2855 1892 2889 οὖν
1914 2851 1988 2889 οὐδὲ
2006 2867 2090 2903 προς
2111 2853 2237 2888 ἐκεῖνον
2258 2850 2302 2888 τὰ
2322 2853 2374 2889 ἐν-

1351 2921 1472 2956 ταυΟα.
1488 2916 1531 2954 H
1557 2914 1617 2966 μεν
1643 2917 1700 2952 οὐν
1720 2912 1843 2965 βροντη
1867 2912 2102 2958 καταπλήττει
2123 2911 2184 2955 τὰς
2199 2912 2373 2963 ἡμετερας

1351 2978 1482 3030 ψυχὰς,
1504 2976 1638 3025 ἀσημον
1660 2974 1785 3026 ἔχουσα
1819 2972 1880 3019 τὴν
1900 2972 2013 3023 ηχήν·
2033 2976 2054 3018 ἡ
2073 2971 2108 3009 δε
2128 2971 2248 3010 τούτου
2276 2972 2372 3023 φωνὴ

1351 3037 1485 3090 Οορυὸεἷ
1517 3036 1576 3086 μὲν
1605 3034 1723 3072 οὐδένα
1753 3037 1818 3071 τῶν
1852 3035 1997 3079 πιστῶν,
2033 3031 2123 3069 ἀλλὰ
2158 3033 2218 3070 καὶ
2257 3031 2373 3078 ἀνίησι

1349 3099 1491 3151 0ορύὸου
1511 3098 1570 3136 καὶ
1595 3099 1771 3149 ταραχῆς·
1793 3094 2029 3140 καταπλήττει
2060 3093 2094 3132 δὲ
2126 3092 2292 3143 δαίμονας
2312 3092 2373 3142 μό-

1410 3228 1423 3243 ss
1448 3217 1548 3251 Savil.
1567 3224 1600 3249 et
1625 3216 1698 3248 Mss,
1718 3225 1800 3257 pene
1824 3225 1937 3247 omncs
1964 3217 2155 3255 διατεθῶμεν.
2170 3210 2285 3244 Morel.
2305 3214 2372 3245 δια-

1367 3275 1475 3311 θῶμεν.

1409 3323 1423 3344 ¹¹
1449 3319 1549 3353 Savll·
1570 3326 1601 3351 ct
1618 3317 1752 3361 quidam
1771 3320 1883 3354 πολλὴν
1901 3317 1947 3350 οὖν
1966 3322 2154 3361 παρέχωμεν.
