2481 3678
70 2323 156 2346 .l¹·an.
180 2326 227 2357 17.

267 187 355 240 542
708 198 745 228 S.

264 282 372 318 milii.
392 280 436 319 Id
454 281 611 333 profecto
627 294 730 320 nemo
743 282 856 320 novit.
874 282 931 320 Ex
947 297 1016 321 uno
1030 292 1149 321 autem
1160 283 1247 321 alte-

264 357 345 380 rum
378 342 624 380 confirmatur.
657 342 734 393 Ego
757 357 841 382 vero
855 353 943 396 puto
963 343 1002 382 id
1021 353 1054 382 et
1076 343 1248 382 ministris

266 403 486 455 aeniglnatiee
503 403 591 453 dici,
614 412 648 441 et
662 403 842 441 ministros
854 413 1026 456 spectare,
1042 419 1113 455 quo
1132 405 1248 443 maxi-

266 480 321 504 me
342 465 422 503 illos
449 464 622 513 alliceret3
653 464 838 503 ostendens
872 480 908 504 se
931 466 1020 504 seire
1041 480 1104 504 cur
1131 467 1249 506 venis—

266 536 361 576 sent;
383 527 463 564 acsi
474 526 622 574 diceret,
641 526 854 578 Exspectate
872 527 1067 579 paulisper,
1082 537 1115 566 et
1130 528 1247 566 abibo.

265 590 329 627 55.
351 590 543 626 Dicebant
559 603 646 640 ergo
663 589 797 627 Judoei
810 591 912 626 inter
929 603 968 628 se
987 606 997 626 :
1024 591 1108 641 Quo
1125 593 1249 629 iturus

264 660 318 689 est
338 656 354 688 P
372 650 530 688 Tametsi
564 650 618 687 illi
636 650 698 701 qui
717 649 966 689 desiderabant
994 661 1033 690 ut
1055 652 1179 701 abiret,
1196 652 1250 689 ni-

264 711 389 762 hilque
414 725 483 749 non
502 711 667 762 agebant,
705 720 745 748 ut
775 725 818 749 ne
838 712 931 750 ultra
953 712 1117 751 viderent
1156 727 1249 763 eum,

265 788 333 812 non
352 773 556 812 debuissent
574 774 641 812 hoc
660 788 836 825 quaerere,
858 774 920 813 sed
951 775 1083 825 dicere,
1107 775 1252 814 Gaude-
1274 788 1298 818 D

264 849 342 872 mus
376 834 474 886 quod
505 835 608 873 abeas
629 851 636 871 ε
658 844 692 873 et
722 835 866 886 quando
896 836 964 874 hoc
982 837 1078 874 erit?
1099 836 1171 875 Sed
1193 837 1249 875 his

264 896 383 934 verbis
404 897 654 946 movebantur,
676 906 710 935 et
730 898 775 935 ab
793 912 829 935 se
840 906 962 936 mutuo
977 912 1017 935 ac
1037 898 1144 936 stulte
1155 912 1250 948 quae-

264 969 360 1005 runt,
372 974 442 1009 quo
457 959 571 997 iturus
588 969 688 997 esset.
700 961 905 1011 Numquid
919 963 960 997 in
976 961 1252 1011 dispersionem

262 1023 434 1071 gentium
454 1025 471 1057 ἑ)
489 1020 588 1066 Quid
612 1029 674 1069 est,
693 1022 742 1057 In
759 1021 1031 1071 dispersionem
1046 1023 1217 1071 gentium
1235 1024 1251 1056 Ρ

264 1081 324 1118 Sic
346 1089 464 1131 gentes
484 1081 660 1118 vocabant
678 1082 700 1119 J
705 1079 811 1127 udaei,
834 1080 919 1130 quia
933 1080 1067 1130 ubique
1081 1080 1252 1132 dispersae

263 1149 376 1190 erant,
398 1150 431 1178 et
449 1140 561 1177 libere
581 1139 914 1177 commiscebantur.
941 1139 1042 1177 Hane
1060 1154 1201 1191 quoque
1219 1150 1253 1180 et

264 1202 315 1239 illi
340 1210 458 1252 postea
490 1200 723 1252 ignominiam
742 1200 836 1251 passi
852 1209 936 1238 sunt
950 1216 958 1237 :
972 1214 1056 1238 nam
1074 1200 1144 1253 ipsi
1163 1216 1252 1252 quo—

263 1277 331 1313 que
350 1262 523 1314 dispersio
544 1262 700 1299 fuerunt.
719 1261 819 1299 Olim
831 1271 904 1299 tota
916 1276 1000 1313 gens
1014 1262 1123 1300 simul
1135 1273 1253 1302 coacta

263 1333 351 1373 erat,
373 1337 436 1360 nec
465 1323 552 1360 alibi
585 1322 740 1375 reperire
760 1332 834 1361 erat
865 1322 1048 1374 Judaeum,
1071 1338 1181 1375 quam
1216 1325 1253 1364 in

264 1383 451 1422 Palaestina
470 1393 622 1422 tantum.
651 1383 736 1422 ldeo
769 1383 886 1424 Judaei
922 1394 1041 1437 gentes
1076 1386 1254 1424 vocabant

264 1445 536 1498 dispersionem,
557 1446 812 1498 exprobrantes
831 1446 917 1497 illis,
936 1461 977 1484 ae
995 1446 1039 1485 de
1057 1461 1093 1485 se
1111 1447 1252 1499 magni-

264 1509 330 1545 fiee
342 1507 543 1545 sentientes.
563 1507 664 1553 Quid
680 1521 763 1559 ergo
775 1507 843 1546 sihi
856 1508 936 1547 vult
956 1507 1061 1557 illud,
1082 1509 1166 1559 Quo
1183 1523 1250 1560 ego

266 1572 386 1616 vado,
408 1584 478 1608 vos
497 1584 575 1607 non
593 1573 752 1622 potestis
768 1572 904 1608 venire
919 1600 929 1619 ,
952 1569 1042 1609 dum
1065 1584 1149 1609 cum
1174 1570 1247 1609 illis
1276 1579 1300 1609 E

266 1631 383 1671 Judaei
406 1630 540 1681 ubique
560 1645 623 1683 per
645 1630 767 1668 orbem
788 1639 965 1668 terrarum
986 1631 1253 1670 commisceren-

267 1692 347 1729 tur?
360 1691 397 1729 Si
411 1705 494 1743 ergo
507 1701 625 1743 gentes
638 1691 840 1743 significare
851 1691 1033 1742 voluisset,
1047 1706 1117 1730 non
1131 1691 1251 1730 dixis—

266 1764 331 1805 set,
363 1757 446 1805 Quo
464 1768 542 1792 non
554 1757 712 1806 potestis
729 1756 877 1792 venire.
899 1754 992 1791 Cum
1008 1763 1127 1792 autem
1149 1754 1253 1793 dixe—

268 1827 366 1867 runt,
382 1819 488 1855 Num
502 1820 544 1854 in
559 1818 832 1869 dispersionem
847 1819 1020 1868 gentium
1037 1820 1162 1856 iturus
1179 1822 1254 1856 est?

269 1894 338 1918 non
358 1879 588 1928 addiderunt,
609 1878 657 1916 Et
692 1879 897 1931 perditurus
917 1892 988 1928 eas,
1010 1878 1086 1929 sed,
1108 1880 1254 1917 Doctu-

269 1954 348 1979 rus.
369 1941 429 1979 Sic
451 1940 569 1979 sedata
592 1950 643 1978 est
662 1940 807 1978 illorum
826 1940 893 1991 ira,
913 1949 947 1977 et
964 1939 1071 1978 dictis
1090 1940 1254 1979 credide-

270 2011 366 2039 runt.
391 2003 483 2039 Nam
499 2001 528 2039 si
546 2015 614 2039 non
635 2001 881 2052 credidissent,
904 2015 974 2039 non
997 2002 1179 2052 quaesituri
1199 2002 1255 2041 in-

1267 2043 1314 2069 298

786 198 971 229 JOANNIS
1005 200 1243 231 CHRYSOST.
1285 199 1492 230 Aucnnzl‘.
1531 199 1886 230 CONSTANTffiOP.

1320 282 1390 321 Καὶ
1408 282 1496 325 ὅλως
1511 281 1619 325 οὐδείς
1637 284 1728 320 ἐστιν
1748 285 1766 320 ὃ
1793 282 1911 334 μαθὼν
1926 287 2037 323 τοῦτο.
2055 283 2120 321 Ἐκ
2139 282 2176 321 δὲ
2195 286 2254 320 τοῦ
2275 284 2345 325 ἑνὸς

1320 342 1431 381 καὶτὸ
1447 341 1501 380 ἕτε
1508 358 1563 395 ρον
1578 348 1772 381 πιστοῦται.
1794 342 1890 395 Ἐγὼ
1910 343 1945 382 δὲ
1964 338 2062 395 οἶμαι
2072 374 2083 393 ,
2097 344 2157 382 καὶ
2170 343 2255 396 πρὸς
2268 343 2347 386 τοὺς

1320 403 1495 458 ὑπηρέτας
1516 408 1615 442 τοῦτο
1629 408 1643 424 ‘¹
1658 403 1889 453 αἰνίττεσθαι,
1906 405 1966 444 καὶ
1981 405 2066 457 πρὸς
2081 404 2203 449 αὐτοὺς
2219 404 2276 442 τὸν
2290 404 2347 442 λό-

1320 483 1378 514 γον
1397 465 1601 514 ἀποτείνειν,
1617 459 1646 518 ᾧ
1670 464 1823 516 μάλιστα
1842 466 1962 511 αὐτοὺς
1982 466 2222 514 ἐπεσπάσατο,
2238 464 2349 509 δείξας

1322 528 1442 567 ἑαυτὸν
1463 527 1577 567 εἰδότα
1602 530 1665 574 τῆς
1689 525 1834 579 ἀφίξεως
1852 526 1915 575 τὴν
1933 528 2060 577 αἰτίαν,
2081 527 2209 565 ὡσανεὶ
2234 526 2349 578 ἔλεγε·

1321 590 1544 643 περιμείνατε
1571 589 1706 643 μικρὸν,
1728 589 1788 628 καὶ
1810 590 2058 642 ἀπελεύσομαι.
2072 589 2220 641 Ἔλεγον
2241 582 2298 627 οῦν
2318 591 2349 627 οἱ

1321 653 1481 690 Ἰουδαῖοι
1500 651 1585 704 πρὸς
1607 651 1763 695 ἑαυτούς·
1779 656 1845 690 ποῦ
1865 645 1962 696 οὗτος
1986 652 2105 703 μέλλει
2121 650 2348 702 πορεύεσθαι;

1322 713 1392 752 Καὶ
1414 713 1481 764 μὴν
1499 713 1577 757 τοὺς
1591 715 1841 766 ἐπιθυμοῦντας
1862 715 2127 766 ἀπαλλαγῆναι,
2144 712 2222 756 τοὺς
2234 713 2350 751 πάντα

1323 775 1540 828 πράττοντας
1558 774 1647 813 ὥστε
1677 774 1725 826 μὴ
1754 774 1893 826 βλέπειν
1914 775 2027 823 αὐτὸν,
2046 775 2108 813 οὔκ
2128 775 2233 826 ἐχρῆν
2251 778 2351 812 τοῦτο

1323 839 1435 884 ζητεῖν
1446 869 1456 886 ,
1469 839 1545 876 ἀλλ’
1565 840 1687 883 εἰπεῖν,
1703 836 1755 876 ὅτι
1775 837 1833 876 καὶ
1846 836 2092 888 ἀσμενίζομεν,
2107 836 2168 874 καὶ
2183 835 2269 874 πότε
2283 833 2351 887 γὰρ

1325 904 1424 938 τοῦτο
1452 899 1569 948 ἔσται;
1597 900 1687 938 Ἀλλ’
1709 898 1834 938 ἔπαθόν
1854 916 1888 937 τι
1908 899 1994 951 πρὸς
2013 898 2058 937 τὰ
2079 897 2266 950 λεχθέντα,
2291 896 2351 934 καὶ

1322 962 1460 1006 ζητοῦσι
1497 961 1582 1013 πρὸς
1624 959 1764 1004 ἑαυτοὺς
1804 960 1960 1007 ἀνοήτως
1987 958 2256 1005 ὑποπτεύοντες,
2285 961 2352 995 ποῦ

1324 1021 1444 1072 μέλλει
1461 1021 1679 1074 πορεύεσθαι.
1700 1021 1762 1069 Μὴ
1784 1024 1830 1064 εἷς
1847 1021 1909 1068 τὴν
1933 1020 2124 1073 διασπορὰν
2141 1022 2210 1058 τῶν
2227 1018 2352 1065 Ἑλλή-

1323 1097 1412 1130 νων,
1431 1082 1480 1121 Τί
1498 1085 1603 1131 ἐστιν,
1624 1084 1686 1126 Εἷς
1716 1081 1907 1135 διασπορὰν
1927 1085 1994 1120 τῶν
2013 1081 2214 1128 εΕλλτ’,νιι)ν;
2247 1078 2353 1118 Οὕτω

1323 1140 1367 1177 τὰ
1395 1140 1475 1186 ἔθνη
1500 1140 1644 1179 ἐκάλουν
1664 1143 1695 1179 οἱ
1721 1140 1902 1189 Ἰουδαῖοι,
1923 1140 1980 1179 διὰ
2006 1141 2046 1178 τὸ
2077 1143 2258 1191 πανταχοῦ
2281 1139 2354 1175 διε-

1324 1199 1477 1253 σπάρθαι
1489 1230 1498 1248 ,
1515 1200 1575 1239 καὶ
1596 1201 1704 1244 ἀδεῶς
1721 1200 1883 1247 ἀλλήλοις
1908 1199 2165 1252 ἐπιμίγνυσθαι.
2187 1200 2300 1237 Τοῦτο
2317 1198 2353 1236 δὲ

1323 1261 1383 1299 καὶ
1404 1260 1502 1299 αὐτοὶ
1520 1261 1640 1300 λοιπὸν
1666 1261 1706 1300 τὸ
1724 1261 1850 1305 ὄνειδος
1866 1260 2071 1311 ὑπέμειναν·
2091 1258 2264 1312 διασπορὰ
2286 1257 2354 1311 γὰρ

1322 1317 1410 1370 ἦσαν
1427 1322 1486 1361 καὶ
1503 1322 1611 1362 αὐτοί.
1634 1323 1687 1362 Τὸ
1711 1322 1779 1375 γὰρ
1798 1323 1947 1361 παλαιὸν
1968 1322 2060 1361 ἅπαν
2080 1322 2120 1360 τὸ
2138 1321 2231 1365 ἔθνος
2252 1323 2301 1364 εἷς
2319 1320 2354 1358 ἓν

1324 1384 1539 1433 συνείλεκτο,
1563 1384 1623 1422 καὶ
1641 1386 1704 1423 οὐκ
1719 1378 1760 1431 ἦν
1778 1385 1932 1436 ἀλλαχοῦ
1952 1383 2118 1422 Ἰουδαῖον
2136 1386 2259 1436 εὑρεῖν,
2277 1382 2354 1420 ἀλλ’

1324 1444 1346 1491 ἢ
1373 1448 1406 1484 ἐν
1427 1444 1648 1498 Παλαιστίνῃ
1666 1445 1765 1498 μόνῃ.
1786 1446 1881 1499 Πρὸς
1899 1445 1939 1493 δὴ
1953 1449 2052 1484 τοῦτο
2069 1444 2261 1496 διασπορὰν
2277 1443 2355 1487 τοὺς

1324 1505 1504 1552 ςΈλληνας
1531 1506 1693 1554 ἐκάλουν,
1716 1506 1933 1552 ὀνειδίζοντες
1961 1506 2021 1545 καὶ
2057 1507 2355 1558 μεγαλαυχοῦντες

1326 1568 1377 1619 ἐφ’
1414 1570 1559 1611 ἑαυτοῖς.
1583 1567 1630 1606 Τί
1652 1563 1708 1606 οὖν
1738 1571 1842 1616 ἐστιν,
1861 1567 1979 1607 εὈπου
2001 1566 2070 1619 ἐγὼ
2090 1567 2232 1619 ὑπάγω,
2257 1569 2355 1617 ὑμεῖς

1326 1631 1364 1668 οὐ
1390 1628 1536 1668 δύνασθε
1564 1631 1700 1677 ἐλθεῖν,
1725 1629 1893 1673 Ἐκείνοις
1920 1628 1955 1668 δὲ
1979 1630 2106 1672 πάντες
2128 1628 2356 1680 ἐπεμίγνυντο

1324 1690 1419 1738 τότε,
1430 1690 1488 1728 καὶ
1506 1695 1686 1743 πανταχοῦ
1699 1694 1760 1738 τῆς
1776 1691 1977 1742 οἰκουμένης
1990 1685 2080 1737 ἦσαν
2092 1691 2264 1729 Ἰουδαῖοι.
2280 1691 2356 1728 Οὐκ

1327 1751 1367 1788 ἂν
1389 1746 1459 1800 οῦν,
1477 1753 1505 1790 εἰ
1521 1751 1600 1796 τοὺς
1619 1751 1796 1798 ςΈλληνας
1815 1749 1959 1798 ἐδήλου,
1979 1745 2085 1799 εἶπεν,
2104 1750 2222 1789 ςὈπου
2242 1752 2279 1788 οὐ
2296 1748 2356 1787 δύ-

1326 1816 1430 1851 νασθε
1453 1815 1572 1852 ἐλθεῖν.
1593 1813 1760 1856 Εἷπόντες
1780 1812 1834 1861 δὲ,
1853 1812 1916 1862 Μὴ
1936 1815 1983 1856 εἰς
1998 1811 2060 1859 τὴν
2078 1811 2269 1865 διασπορὰν
2286 1815 2354 1849 τῶν

1326 1874 1505 1922 Ἑλλήνων
1538 1874 1656 1925 μέλλει
1686 1874 1912 1928 πορεύεσθαι,
1931 1876 1992 1912 οὐκ
2010 1868 2118 1921 εἷπον,
2139 1873 2199 1912 καὶ
2226 1872 2356 1924 λυμαί-

1326 1939 1444 1974 νεσθαι
1463 1934 1604 1983 αὐτοὺς,
1625 1934 1714 1973 ἀλλὰ
1727 1965 1736 1983 ,
1755 1935 1953 1974 Διδάσκειν.
1971 1934 2094 1978 Οὕτως
2108 1935 2175 1982 ἤδη
2198 1937 2355 1986 καθυφῆ-

1327 2011 1391 2034 καν
1420 1998 1482 2042 τ’ῆς
1513 1998 1639 2049 ὀργῆς,
1658 1997 1718 2035 καὶ
1747 2003 1818 2040 τοῖς
1846 1999 2018 2048 λεχθεῖσιν
2041 1995 2257 2035 ἐπίστευσαν.
2278 1997 2355 2034 Οὐκ

270 2073 322 2102 ter
340 2079 375 2102 se
397 2073 496 2102 erant
521 2063 611 2114 quid
633 2062 778 2101 diceret.
801 2065 940 2104 Verum
964 2063 1042 2101 haec
1067 2063 1138 2102 illis
1159 2063 1255 2103 dicta
1280 2081 1305 2110 Α
1330 2056 1368 2095 ἂν
1389 2056 1446 2104 δὲ,
1478 2060 1507 2095 εἷ
1529 2057 1576 2108 μὴ
1595 2057 1813 2106 ἐπίστευσαν,
1838 2058 2007 2105 ἐζήτησαν
2028 2057 2112 2110 πρὸς
2140 2056 2280 2101 ἑαυτοὺς
2304 2057 2356 2100 τίς

270 2135 385 2164 sunto.
407 2126 476 2164 Sed
494 2125 709 2176 timendum,
731 2140 774 2163 ne
792 2125 894 2164 nobis
911 2139 1052 2176 quoque
1068 2126 1131 2164 illa
1161 2140 1255 2165 com-

269 2198 404 2239 petant,
428 2188 524 2239 quod
543 2189 606 2226 ubi
632 2189 694 2226 ille
713 2196 777 2238 est,
812 2201 852 2225 eo
883 2201 946 2225 nos
979 2201 1050 2225 non
1080 2188 1257 2240 possimus

269 2250 382 2295 abire,
401 2249 498 2300 quod
521 2249 595 2287 vita
612 2258 728 2287 nostra
756 2248 907 2300 peccatis
926 2247 971 2285 sit
990 2248 1107 2299 plena.
1128 2250 1182 2286 De
1201 2249 1258 2287 di-

272 2312 418 2363 scipulis
439 2311 534 2349 enim
550 2311 611 2359 ait,
644 2311 739 2348 Volo
772 2319 812 2348 ut
832 2312 897 2348 nbi
926 2324 1011 2348 sum
1027 2324 1108 2362 ego,
1128 2319 1165 2348 et
1196 2312 1259 2349 illi

272 2376 348 2410 sint
366 2386 529 2410 mecum.
549 2374 603 2409 De
622 2371 725 2409 nohis
753 2385 836 2409 vero
856 2370 962 2409 timeo
979 2385 1023 2408 ne
1040 2371 1258 2410 contrarium

272 2433 426 2483 dicatur,
445 2435 518 2471 Ubi
535 2446 602 2485 ego
618 2446 716 2479 sum,
737 2446 815 2470 non
828 2433 986 2484 potestis
1002 2434 1150 2470 venire.
1168 2433 1259 2471 Cum

275 2496 369 2533 enim
388 2503 509 2532 contra
528 2508 637 2545 quam
654 2493 863 2546 praecipitur
895 2507 1056 2545 agamus,
1078 2494 1258 2544 quomodo

274 2557 467 2608 poterimus
481 2555 543 2592 illo
567 2555 693 2592 abire?
708 2555 800 2592 Nam
822 2554 856 2592 in
873 2554 942 2592 hoc
963 2554 1107 2604 saeculo,
1129 2555 1158 2593 si
1180 2555 1260 2606 quis

276 2616 377 2654 miles
397 2631 435 2654 ea
454 2625 536 2667 agat
555 2630 633 2666 quae
666 2624 786 2653 eontra
823 2615 916 2667 regis
942 2614 1154 2667 dignitatem
1171 2616 1255 2667 sint,

275 2692 342 2714 non
356 2677 486 2729 poterit
505 2690 623 2727 regem
642 2676 778 2727 videre,
801 2676 863 2714 sed
879 2686 1126 2714 exauctoratus
1138 2686 1256 2715 extre-

276 2752 374 2775 mum
390 2738 462 2774 luet
483 2737 709 2789 supplicium.
730 2738 769 2776 Si
787 2751 869 2789 ergo
884 2737 1081 2789 rapiamus,
1101 2738 1260 2777 avaritiae
1284 2745 1307 2775 B

275 2789 496 2848 studeamus,
519 2798 647 2849 injuste
665 2812 826 2849 agamus,
843 2798 1097 2851 percutiamus,
1113 2800 1261 2839 elecmo-

275 2875 401 2913 synam
430 2873 497 2897 non
520 2873 716 2909 erogemus,
746 2874 814 2897 non
840 2860 1034 2911 poterimus
1053 2860 1115 2898 illo
1135 2861 1256 2912 abire,

275 2921 337 2959 sed
359 2921 394 2958 id
406 2920 582 2973 patiemur
599 2919 697 2970 quod
714 2920 913 2971 virginibus
936 2921 1067 2959 accidit
1087 2937 1095 2958 ε
1117 2936 1195 2973 quae
1213 2922 1260 2961 ad

275 2983 379 3021 illum
417 2982 553 3033 ingredi
587 2995 655 3019 non
690 2990 894 3033 potuerunt,
934 2983 996 3021 sed
1025 2993 1257 3035 recesserunt,

273 3045 458 3083 exstinctis
477 3042 726 3096 lamlmdibus;
746 3043 814 3081 hoc
842 3053 904 3093 est,
925 3046 1037 3094 gratia
1057 3045 1256 3085 deficiente.

277 3107 472 3143 Flammam
492 3105 627 3156 quippe
646 3104 760 3151 illam,
776 3118 883 3154 quam
915 3118 933 3141 a
961 3106 1117 3157 Spiritus
1147 3107 1259 3159 gratia

273 3168 392 3206 statim
410 3167 620 3219 accipimus,
642 3166 670 3203 si
691 3165 859 3213 volimus,
884 3166 1118 3205 ardentiorem
1148 3169 1259 3206 effici-

274 3244 374 3275 mus;
396 3229 450 3267 sin
479 3228 647 3272 nolimus,
682 3225 802 3265 statim
836 3226 935 3264 illam
958 3227 1155 3278 perdemus.
1192 3228 1257 3267 Illa

319 3355 329 3367 2·
356 3348 548 3385 αἰνίττεσθαι,
576 3341 610 3374 id
638 3349 704 3384 cst,
736 3341 843 3384 inquit
873 3341 1028 3383 savinus,
1058 3346 1280 3386 αἰνιγματωδῶς

294 3411 375 3437 εχει-κ.

1330 2120 1421 2157 ἐστιν
1448 2117 1586 2170 ὁλόγος.
1610 2117 1715 2156 Ἀλλὰ
1735 2123 1845 2157 ταῦτα
1863 2118 1925 2170 μὲν
1945 2118 2059 2172 εἴρητο
2077 2118 2163 2173 πρὸς
2190 2117 2354 2163 ἐκείνους·

1330 2178 1403 2223 δέος
1433 2179 1487 2227 δὲ,
1518 2179 1565 2230 μὴ
1583 2179 1642 2217 καὶ
1661 2180 1747 2232 πρὸς
1765 2184 1858 2230 ἡμᾶς
1879 2181 1999 2233 καιρὸν
2017 2180 2081 2233 ἔχῃ
2104 2179 2148 2218 τὰ
2163 2179 2334 2231 λεγόμενα
2347 2211 2356 2228 ,

1329 2239 1381 2279 ὅτι
1400 2238 1518 2279 ζὈπου
1547 2240 1653 2288 ἐστὶν,
1671 2242 1707 2278 οὐ
1739 2241 1913 2291 δυνάμεθα
1935 2243 2112 2289 ἀπελθεῖν,
2130 2241 2186 2279 διὰ
2202 2241 2259 2279 τὸν
2282 2240 2354 2292 βίον

1329 2303 1430 2352 ἡμῶν
1461 2301 1518 2340 τὸν
1542 2301 1806 2354 ἁμαρτημάτων
1829 2301 1992 2352 γέμοντα.
2014 2301 2104 2354 Περὶ
2125 2300 2186 2353 μὲν
2203 2300 2270 2354 γὰρ
2286 2304 2354 2339 τῶν

1332 2365 1496 2413 μαθητῶν
1525 2379 1630 2415 φησι,
1662 2361 1766 2400 Θέλω
1795 2361 1850 2400 ἵνα
1875 2361 1960 2400 ὅπου
1983 2362 2055 2414 εἰμὶ
2085 2361 2172 2413 ἐγὼ,
2203 2364 2354 2401 κάκεῖνοι

1330 2415 1396 2461 ὦσι
1420 2423 1495 2475 μετ’
1514 2425 1614 2474 ἐμοῦ·
1637 2423 1717 2476 περὶ
1747 2422 1781 2462 δὲ
1802 2426 1902 2474 ἡμῶν
1926 2423 2063 2462 δέδοικα
2087 2423 2134 2475 μὴ
2157 2423 2354 2462 τούναντίον

1330 2486 1459 2537 λεχθῇ,
1478 2484 1531 2524 ὅτι
1549 2484 1667 2524 (Ὀπου
1688 2484 1758 2536 εἰμὶ
1775 2483 1842 2536 ἐγὼ
1857 2514 1865 2533 ,
1888 2485 1925 2523 οὐ
1944 2484 2087 2524 δύνασθε
2105 2487 2225 2524 ἐλθεῖν,
2239 2484 2353 2524 εὈταν

1331 2545 1399 2599 γὰρ
1421 2545 1559 2584 ἐναντία
1577 2548 1644 2584 τῶν
1663 2546 1943 2598 προσταγμάτων
1966 2547 2188 2597 πράττωμεν,
2209 2549 2282 2590 πῶς
2299 2548 2354 2584 δυ-

1332 2606 1506 2656 νησόμεθα
1537 2608 1694 2645 ἀπελθεῖν
1720 2609 1806 2654 ἐκεῖ,
1834 2607 1905 2645 Καὶ
1936 2607 2004 2660 γὰρ
2025 2608 2085 2646 καὶ
2107 2607 2198 2646 κατὰ
2213 2607 2270 2646 τὸν
2287 2623 2354 2646 πα-

1334 2668 1436 2721 ρόντα
1464 2669 1549 2720 βίον,
1568 2668 1599 2707 εἴ
1615 2685 1666 2712 τις
1681 2671 1749 2706 τῶν
1772 2669 2051 2720 στρατευομένων
2067 2669 2188 2713 ἀνάξια
2210 2668 2355 2721 πράττοι

1331 2735 1390 2769 τοῦ
1419 2729 1606 2781 βασιλέως,
1626 2732 1662 2768 οὐ
1683 2729 1864 2776 δυνήσεται
1883 2728 1940 2767 τὸν
1963 2728 2109 2781 βασιλέα
2129 2730 2222 2783 ἰδεῖν,
2247 2729 2354 2776 ἀλλὰ,

1331 2794 1393 2837 τῆς
1427 2793 1538 2843 ἀρχῆς
1569 2789 1823 2843 παραλυθείσης
1836 2820 1845 2837 ,
1865 2789 1927 2836 τὴν
1948 2789 2100 2842 ἐσχάτην
2121 2790 2355 2837 ὑποστήσεται

1332 2852 1486 2891 κόλασιν.
1502 2851 1640 2890 8(Ὀταν
1661 2845 1717 2890 οῧν
1739 2851 1961 2903 ἁρπάζωμεν,
1984 2851 2354 2902 πλεονεκτῶμεν·ὅ’ταν

1334 2915 1522 2964 ἀδικῶμεν,
1555 2913 1781 2963 πλήττωμεν·
1813 2910 1893 2950 ὅταν
1918 2911 1965 2963 μὴ
1987 2911 2219 2963 ἐλεημοσύνην
2252 2915 2354 2966 ἐργα-

1333 2973 1494 3025 σώμεθα,
1519 2975 1556 3012 οὖ
1590 2973 1805 3024 δυνησόμεθα
1831 2974 1990 3011 ἀπελθεῖν
2021 2974 2153 3021 ἐκεῖσε,
2180 2972 2270 3011 ἀλλὰ
2297 2972 2356 3009 καὶ

1332 3035 1524 3087 πεισόμεθα
1550 3034 1567 3072 ὃ
1587 3035 1704 3086 γέγονε
1724 3039 1800 3076 ταῖς
1829 3032 2022 3087 παρθένοις.
2043 3033 2158 3072 ”Όπου
2191 3033 2259 3086 γὰρ
2288 3027 2329 3079 ἦν
2346 3063 2356 3080 ,

1335 3099 1396 3136 οὐκ
1415 3096 1625 3143 ἐδυνήθησαν
1646 3097 1820 3142 εἰσελθεῖν,
1844 3096 1919 3132 ἀλλ’
1942 3093 2179 3147 ἀνεχώρησαν,
2199 3093 2356 3132 σὸεσθει-

1335 3166 1403 3203 σῶν
1425 3165 1538 3202 αὐτῶν
1566 3165 1634 3201 τῶν
1662 3161 1856 3212 λαμπάδιον
1871 3176 1878 3183 ·
1903 3161 2077 3208 τουτέστι,
2101 3166 2160 3199 τοῦ
2178 3159 2355 3212 χαρίσμα-

1334 3247 1390 3274 τος
1423 3229 1529 3273 αὖτὰς
1550 3228 1810 3272 καταλιπόντος.
1838 3226 1914 3274 Τὴν
1943 3227 2010 3280 γὰρ
2038 3226 2147 3279 φλόγα
2168 3225 2299 3273 ἐκείνην
2314 3226 2354 3271 ἣν

1391 3356 1403 3369 ³
1429 3344 1490 3378 Alii
1507 3349 1578 3380 ὅταν
1595 3348 1790 3389 ἁρπάζοιμεν.
