2481 3678
57 963 127 991 Act.
137 961 242 992 2035.

55 1084 128 1112 Luc.
151 1093 197 1115 10.

54 1124 106 1162 [μ.
129 1123 179 1163 42.

58 1263 221 1292 nſtrum,o

55 1304 103 1344 34

60 1526 85 1544 1.
102 1513 241 1553 Tl1ess.4.

60 1568 105 1587 10.
129 1566 175 1585 ιι.

59 1756 168 1793 Ephes.
192 1756 222 1792 {⁸-

59 1798 109 1828 28.

62 2062 245 2101 Acl.2o.3'4.

67 2198 91 2217 1.
112 2189 226 2227 Cot-.9.

65 2232 110 2260 18.

63 2373 132 2403 Acti
155 2371 200 2400 18.
218 2381 246 2400 2.

63 2650 152 2682 dum,

67 2732 181 2758 tudine.

265 182 355 244 298
790 193 974 225 insumis
1011 190 1252 222 cnnvsosT.

711 196 748 225 S.

256 283 317 320 ille
334 283 455 321 nonin
487 282 755 334 reprehensione
782 281 874 318 sistit
901 279 1068 331 gradum,
1097 277 1157 316 sed
1175 277 1242 316 do-

256 345 406 382 ctrinam
432 344 553 397 adjicit
583 344 639 382 his
667 343 808 382 verbis:
830 344 1047 394 Operemini
1069 355 1147 378 non
1186 344 1241 379 ci-

258 407 347 443 bum
382 409 448 458 qui
475 408 586 458 perit,
621 406 688 443 sed
717 407 783 457 qui
810 411 1007 455 permanet
1043 405 1085 439 in
1118 405 1244 439 vitam

257 476 456 511 (eternam,
496 482 612 520 quam
646 467 773 504 Filius
808 466 974 502 hominis
1008 464 1074 501 dat
1112 466 1237 502 vobis.

257 529 373 565 Hunc
390 531 492 565 enim
514 530 634 565 Pater
651 529 820 579 signavit
840 526 959 563 Deus.
976 523 1018 561 Id
1038 533 1103 574 est,
1122 525 1174 562 Ne
1192 533 1244 562 ta-

256 589 326 627 lem
362 590 497 637 cibum,
517 590 579 627 sed
607 589 827 641 spiritualem
853 586 1143 625 curetis.Verum
1162 587 1246 636 quia

256 650 435 698 nonnulli,
449 659 488 686 ut
502 650 609 687 otiose
618 649 753 695 vivant,
765 648 833 684 hoe
852 659 1013 683 sermone
1031 645 1242 693 abutuntur,

256 723 297 746 ac
310 710 339 747 si
353 710 515 747 Christus
532 724 620 762 opus
638 722 808 746 manuum
824 705 1006 744 sustulerit
1023 721 1030 741 :
1046 713 1245 757 opportune

256 768 342 821 ipsis
361 771 632 822 respondeatur3
653 779 765 807 totum
783 767 916 818 quippe
933 763 1246 803 Christianismum

1293 189 1477 222 Ancum?
1486 213 1494 222 .
1533 192 1870 225 CONSTANTINOP
1880 214 1888 222 .

1316 279 1660 331 καταστοχαζόμενος
1680 281 1792 317 αὐτῶν
1809 279 1938 331 ἔλεγεν,
1960 279 2083 322 εὐθέως
2101 278 2231 324 ἔδειξαν
2249 281 2334 318 ἐκεῖ·

1315 356 1378 377 νοι.
1404 340 1473 377 Καὶ
1505 338 1573 391 γὰρ
1602 339 1657 377 διὰ
1688 344 1789 378 τοῦτο
1819 341 1923 378 πάλιν
1944 335 2061 387 ἦλθον,
2081 343 2127 384 ὡς
2155 340 2339 390 μέλλοντες

1269 411 1292 441 Ε
1315 404 1383 439 τῶν
1402 403 1514 439 αὐτῶν
1535 400 1805 439 ἀπολαύσεσθαι.
1834 401 1902 439 Διὰ
1918 405 2020 439 τοῦτο
2040 402 2097 440 καὶ
2128 401 2264 453 ἔλεγον·
2291 403 2338 440 Οἱ

1315 462 1461 517 πατέρες
1481 464 1581 512 ἡμῶν
1602 461 1728 512 ἔφαγον
1747 461 1785 499 τὸ
1817 461 1928 512 μάννα
1947 465 1982 500 ἐν
2010 467 2052 515 τῇ
2074 463 2213 515 ἐρήμῳ·
2233 462 2338 501 πάλιν

1315 523 1372 560 ἐπὶ
1389 523 1518 575 τροφὴν
1533 522 1634 560 αὐτὸν
1652 521 1832 565 ΰὲλκοντες
1851 523 2034 574 σαρκικὴν,
2051 523 2135 575 ὅπερ
2155 519 2197 571 ἦν
2216 524 2341 575 ἔγκλη-

1317 599 1366 633 μα
1397 583 1454 620 καὶ
1473 583 1665 634 κατηγορία
1695 582 1855 633 μεγίστη.
1882 583 1971 621 Ἀλλ’
1997 585 2097 628 αὐτὸς
2118 586 2184 636 οὐχ
2199 584 2340 622 ἵσταται

1318 643 1424 696 μέχρι
1450 647 1518 682 τῶν
1550 643 1715 696 ἐλέγχων,
1748 643 1839 681 ἀλλὰ
1871 643 1930 681 καὶ
1961 644 2186 683 διδασκαλίαν
2206 644 2340 688 τούτοις

1316 703 1546 758 προστίθησι,
1576 705 1686 756 λέγων
1704 721 1711 729 ·
1732 705 1943 757 Ἔργάζεσθε
1965 705 2012 755 μὴ
2034 705 2097 752 τὴν
2127 708 2256 757 βρῶσιν
2277 706 2340 754 τὴν

1317 767 1574 818 ἀπολλυμένην,
1592 766 1680 804 ἀλλὰ
1696 766 1759 813 τὴν
1775 769 1904 818 βρῶσιν
1924 766 1987 813 τὴν
2005 766 2174 817 μένουσαν
2187 769 2234 810 εἰς
2250 767 2340 814 ζωὴν

259 831 536 879 calumniantur,
553 841 586 869 et
604 831 641 868 id
657 830 833 878 efficiunt,
851 837 890 865 ut
905 842 951 865 ex
968 825 1107 864 desidia
1124 825 1246 863 tradu-
1262 854 1308 879 259
1319 827 1468 874 αἰώνιον,
1484 828 1526 875 ἢν
1543 831 1560 866 ὃ
1587 827 1667 870 Υἱὸς
1687 831 1746 865 τοῦ
1767 827 1947 879 ἀνθρώπου
1974 827 2113 865 δίδωσιν
2132 830 2225 878 ὑμῖν.
2247 829 2341 865 Τοῦ-

257 901 371 929 catur.
412 893 483 930 Sed
517 893 634 944 primo
665 891 798 929 Paulus
829 888 1040 926 audiendus.
1071 886 1168 933 Quid
1188 887 1247 923 illc
1274 892 1298 920 Λ
1317 905 1374 927 τον
1395 890 1461 941 γὰρ
1488 892 1505 927 ὅ
1527 889 1654 940 Πατὴρ
1685 888 1890 941 ἐσφράγισεν
1920 892 1937 927 ὁ
1968 889 2070 932 Θεός,
2091 888 2140 927 ²¹0
2161 888 2196 927 δὲ
2222 887 2339 940 λέγει,

259 954 336 991 ait?
356 955 629 992 Recordamini
646 953 806 989 Domini
823 951 1001 995 dicentis,
1020 949 1178 985 Beatius
1192 956 1247 985 est

259 1016 365 1061 dare,
390 1029 507 1068 quam
530 1017 713 1065 accipere.
735 1010 844 1061 Atqui
867 1009 963 1046 unde
982 1008 1042 1045 det
1070 1008 1133 1058 qui
1157 1008 1248 1045 nihil

258 1075 394 1113 habeti)
410 1075 598 1122 Quomodo
615 1087 697 1124 ergo
709 1072 861 1110 Marthae
881 1069 970 1107 dicit
990 1071 1092 1108 Jesus
1109 1084 1116 1105 :
1133 1070 1248 1107 Solli-

259 1139 338 1174 cita
358 1150 396 1173 es
413 1144 446 1172 et
469 1137 636 1173 turbaris
663 1147 755 1184 erga
772 1132 943 1183 plurima
961 1142 1100 1180 :porro
1130 1142 1249 1165 linum

258 1207 313 1235 est
334 1199 607 1240 necessarium,-
628 1197 762 1232 Maria
783 1194 966 1244 optimam
992 1199 1144 1242 partem
1171 1190 1248 1226 ele-

256 1261 337 1310 git?
354 1268 387 1296 et
409 1273 548 1307 rursus,
567 1257 698 1295 Nolite
708 1255 865 1293 solliciti
886 1265 965 1290 esse
984 1252 1032 1288 de
1051 1253 1221 1289 crastino
1233 1254 1249 1287 Ρ

259 1320 383 1371 Operae
413 1318 567 1371 pretium
589 1316 695 1355 fuerit
714 1315 762 1353 ad
784 1315 860 1351 haee
882 1311 1001 1350 omnia
1022 1310 1247 1363 respondere,

257 1394 327 1418 non
350 1380 454 1417 modo
478 1388 516 1417 ut
536 1379 657 1431 pigros
689 1375 895 1423 excitemus,
927 1372 955 1410 si
979 1381 1094 1409 tamen
1116 1371 1248 1410 velint:

256 1442 316 1480 scd
333 1443 440 1480 etiam
457 1456 500 1479 ne
523 1440 709 1492 Scriptura
726 1437 849 1476 divina
869 1449 989 1472 secum
1007 1447 1166 1485 pugnare
1187 1433 1249 1472 vi·-

256 1504 395 1542 dentur.
414 1503 555 1541 Etenim
575 1501 662 1539 alibi
683 1499 732 1537 ait
745 1497 947 1550 apostolus:
970 1497 1163 1546 Rogamus
1178 1508 1250 1531 au—

259 1574 334 1602 tem
351 1579 422 1602 vos
436 1573 475 1602 ut
497 1563 715 1607 abundetis,
735 1569 772 1597 et
792 1570 947 1610 operam
961 1557 1060 1593 decis
1077 1564 1117 1592 ut
1131 1556 1250 1607 quieti

258 1629 357 1671 sitis,
376 1635 411 1663 et
433 1628 626 1676 negotium
646 1631 818 1660 vestrwn
835 1620 974 1671 agatis,
992 1625 1027 1654 et
1044 1618 1251 1668 operemini

259 1690 440 1725 manibus
460 1688 615 1732 vestris,
639 1693 678 1722 ut
699 1685 856 1720 honeste
887 1678 1092 1716 ambuletis
1112 1679 1166 1715 ad
1187 1691 1250 1715 eos

261 1751 327 1800 qui
334 1750 443 1800 soris
460 1755 549 1785 sunt
563 1762 572 1795 5
606 1755 638 1783 et
656 1757 815 1791 rursum7
839 1742 912 1792 Qui
920 1741 1153 1792 furabatur,
1162 1741 1250 1791 jam

261 1827 338 1850 non
363 1814 517 1865 furetur
536 1827 546 1847 :
564 1812 686 1861 magis
718 1816 848 1845 autem
880 1805 1029 1841 laboret
1055 1803 1249 1853 operando

260 1876 438 1911 manibus
460 1875 551 1918 suis,
573 1879 613 1908 ut
634 1872 775 1907 habeat
801 1867 902 1904 unde
922 1865 1067 1902 tribuat
1091 1867 1250 1902 necessi-

261 1942 379 1970 tatem
400 1935 578 1985 patienti.
600 1931 668 1968 Hic
689 1929 822 1968 Paulus
842 1940 910 1964 non
932 1924 1140 1976 simpliciter
1159 1939 1248 1977 prae-

261 1993 349 2045 cipit
368 1993 518 2046 operari,
540 1992 600 2029 sed
621 2005 702 2028 cum
730 1999 826 2027 tanto
847 1987 981 2035 labore,
1005 1994 1042 2022 ut
1064 1986 1252 2024 subvenia-

263 2063 320 2091 tur
350 2054 536 2105 indigenti.
559 2053 607 2090 Et
637 2051 724 2089 alibi
749 2063 890 2101 quoque
912 2051 982 2095 ait,
1004 2049 1251 2084 Necessitati-

264 2119 330 2154 [ηις
351 2119 457 2162 meis,
476 2125 511 2153 et
531 2129 660 2152 eorum
676 2115 742 2166 qui
761 2125 907 2149 mecum
928 2117 1030 2155 sunt,
1056 2111 1251 2146 ministra-

266 2187 401 2216 verunt
423 2191 560 2214 manus
579 2179 674 2214 istoe.
695 2174 742 2213 Et
757 2171 952 2210 Corinthiis
973 2170 1114 2208 dicebat
1132 2185 1139 2205 ε
1160 2171 1252 2220 Quae

263 2249 316 2277 est
350 2253 437 2290 ergo
467 2252 608 2275 merces
637 2241 747 2274 mea?
772 2237 822 2273 Ut
844 2233 1086 2285 evangelium
1114 2233 1253 2283 proedi-

264 2315 370 2345 cans,
401 2303 483 2337 sine
515 2307 642 2337 sumtu
673 2311 817 2349 ponam
850 2295 1105 2346 evangelium.
1135 2293 1181 2331 Et
1215 2293 1250 2330 in

265 2362 445 2400 civitatem
464 2361 564 2397 illam
586 2359 744 2407 veniens,
767 2359 919 2394 Mansit
938 2356 1043 2407 apud
1060 2353 1253 2407 Aquilam
1276 2353 1298 2384 C

266 2432 300 2460 et
326 2422 564 2467 Priscillam,
588 2429 622 2457 et
644 2420 888 2472 operabatur.
908 2418 1035 2454 Erant
1057 2418 1159 2453 enim
1177 2429 1256 2453 sce-

269 2485 495 2536 anactoriae
516 2485 625 2519 artis.
649 2481 736 2518 Haec
762 2488 881 2517 contra
909 2477 1047 2515 dictum
1071 2476 1163 2514 illud
1185 2491 1252 2528 pu-

268 2559 375 2596 gnare
402 2545 557 2581 maxime
585 2542 754 2581 videntur
777 2557 783 2577 :
801 2541 877 2592 jam
909 2539 1038 2577 solutio
1067 2539 1252 2577 referatur.

104 2608 253 2675 Laborand
269 2605 367 2652 Quid
401 2618 483 2654 ergo
512 2602 832 2656 respondebimus?
857 2602 936 2639 Non
959 2615 1031 2639 csse
1062 2599 1257 2638 sollicitum

203 2659 232 2675 SC

64 2692 127 2717 sin(-
146 2690 253 2717 sollici-

270 2688 337 2711 non
358 2671 548 2723 Significat,
570 2685 590 2708 a
610 2671 729 2708 labore
744 2683 897 2719 cessare;
912 2668 986 2717 sed,
1008 2668 1116 2720 hujus
1132 2667 1258 2705 mundi

269 2739 373 2777 rebus
392 2752 461 2775 non
480 2738 614 2774 haerere
626 2766 636 2785 ,
657 2736 696 2773 id
725 2745 775 2774 est
789 2766 799 2785 ,
821 2749 890 2773 non
909 2750 982 2773 esse
1001 2735 1195 2773 sollicitum
1214 2735 1259 2773 de

269 2805 419 2844 crastina
451 2805 588 2854 quiete,
620 2802 682 2840 sed
714 2803 814 2840 illam
848 2816 970 2840 curam
1001 2815 1260 2853 supervacuam

268 2881 406 2927 putare.
434 2873 551 2908 Potest
580 2869 672 2906 enim
699 2869 760 2919 qui
782 2878 947 2920 operatur
967 2882 1036 2906 non
1057 2868 1093 2905 in
1127 2868 1257 2906 crasti-

269 2953 356 2977 num
376 2937 611 2976 thesaurizare
630 2945 763 2988 :potest
784 2936 844 2986 qui
866 2936 1003 2973 laborat
1032 2949 1101 2973 non
1124 2934 1257 2973 solli-ci-

270 3016 327 3043 tus
347 3019 442 3043 esse:
458 3019 527 3042 non
546 3004 641 3041 enim
661 3002 818 3054 idipsum
842 3012 892 3039 est
915 3017 999 3040 cura
1023 3012 1056 3040 et
1083 3002 1254 3054 operatio,

271 3073 351 3110 Non
371 3081 411 3109 ut
429 3070 524 3123 operi
550 3068 733 3107 confidens
759 3068 839 3117 quis
865 3078 1041 3119 operetur,
1059 3068 1120 3107 sed
1143 3078 1182 3106 ut
1200 3068 1259 3107 det

271 3139 402 3190 egenti.
428 3136 534 3185 Quod
550 3145 668 3174 autem
683 3134 727 3172 ad
749 3135 930 3172 Maribam
946 3135 1090 3184 dicitur,
1117 3149 1185 3172 non
1208 3136 1259 3173 la-

273 3207 394 3243 borem
414 3215 446 3243 et
469 3204 707 3257 operationem
730 3201 873 3254 respicit
890 3201 973 3239 :sed
994 3211 1131 3253 tempus
1146 3202 1259 3239 consi-

271 3272 467 3310 derandum
496 3286 569 3309 esse
601 3270 734 3319 statuit,
767 3283 879 3319 neque
911 3268 1087 3307 concionis
1121 3277 1259 3320 tempus

323 3401 333 3414 k·
361 3389 461 3421 Sarii.
480 3393 602 3422 :iim-271.

1317 949 1470 987 τοιοῦτόν
1491 951 1583 988 ἐστι·
1607 950 1726 1000 μηδεὶς
1754 952 1835 999 ὑμῖν
1866 948 1955 986 ἔστω
1988 949 2088 1000 λόγος
2118 949 2248 996 ταύτης
2280 952 2343 996 τῆς

1317 1013 1445 1062 τροφῆς
1460 1040 1468 1053 ,
1497 1012 1572 1048 ἀλλ’
1595 1010 1728 1056 ἐκείνης
1753 1013 1815 1056 τῆς
1833 1013 2084 1061 πνευματικῆς.
2105 1011 2195 1048 Ἀλλ’
2222 1011 2342 1056 ἐπειδή

1318 1085 1407 1112 τινες
1417 1072 1485 1107 τῶν
1504 1070 1721 1121 βουλομένων
1737 1072 1849 1121 ἀργῶς
1868 1071 2067 1122 τρέφεσθαι,
2084 1071 2345 1123 ἀποκέχρηνται

1320 1129 1431 1182 τούτῳ
1463 1132 1512 1181 τῷ
1543 1130 1661 1183 λόγῳ,
1684 1133 1728 1174 ὡς
1750 1131 1811 1177 τὴν
1838 1133 2002 1182 ἐργασίαν
2031 1132 2259 1176 ἐκκόπτοντος
2283 1137 2342 1172 τοῦ

1320 1190 1472 1241 Χριστοῦ
1486 1217 1495 1235 ,
1515 1189 1674 1242 εὔκαιρον
1693 1191 1752 1228 καὶ
1770 1192 1854 1242 πρὸς
1872 1191 1994 1234 αὐτοὺς
2009 1194 2129 1230 εἰπεῖν.
2144 1192 2251 1231 ζὈλον
2264 1193 2344 1245 γὰρ,

1321 1255 1367 1296 ὡς
1396 1255 1516 1299 εἰπεῖν,
1546 1252 1772 1292 διαὸάλλουσι
1798 1254 1855 1291 τὸν
1875 1255 2161 1307 Χριστιανισμὸν,
2198 1255 2256 1293 καὶ
2289 1255 2346 1293 ἐπὶ

1322 1314 1424 1367 ἀργίᾳ
1444 1317 1688 1367 κωμῳδεῖσθαι
1707 1315 2021 1364 παρασκευάζουσι.
2046 1316 2222 1369 Πρότερον
2242 1317 2278 1355 δὲ
2299 1320 2346 1355 εἷ-

1321 1381 1398 1413 πεῖν
1419 1379 1607 1428 ἀναγκαῖον
1627 1377 1666 1415 τὸ
1685 1381 1744 1414 τοῦ
1765 1377 1922 1415 Παύλου.
1943 1377 1990 1414 Τί
2019 1377 2054 1415 δὲ
2085 1377 2212 1420 ἐκεῖνός
2239 1391 2344 1430 φησι;

1322 1437 1567 1486 Μνημονεύετε
1600 1441 1659 1475 τοῦ
1692 1438 1820 1489 Κυρίου
1851 1437 2049 1489 εἰρηκότος·
2078 1437 2249 1490 μακάριόν
2274 1439 2348 1475 ἐστι

1322 1496 1452 1535 διδόναι
1472 1500 1603 1548 μᾶλλον
1623 1498 1644 1544 ἢ
1663 1498 1870 1548 λαμὸάνειν.
1889 1499 2016 1536 Καίτοι
2033 1499 2136 1537 πόθεν
2158 1500 2197 1536 ἂν
2215 1498 2348 1549 γένοιτο

1322 1559 1453 1598 διδόναι
1471 1563 1521 1612 τῷ
1547 1562 1609 1598 οὐκ
1630 1560 1767 1612 ἔχοντι,
1785 1561 1869 1604 Πῶς
1886 1554 1943 1598 οῦν
1963 1564 2006 1612 τῇ
2032 1561 2162 1614 Μάρθα
2180 1563 2197 1598 ὃ
2214 1560 2349 1606 Ἰησοῦς

1322 1615 1438 1659 εἶπεν·
1460 1623 1642 1674 Μεριμνᾷς
1668 1621 1727 1659 καὶ
1759 1622 1913 1673 τυρὸάζῃ
1945 1622 2025 1673 περὶ
2045 1621 2158 1659 πολλὰ
2174 1652 2183 1669 ,
2214 1621 2285 1664 ἑνὸς
2314 1619 2351 1657 δέ

1326 1684 1400 1719 ἐστι
1420 1682 1543 1734 χρεία·
1566 1681 1688 1734 Μαρία
1711 1682 1746 1719 δὲ
1766 1682 1829 1728 τὴν
1851 1681 1981 1733 ἀγαθὴν
2005 1682 2129 1733 μερίδα
2150 1681 2350 1729 ἐξελέξατο,

1326 1742 1384 1780 καὶ
1414 1743 1532 1788 πάλιν,
1554 1748 1568 1764 ³
1583 1742 1642 1789 Μὴ
1666 1742 1904 1794 μεριμνήσητε
1925 1745 1971 1786 εἷς
2000 1743 2062 1790 τὴν
2091 1743 2226 1794 αὔριον,
2248 1742 2350 1780 Ἀνα-

1323 1809 1443 1854 γκαῖον
1463 1803 1530 1855 γὰρ
1550 1803 1666 1842 πάντα
1682 1807 1738 1841 νῦν
1755 1807 1865 1841 ταῦτα
1882 1805 2066 1850 ἐπιλῦσαι,
2088 1805 2154 1856 οὐχ
2170 1803 2225 1841 ἵνα
2248 1802 2349 1853 μόνον

1324 1863 1514 1914 παύσωμεν
1536 1864 1658 1907 αὐτοὺς
1690 1866 1898 1916 ἀργοῦντας,
1920 1866 1949 1902 εἷ
1971 1864 2172 1915 βούλοιντο,
2197 1865 2274 1902 ἀλλ’
2294 1863 2350 1901 ἵνα

1325 1923 1373 1974 μὴ
1399 1925 1518 1977 μάχην
1539 1924 1687 1976 εἰσάγειν
1708 1924 1785 1963 τινὰ
1806 1924 1969 1975 δείξωμεν
1986 1925 2030 1963 τὰ
2049 1925 2150 1977 λόγια
2169 1929 2228 1963 τοῦ
2246 1927 2349 1964 Θεοῦ.

1323 1985 1393 2022 Καὶ
1419 1985 1487 2038 γὰρ
1517 1985 1575 2023 καὶ
1606 1986 1761 2038 ἀλλαχοῦ
1785 2001 1888 2037 φησιν
1909 1989 1926 2023 ὃ
1946 1985 2137 2029 ἀπόστολος
2151 2002 2158 2009 ·
2179 1988 2350 2038 Παρακα-

1322 2046 1450 2097 λοῦμεν
1471 2046 1507 2085 δὲ
1528 2049 1618 2098 ὑμᾶς
1645 2046 1860 2099 περισσεύειν
1881 2047 1939 2085 καὶ
1961 2050 2242 2099 φιλοτιμεῖσθαι,
2263 2050 2351 2093 ἡσυ-

1323 2106 1442 2158 χάζειν
1463 2107 1523 2146 καὶ
1549 2107 1717 2159 πράσσειν
1740 2107 1784 2145 τὰ
1813 2107 1905 2155 ἴδια,
1925 2107 1981 2146 ἵνα
2001 2108 2228 2160 εὐσχημόνως
2251 2123 2352 2160 περι-

1323 2169 1459 2212 πατῆτε
1479 2167 1564 2218 πρὸς
1594 2167 1672 2210 τοὺς
1701 2167 1784 2211 ἔξω·
1807 2168 1865 2205 καὶ
1885 2168 2003 2213 πάλιν,
2023 2169 2068 2208 ‘O
2088 2168 2260 2216 κλέπτων,
2286 2184 2354 2219 μη-

1324 2226 1400 2265 κε’τι
1422 2227 1620 2265 κλεπτέτω·
1646 2230 1778 2278 μᾶλλον
1803 2229 1838 2266 δὲ
1856 2229 2013 2266 κοπιάτω
2034 2230 2261 2281 ἐργαζόμενος
2277 2234 2352 2272 ταῖς

1326 2288 1428 2332 ἰδίαις
1447 2289 1578 2340 χερσὶν,
1598 2288 1655 2326 ἵνα
1676 2289 1740 2340 ἔχῃ
1762 2289 1984 2339 μεταδιδόναι
2004 2292 2053 2342 τῷ
2082 2290 2203 2343 χρείαν
2225 2291 2352 2342 ἔχοντι.

1327 2350 1501 2388 Ἐνταῦθα
1517 2349 1584 2402 γὰρ
1605 2353 1622 2388 ὃ
1642 2351 1782 2393 Παῦλος
1808 2351 1884 2388 οὐδὲ
1912 2351 2031 2393 ἁπλῶς
2051 2352 2254 2402 ἐργάζεσθαι
2275 2351 2352 2388 ἐκέ-

1326 2412 1460 2457 λευσεν,
1482 2411 1557 2447 ἀλλ’
1575 2409 1664 2449 οὕτω
1687 2410 1774 2460 μετὰ
1794 2410 1919 2458 πόνου,
1937 2413 1983 2454 ὡς
2011 2411 2103 2462 ἔχειν
2120 2413 2274 2450 ἐντεῦθεν
2295 2412 2353 2449 καὶ

1328 2472 1435 2525 ἑτέρῳ
1456 2472 1689 2522 μεταδιδόναι.
1712 2472 1782 2510 Καὶ
1801 2471 1943 2523 ἑτέρωθι
1959 2472 2065 2509 πάλιν
2082 2475 2099 2510 ὃ
2122 2472 2224 2516 αὐτὸς
2241 2472 2350 2524 λέγει,

1329 2536 1417 2577 Ταῖς
1436 2533 1569 2586 χρείαις
1595 2549 1660 2584 μου
1682 2533 1740 2571 καὶ
1758 2539 1828 2576 τοῖς
1848 2527 1924 2571 οῧσι
1955 2535 2031 2584 μετ’
2067 2536 2152 2585 ἐμοῦ
2172 2534 2352 2586 ὑπηρέτη-

1329 2612 1391 2635 σαν
1425 2597 1459 2633 αἱ
1487 2600 1601 2647 χεῖρες
1621 2588 1735 2632 αῧται.
1763 2595 1832 2632 Καὶ
1862 2596 2054 2647 Κορινθίοις
2082 2596 2117 2634 δὲ
2141 2596 2353 2634 ἐπιστέλλων

1329 2657 1444 2709 ἔλεγε·
1468 2657 1531 2700 Τίς
1563 2651 1619 2694 οῦν
1641 2656 1700 2706 μοί
1720 2657 1812 2693 ἐστιν
1831 2659 1849 2694 ὃ
1870 2657 2011 2707 μισθός,
2029 2656 2106 2695 Ἵνα
2133 2657 2351 2708 εὐαγγελιζό-

1331 2734 1429 2770 μενος
1456 2717 1630 2756 ἀδάπανον
1655 2716 1751 2763 Οήσω
1769 2717 1809 2755 τὸ
1825 2718 2034 2768 εὐαγγέλιον.
2067 2718 2137 2756 Καὶ
2167 2720 2201 2755 ἐν
2218 2721 2261 2769 τῇ
2283 2718 2348 2755 πό-

1328 2782 1381 2818 λει
1409 2779 1444 2817 δὲ
1477 2779 1588 2830 ἐκείνῃ
1618 2777 1820 2829 γενόμενος,
1841 2777 1972 2825 Ἴίμενε
2005 2778 2089 2829 πρὸς
2117 2777 2261 2815 Ἀκύλαν
2295 2779 2354 2816 καὶ

1329 2841 1559 2894 Πρίσκιλλαν,
1576 2839 1635 2877 καὶ
1652 2838 1838 2890 εἰργάζετο.
1853 2832 1970 2876 *Hem
1989 2838 2055 2889 γὰρ
2074 2839 2275 2884 σκηνοποιοὶ
2289 2839 2354 2886 τὴν

1329 2903 1467 2955 τέχνην.
1487 2900 1591 2940 Ἀλλὰ
1607 2903 1718 2937 ταῦτα
1737 2899 1800 2946 τὴν
1817 2898 1934 2950 μάχην
1950 2899 2101 2937 δείκνυσι
2122 2900 2353 2952 σφοδροτέραν

1330 2963 1419 3002 κατὰ
1434 2963 1473 3001 τὸ
1493 2960 1608 3014 ῥητόν.
1625 2963 1761 2999 Οὐκοῦν
1783 2959 1916 3010 ἀνάγκη
1936 2959 2055 2998 λοιπὸν
2077 2959 2139 3006 τὴν
2155 2960 2254 2998 λύσιν
2272 2963 2354 2999 ἐπα-

1330 3029 1464 3078 γαγεῖν.
1485 3023 1532 3062 Τί
1560 3016 1617 3059 οῦν
1639 3021 1679 3058 ἂν
1700 3020 1854 3071 εἴποιμεν
1880 3020 1964 3072 πρὸς
1984 3024 2094 3058 ταῦτα
2112 3039 2121 3068 ;
2139 3020 2224 3060 (Ότι
2243 3022 2283 3060 τὸ
2304 3021 2353 3072 μὴ

1333 3091 1502 3138 μεριμνᾷν
1532 3085 1569 3122 οὗ
1599 3082 1638 3120 τὸ
1674 3081 1723 3132 μὴ
1753 3081 1954 3132 ἐργάζεσθαί
1975 3083 2081 3129 ἐστιν,
2114 3082 2203 3120 ἀλλὰ
2233 3083 2273 3121 τὸ
2305 3082 2353 3133 μὴ

1332 3146 1580 3197 προσηλῶσθαι
1601 3148 1671 3185 τοῖς
1695 3144 1869 3193 βιωτικοῖς
1889 3141 2090 3193 πράγμασι·
2112 3142 2270 3180 τουτέστι
2285 3172 2295 3190 ,
2316 3143 2355 3181 τὸ

1335 3206 1383 3257 μὴ
1406 3209 1580 3243 ποιεῖσθαι
1600 3202 1763 3256 φροντίδα
1790 3202 1870 3254 περὶ
1898 3205 1960 3248 τῆς
1980 3204 2028 3245 εἷς
2054 3202 2170 3255 αὔριον
2193 3203 2354 3241 ἀναπαύ-

1332 3283 1416 3310 σεως
1429 3295 1438 3313 ,
1471 3264 1562 3304 ἀλλὰ
1581 3264 1753 3316 πάρεργον
1774 3262 1880 3309 αὐτὴν
1912 3256 1999 3301 εἶναι
2029 3263 2190 3313 νομίζειν.
2211 3264 2354 3303 Ἕνεστι

1396 3393 1408 3407 ³
1434 3381 1534 3415 Savil.
1551 3387 1595 3425 μὴ
1613 3388 1797 3426 μεριμνᾶτε,
1814 3384 1950 3423 φησὶν,.-.
1969 3381 2110 3412 διαλῦσαι.
