2481 3678
716 160 754 189 ix
792 160 1005 191 smmum
1042 159 1197 188 nomn„
1239 160 1310 189 Lx.
1349 145 1410 190 al.

96 237 172 277 οὐδὲ
189 237 394 292 εὕχρηστοι,
415 239 492 278 οὐδὲ
512 241 673 284 ἐπιεικεῖς
693 242 814 295 ἄνδρες
827 274 836 291 ,
857 244 932 280 ἀλλ’
960 240 1124 294 ἀνδροφό-

95 315 146 337 νοι
167 300 226 337 καὶ
247 299 492 353 τυμὸωρύχοι,
512 300 572 338 καὶ
593 303 882 354 βαλαντιοτόμοι,
902 303 961 340 καὶ
989 301 1125 354 μοιχοὶ,

96 361 155 399 καὶ
189 361 387 408 ἀκόλαστοι,
405 361 465 399 καὶ
490 363 629 399 πολλῶν
664 363 826 414 γέμοντες
858 365 989 409 κακῶν,
1019 362 1125 400 πάλιν

96 422 288 474 ἀναγκαίαν
312 438 370 472 μοι
392 422 452 460 καὶ
476 424 627 461 ἐντεῦθεν
645 424 808 468 δεικνύεις
826 427 889 470 τῆς
907 426 977 462 ἐκεῖ
996 423 1127 474 διατρι-

96 483 160 530 ῧῆς
174 483 236 530 τὴν
252 483 440 536 πρόφασιν.
459 486 512 522 Οὐ
528 483 595 537 γὰρ
611 484 651 532 δὴ
668 485 744 529 τοὺς
761 485 823 536 μὲν
841 483 989 536 ἀγαθοὺς
1006 485 1125 530 ἐλεεῖν,

94 543 172 587 τοὺς
201 544 236 582 δὲ
263 544 432 597 πονηροὺς
452 546 608 590 κολάζειν
633 546 884 596 ἐκελεύσθημεν
901 560 908 568 ·
929 543 1020 582 ἀλλὰ
1044 543 1124 596 περὶ

95 604 228 648 πάντας
248 604 480 644 ἐνδείκνυσθαι
501 605 564 653 τὴν
581 606 843 659 φιλανθρωπίαν
862 604 1002 651 ταύτην.
1024 602 1125 641 Γίνε-

96 669 154 704 σθε
173 666 240 719 γὰρ
254 696 262 712 ,
286 667 402 718 φησὶν,
424 667 538 719 ὅμοιοι
557 672 617 706 τοῦ
638 666 776 719 Πατρὸς
801 668 898 716 ὑμῶν
923 668 983 703 τοῦ
1001 667 1034 702 ἐν
1054 669 1125 707 τοῖς

94 728 269 779 οὐρανοῖς,
284 728 338 767 ὅτι
358 729 538 768 ἀνατέλλει
556 730 613 767 τὸν
635 728 731 775 ἥλιον
760 729 861 765 αὐτοῦ
881 725 938 764 ἐπὶ
954 723 1125 778 πονηροὺς

95 788 154 826 καὶ
177 789 345 841 ἀγαθοὺς,
363 791 423 828 καὶ
440 790 557 843 βρέχει
579 790 635 828 ἐπὶ
652 788 804 833 δικαίους
818 788 878 826 καὶ
895 787 1043 830 ἀδίκους.
1061 786 1122 834 Μὴ

93 849 204 888 τοίνυν
236 851 422 904 κατηγόρει
451 855 519 889 τῶν
548 850 738 902 ἀλλοτρίων
767 852 918 902 πικρῶς,
950 847 1037 899 μηδὲ
1067 848 1124 886 ἔσο

93 912 238 963 σφοδρὸς
253 912 437 960 δικαστὴς,
455 914 532 950 ἀλλ’
552 911 682 965 ἥμερος
700 911 760 949 καὶ
774 911 1028 963 φιλάνθρωπος.
1055 910 1123 948 Καὶ

92 971 234 1025 γὰρκαὶ
252 977 375 1024 ἡμεῖς,
397 976 426 1011 εἷ
446 973 505 1011 καὶ
532 972 580 1023 μὴ
602 973 741 1025 μοιχοὶ,
769 971 857 1023 μηδὲ
877 971 1122 1025 τυμὲωρύχοι,

94 1033 182 1083 μηδὲ
215 1033 484 1085 βαλαντιοτόμοι
509 1033 714 1086 γεγόναμεν,
750 1034 826 1072 ἀλλ’
863 1032 989 1086 ἔχομεν
1022 1032 1124 1087 ἕτερα

91 1096 385 1147 πλημμελήματα
406 1095 530 1149 μυρίας
550 1095 630 1140 ἄξια
649 1095 836 1139 κολάσεως.
862 1094 933 1132 Καὶ
948 1093 1016 1147 γὰρ
1037 1094 1124 1132 ἱικαὶ

92 1160 148 1195 τὸν
180 1157 324 1209 ἀδελφὸν
349 1157 464 1210 μωρὸν
486 1156 701 1206 ἐκαλέσαμεν
729 1155 918 1203 πολλάκις,
947 1155 1033 1207 ὅπερ
1059 1154 1122 1201 τὴν

93 1218 231 1269 γέενναν
261 1222 346 1267 ἡμῖν
373 1218 548 1272 προξενεῖ·
568 1219 629 1256 καὶ
647 1222 814 1270 γυναῖκας
839 1216 1045 1260 ἀκολάστοις
1071 1217 1123 1254 εἴ-

93 1282 196 1330 δομεν
224 1281 431 1332 ὀφθαλμοῖς,
451 1279 536 1332 ὅπερ
562 1279 721 1331 μοιχείαν
752 1278 1017 1331 ἀπηρτισμένην
1046 1295 1125 1316 συν-

95 1341 229 1387 ίστησι·
246 1341 306 1380 καὶ
333 1341 373 1380 τὸ
394 1341 534 1379 πάντων
547 1339 808 1393 χαλεπώτερον,
830 1343 898 1377 τῶν
922 1339 1122 1393 μυστηρίων

90 1405 127 1441 οὐ
161 1403 352 1455 μετέχομεν
374 1402 498 1447 ἀξίως,
528 1401 614 1454 ὅπερ
636 1401 774 1453 ἐνόχους
788 1403 806 1421 *
833 1405 928 1452 ἡμᾶς
943 1407 1034 1438 ποιεῖ
1063 1404 1124 1438 τοῦ

92 1463 254 1514 σώματος
278 1464 338 1501 καὶ
363 1468 422 1501 τοῦ
452 1461 599 1513 αἵματος
629 1466 689 1500 τοῦ
719 1463 883 1514 Χριστοῦ.
916 1461 976 1508 Μὴ
1009 1461 1122 1500 τοίνυν

90 1525 209 1578 πικροὶ
241 1524 423 1576 γενώμεθα
458 1527 527 1561 τῶν
567 1523 682 1561 ἄλλων
719 1522 918 1570 ἐξετασταὶ,
955 1522 1045 1560 ἀλλὰ
1078 1521 1123 1561 τὰ

89 1588 190 1636 ἡμῶν
203 1588 315 1624 αὐτῶν
332 1588 514 1637 ἐννοῶμεν,
531 1585 591 1623 καὶ
606 1584 695 1623 οὕτω
711 1583 919 1635 παυσόμεθα
935 1587 997 1630 τῆς
1013 1587 1123 1622 ἀπαν-

91 1647 244 1701 θρωπίας
264 1647 391 1695 ταύτης
413 1647 473 1686 καὶ
486 1651 549 1694 τῆς
565 1647 759 1698 ὠμότητος.
783 1645 901 1699 Χωρὶς
927 1644 963 1683 δὲ
989 1645 1120 1684 τούτων
1143 1651 1166 1680 Ε

89 1709 229 1748 κάκεῖνό
245 1712 336 1749 ἐστιν
357 1712 478 1757 εἰπεῖν,
502 1709 554 1747 ὅτι
573 1709 633 1747 καὶ
653 1711 816 1751 ἐπιεικεῖς
832 1708 957 1761 ἄνδρας
976 1707 1122 1752 πολλοὺς

90 1771 279 1824 εὑρήσομεν
308 1771 449 1817 αὐτόθι,
483 1770 542 1809 καὶ
573 1774 636 1815 τῆς
660 1769 795 1813 πόλεως
814 1768 982 1812 π;λλάκις
1014 1771 1122 1807 ἀντα-

89 1833 177 1878 ξίους
197 1834 325 1880 πάσης.
345 1832 450 1872 Ἐπεὶ
478 1833 537 1871 καὶ
559 1833 598 1870 τὸ
623 1831 863 1884 δεσμωτήριον
885 1833 1018 1878 ἐκεῖνο,
1040 1830 1121 1869 ἔνθα

88 1897 105 1932 ὃ
123 1895 252 1947 Ἰωσὴφ
269 1890 324 1943 ἦν,
353 1894 500 1938 πολλοὺς
518 1888 590 1946 εἶχε
607 1893 794 1945 πονηρούς·
813 1893 889 1931 ἀλλ’
911 1892 1005 1944 ὅμως
1025 1893 1120 1931 πάν-

86 1972 155 1994 των
177 1957 380 2007 ἐπεμελεῖτο
400 1959 418 1994 ὃ
442 1956 573 1999 δίκαιος
596 1957 749 2010 ἐκεῖνος,
767 1954 827 1993 καὶ
846 1949 888 2001 ἦν
908 1953 993 1992 1’καὶ
1019 1954 1120 1998 αὐτὸς

89 2018 178 2069 μετὰ
200 2021 269 2056 τῶν
292 2018 406 2056 ἄλλων
429 2016 665 2071 κρυπτόμενος
681 2016 776 2061 ὅστις
800 2010 856 2063 ἦν.
881 2015 950 2054 Καὶ
972 2014 1039 2069 γὰρ
1058 2019 1121 2062 τῆς

88 2079 264 2132 Αἰγύπτου
292 2078 409 2126 πάσης
438 2077 595 2122 ἀντάξιος
632 2082 687 2125 ἦν,
722 2078 782 2116 καὶ
810 2078 850 2116 τὸ
879 2076 1118 2129 δεσμωτήριον
1129 2101 1177 2127 359
1430 2123 1435 2129 .
1469 2123 1475 2130 ⁸
1551 2124 1556 2129 ι
2007 2124 2011 2129 .

1102 2156 1118 2177 ν
1141 2139 1168 2168 Α
1190 2136 1274 2161 Vero
1292 2123 1414 2161 nullus
1427 2123 1477 2161 1b1
1496 2124 1577 2162 talis
1588 2133 1687 2173 esset,
1705 2137 1833 2176 magna
1848 2133 1965 2162 tamen
1987 2124 2053 2162 tibi
2073 2139 2182 2177 repo-

426 2140 487 2155 sml
537 2140 573 2154 alx
652 2143 673 2150 Ν

86 2142 181 2192 ὅμως
204 2141 299 2194 ᾤκει,
320 2141 379 2179 καὶ
404 2155 511 2184 ουοεις
529 2156 606 2192 ῃοει
627 2157 695 2178 των
716 2139 809 2178 ἔνδον
831 2139 950 2178 ὄντων.
974 2139 1045 2178 Καὶ
1061 2144 1100 2178 νῦ

85 2203 197 2242 τοίνυν
218 2202 366 2246 πολλοὺς
393 2196 479 2240 εἶναι
512 2203 602 2246 εἰκὸς
629 2201 802 2255 χρηστοὺς
838 2201 898 2239 καὶ
931 2203 1118 2249 ἐπιεικεῖς,

86 2265 188 2304 εἶκαὶ
207 2264 255 2316 μὴ
272 2271 377 2303 πᾶσιν
394 2258 458 2302 εἶεν
476 2264 669 2310 κατάδηλοι
682 2279 689 2287 ·
705 2264 765 2301 καὶ
781 2267 802 2310 ἡ
821 2262 901 2317 περὶ
914 2261 993 2306 τοὺς
1008 2262 1120 2301 τοιού-

86 2342 164 2370 τους
191 2325 392 2376 ἐπιμέλεια,
409 2329 470 2372 τῆς
488 2325 568 2378 περὶ
590 2325 724 2369 πάντας
744 2326 896 2371 σπουδῆς
919 2324 1040 2364 δίδωσί
1065 2340 1118 2363 σοι

83 2387 145 2435 τὴν
169 2387 330 2438 ἀμοιὲήν.
351 2385 411 2425 Ἂν
441 2387 476 2426 δὲ
507 2387 566 2424 καὶ
587 2387 707 2437 μηδεὶς
733 2381 755 2438 ᾗ
775 2392 945 2432 τοιοῦτος,
982 2386 1040 2424 καὶ
1062 2389 1117 2424 ἐν-

84 2452 194 2487 ταῦθα
213 2448 325 2494 πολλὴ
341 2451 362 2493 ἡ
385 2448 568 2491 ἀντίδοσις.
595 2447 699 2485 Ἐπεὶ
716 2447 775 2485 καὶ
795 2450 812 2484 ὃ
828 2447 1008 2492 Δεσπότης
1023 2451 1040 2485 ὁ
1061 2447 1119 2490 σὸς

84 2510 160 2561 οὐχὶ
192 2509 336 2551 δικαίοις
368 2508 538 2559 διελέγετο
567 2508 681 2559 μόνον,
716 2507 793 2551 τοὺς
829 2507 864 2546 δὲ
901 2508 1118 2560 ἀκαθάρτους

84 2570 242 2623 ἔφευγεν·
265 2569 356 2608 ἀλλὰ
378 2570 437 2607 καὶ
462 2569 524 2616 τὴν
548 2569 751 2607 Χαναναίαν
776 2568 866 2620 μετὰ
887 2569 1020 2615 πολλῆς
1044 2568 1117 2606 ἐδέ-

85 2632 165 2677 ξατο
184 2635 246 2678 τῆς
268 2630 420 2677 εὐνοίας,
441 2630 500 2668 καὶ
526 2630 588 2677 τὴν
611 2631 828 2683 Σαμαρεῖτιν
854 2629 917 2675 τὴν
936 2632 1040 2680 ἐναγῆ
1058 2630 1118 2667 καὶ

85 2693 294 2746 ἀκάθαρτον,
317 2691 375 2730 καὶ
399 2691 518 2745 ἑτέραν
540 2692 575 2729 δὲ
594 2691 724 2744 πόρνην
746 2692 865 2739 πάλιν,
888 2690 976 2743 ὑπὲρ
997 2685 1038 2736 ἧς
1057 2690 1117 2728 καὶ

85 2755 256 2798 ὠνείδιζον
277 2756 308 2792 οἱ
327 2753 511 2801 Ἰουδαῖοι,
540 2753 600 2791 καὶ
627 2752 765 2796 ἐδέξατο
796 2752 855 2790 καὶ
890 2752 1116 2805 ἐθεράπευσε,

83 2816 244 2859 καὶτοὺς
276 2815 384 2858 πόδας
416 2815 648 2867 βρεχομένους
680 2815 746 2853 ὑπὸ
774 2817 842 2852 τῶν
871 2814 1028 2867 δακρύων
1054 2816 1116 2859 τῆς

83 2878 224 2927 ἐναγοῦς
245 2876 423 2928 ἠνείχετο,
441 2876 615 2915 παιδεύων
631 2880 726 2926 ἡμᾶς
742 2875 966 2925 συγκατιέναι
988 2882 1059 2919 τοῖς
1081 2878 1115 2913 ἐν

82 2938 273 2991 ἁμαρτίαις
293 2933 379 2976 οἶσι.
398 2940 511 2977 Τοῦτο
525 2938 593 2991 γὰρ
615 2939 768 2989 μάλιστα
792 2940 938 2991 φιλανθρ

80 3001 169 3053 φῇς;
188 3000 316 3051 λῃσταὶ
330 3000 390 3037 καὶ
410 3000 636 3052 τυμὲωρύχοι
650 3001 690 3038 τὸ
705 3000 941 3053 δεσμωτήριον
962 3002 1110 3046 οἰκοῦσι,

454 3060 463 3073 l

81 3062 157 3108 Τὴν
179 3061 214 3100 δὲ
243 3061 357 3109 πόλιν,
387 3062 462 3098 εἷπε
485 3077 568 3111 μοι,
589 3060 717 3099 δίκαιοι
738 3061 865 3105 πάντες
885 3060 969 3099 εἰσὶν
990 3063 1020 3098 οἱ
1049 3076 1111 3097 κα-

79 3128 291 3170 τοικοῦντες,
309 3123 385 3160 ἀλλ’
417 3122 493 3174 οὐχὶ
509 3122 631 3161 πολλοὶ
649 3123 708 3160 καὶ
722 3122 852 3161 τούτων
868 3121 1004 3174 χείρους
1023 3120 1112 3172 μετὰ

125 3265 139 3279 ³
163 3261 214 3289 καί
229 3254 411 3287 secundnm
431 3254 462 3288 in
481 3256 559 3287 Mss.
578 3253 779 3298 quibusdam
797 3253 1018 3286 desideratur.

127 3307 142 3321 ⁸
167 3308 270 3349 [ἡμᾶς
285 3307 477 3340 addidimus
494 3320 510 3340 e
532 3307 641 3341 Codd.
670 3309 734 3340 705
749 3335 756 3347 ‚
775 3309 852 3343 709,
872 3305 974 3339 Szivil.
997 3305 1096 3338 habet

82 3365 160 3401 ἡμᾶς
177 3362 318 3402 ἐνόχους.]

1451 162 1538 191 Ui,

2089 151 2174 207 411

1189 240 1359 292 jubemur
1388 241 1498 279 bonos
1530 242 1703 291 miserari,
1739 252 1774 280 et
1803 244 1913 281 malos
1943 245 2086 296 punire,
2124 245 2184 283 sed

1194 308 1403 360 hujusmodi
1416 309 1676 348 humanitatem
1695 311 1861 348 omnibus
1881 311 2072 363 impertire.
2092 314 2183 350 Nam

1193 377 1256 425 ait,
1280 379 1415 416 Estote
1431 381 1577 418 similes
1610 382 1727 419 Patri
1761 390 1906 428 vestre,
1930 384 1997 434 qui
2016 384 2058 418 in
2081 384 2185 420 coelis
2198 384 2314 462 Zsulth-
2334 382 2363 412 5-

2226 435 2250 454 ›-

1194 453 1263 490 est‚
1279 448 1345 496 qui
1361 448 1569 500 oririsacit
1588 448 1708 486 solem
1728 462 1839 486 sunm
1858 462 1973 500 super
1997 449 2122 487 malos
2149 459 2185 487 et
2219 449 2225 453 ’

1198 514 1330 563 bonos,
1353 524 1388 552 et
1400 516 1500 566 pluit
1520 520 1767 569 superjustos
1780 526 1815 554 et
1831 519 2010 569 injustos.
2031 518 2084 554 Ne
2102 531 2186 568 ergo

1195 584 1284 622 alios
1303 586 1421 623 acrius
1451 586 1646 637 insecteris,
1668 603 1756 626 neve
1788 587 1836 626 sis
1855 588 1970 640 judex
1994 588 2186 626 vehemen-

1195 645 1276 695 tior,
1297 646 1357 684 sed
1379 648 1476 686 mitis
1497 658 1530 686 et
1558 649 1751 687 humanus.
1775 651 1848 688 Nos
1872 650 2002 689 etenim
2032 650 2095 688 etsi
2117 664 2186 687 non

1195 716 1326 753 moechi
1340 717 1462 767 simus,
1479 733 1547 757 non
1568 720 1810 772 sepulcrorum
1827 721 2022 766 effossores,
2038 734 2107 763 non
2126 721 2184 758 fu-

1194 799 1270 837 res,
1291 786 1353 824 sed
1368 787 1448 826 aliis
1458 803 1581 827 sumus
1600 789 1747 827 obnoxii
1766 789 1876 839 vitiis,
1892 804 1970 841 quae
1986 789 2086 827 mille
2097 804 2187 842 sup-

1195 856 1311 908 pliciis
1321 858 1429 910 digna
1442 869 1534 898 sunt.
1556 862 1647 899 Nam
1661 861 1715 899 vel
1730 862 1875 899 fratrem
1888 863 2027 900 fatuum
2037 861 2165 900 vocavi
2174 883 2188 889 -

1194 940 1285 976 mus,
1296 928 1391 979 quod
1401 943 1464 968 nos
1475 930 1643 982 gehennae
1656 931 1832 969 obnoxios
1842 931 1959 969 reddit
1966 946 1976 980 ;
1988 931 2045 969 vcl
2059 931 2185 969 mulie-

1192 1012 1248 1035 res
1260 998 1452 1051 impudicis
1467 1001 1580 1039 oculis
1597 1002 1815 1055 aspeximus,
1835 1001 1933 1053 quod
1951 1011 2003 1040 est
2022 1016 2186 1039 consum-

1194 1077 1329 1107 matum
1341 1070 1556 1109 adulterium
1568 1088 1575 1108 :
1586 1072 1751 1124 quodque
1761 1072 1920 1111 omnium
1933 1073 2185 1125 gravissimum

1193 1148 1256 1187 est,
1277 1139 1422 1192 indigne
1438 1142 1608 1194 mysteria
1634 1142 1946 1195 participavimns,
1987 1143 2084 1193 quod
2107 1157 2186 1180 reos

1194 1208 1278 1246 facit
1299 1211 1457 1262 corporis
1472 1221 1504 1250 et
1527 1212 1711 1263 sanguinis
1725 1212 1873 1250 Christi.
1897 1213 1949 1250 Ne
1964 1226 2048 1264 ergo
2064 1212 2185 1250 acerbi

1194 1278 1346 1317 aliorum
1367 1290 1578 1320 scrutatores
1596 1281 1707 1320 simus
1718 1297 1729 1332 3
1749 1281 1810 1319 sed
1839 1292 1957 1320 nostra
1976 1281 2185 1334 cogitemus,

1192 1357 1227 1385 et
1239 1349 1289 1386 sic
1302 1349 1599 1389 inhumanitatem
1619 1351 1711 1389 hane
1730 1361 1762 1389 et
1775 1351 2021 1390 crudelitatem
2043 1351 2185 1390 sedabi-

1195 1431 1286 1456 mus.
1302 1419 1359 1456 Ad
1377 1419 1453 1457 lxaec
1468 1434 1552 1459 vero
1573 1420 1765 1459 dicendum
1779 1421 1898 1469 etiam,
1910 1435 1972 1459 nos
1990 1422 2040 1459 ibi
2054 1422 2185 1474 probos

1195 1487 1289 1527 viros
1306 1489 1437 1527 multos
1457 1500 1660 1543 reperturos
1678 1505 1765 1541 esse,
1786 1491 1851 1529 toti
1870 1493 2081 1543 plerumque
2094 1493 2186 1530 civi—

1192 1557 1256 1595 tati
1276 1559 1524 1610 exaequandos.
1545 1561 1638 1598 Nam
1657 1575 1775 1599 carcer
1794 1561 1868 1612 ille,
1904 1562 1940 1599 in
1959 1577 2029 1614 quo
2051 1563 2185 1615 Joseph

1192 1637 1277 1676 crat,
1290 1628 1420 1666 multos
1433 1629 1615 1683 improbos
1627 1630 1840 1679 continebat,
1853 1640 1886 1669 et
1899 1641 2012 1669 tamen
2024 1632 2185 1670 omnium

1193 1712 1315 1735 curam
1330 1699 1474 1749 gerebat
1502 1700 1621 1751 justus
1640 1700 1713 1749 ille,
1734 1710 1767 1738 et
1804 1715 1886 1739 cum
1923 1701 2004 1739 aliis
2025 1703 2186 1741 occultus

1191 1778 1275 1806 erat.
1298 1770 1388 1807 Nam
1412 1784 1494 1808 cum
1503 1771 1569 1808 toti
1586 1771 1744 1824 AEgypto
1764 1781 1852 1809 esset
1875 1773 2130 1823 exaequandus,
2147 1773 2184 1811 in

1191 1853 1327 1878 carcere
1342 1849 1458 1878 tamen
1471 1850 1546 1879 erat
1566 1842 1701 1879 nemini
1722 1851 1838 1879 notus.
1857 1844 1889 1880 N
1893 1857 1960 1880 unc
1971 1857 2111 1894 quoque
2121 1857 2183 1881 ve-

1189 1909 1340 1948 risimile
1348 1921 1398 1948 est
1412 1911 1462 1948 ibi
1474 1912 1605 1950 multos
1618 1926 1690 1950 esse
1704 1913 1836 1965 probos
1849 1922 1881 1951 et
1892 1913 1984 1965 frugi
1998 1915 2107 1962 viros,
2119 1913 2183 1951 etsi

1189 1993 1259 2016 non
1278 1980 1444 2018 omnibus
1464 1990 1583 2032 notos,
1600 1991 1633 2019 et
1648 1996 1732 2020 cura
1751 1982 1822 2020 illis
1839 1983 2011 2032 exhibita,
2022 1984 2183 2021 officium

1189 2050 1270 2088 aliis
1295 2052 1497 2104 praestitum
1522 2052 1664 2091 abunde
1693 2053 1757 2091 tibi
1784 2063 1998 2106 compensat.
2033 2054 2183 2092 Etiamsi

1189 2193 1256 2231 sita
1280 2203 1332 2232 est
1353 2209 1496 2233 merces.
1529 2195 1632 2233 Certe
1661 2194 1838 2233 Dominus
1863 2203 1946 2232 tuus
1968 2209 2038 2232 non
2067 2195 2183 2247 justos

1190 2264 1297 2303 modo
1316 2265 1575 2317 alloquebatur,
1598 2279 1662 2303 nec.
1682 2265 1843 2318 impuros
1862 2265 2041 2316 fugiebat,
2064 2264 2125 2302 sed
2149 2274 2183 2302 et

1190 2335 1428 2373 Chananaeam
1440 2350 1522 2372 cum
1532 2335 1645 2372 multa
1655 2335 1901 2373 benevolentia
1913 2335 2063 2386 excepit,
2074 2344 2105 2372 et
2117 2334 2181 2371 Sa-

1188 2405 1400 2442 maritanam
1416 2404 1599 2442 scelestam
1610 2413 1644 2442 et
1657 2404 1848 2456 impuram,
1865 2404 2043 2454 aliamque
2061 2417 2180 2441 mere—

1188 2475 1326 2522 tricem,
1341 2474 1439 2524 quod
1459 2473 1575 2513 Judaei
1604 2473 1879 2525 exprobrarunt,
1901 2472 2040 2525 excepit
2057 2481 2090 2510 et
2112 2487 2179 2510 cu—

1187 2546 1292 2594 ravit,
1315 2557 1508 2598 passusque
1523 2552 1573 2580 est
1594 2552 1632 2579 ut
1648 2543 1797 2594 impurae
1820 2542 1980 2579 mulieris
2008 2542 2181 2595 lacrymis

1186 2615 1293 2667 pedes
1309 2615 1365 2652 sui
1380 2613 1593 2665 rigarentur,
1606 2622 1645 2650 ut
1660 2627 1722 2650 nos
1736 2612 1876 2651 doceret
1885 2613 2039 2651 humane
2057 2628 2181 2666 pecca-

1186 2694 1278 2722 tores
1297 2683 1472 2735 excipere.
1493 2683 1575 2721 Haec
1590 2683 1685 2721 enim
1705 2683 1863 2721 maxima
1883 2683 2088 2722 humanitas
2113 2693 2177 2722 est.

1187 2753 1287 2800 Quid
1305 2753 1422 2791 dicis?
1439 2753 1534 2790 fures
1553 2761 1586 2790 et
1605 2753 1854 2804 sepulcrorum
1864 2753 2049 2790 effossores
2062 2767 2180 2791 carce-

1186 2839 1258 2862 rem
1272 2824 1470 2876 occupant?
1485 2824 1593 2870 Num,
1611 2838 1728 2874 quaeso
1743 2823 1899 2862 civitatis
1916 2824 2039 2862 incolae
2060 2838 2180 2862 omnes

1182 2894 1270 2946 justi
1282 2894 1388 2931 sunt?
1403 2907 1517 2931 annon
1533 2893 1592 2931 hic
1606 2893 1709 2931 multi
1723 2894 1859 2947 pejores
1871 2903 1963 2939 sunt,
1984 2895 2046 2945 qui
2060 2895 2177 2947 impu-

1005 2937 1012 2949 1
1092 2937 1115 2950 ‚1

941 2954 1048 2976 ωπια·
1068 2940 1114 2975 Ἱι
1139 2949 1161 2977 Β
1186 2964 1328 3001 dentius
1358 2963 1640 3001 furantur9Alii
1669 2963 1763 3001 enim
1796 2963 2025 3002 solitudinem
2054 2964 2177 3001 saltem

1187 3044 1220 3072 et
1240 3033 1402 3072 tenebras
1424 3032 1637 3084 obtendunt,
1661 3042 1694 3071 et
1713 3033 1789 3071 haec
1810 3033 1902 3071 clam
1921 3033 2055 3071 faciunt
2074 3049 2080 3069 :
2100 3033 2176 3082 alii,

1187 3110 1299 3163 posita
1310 3110 1422 3160 larva,
1435 3108 1531 3147 nudo
1546 3109 1671 3161 capite,
1686 3108 1777 3146 mala
1789 3117 2003 3161 perpetrant,
2013 3108 2175 3154 violenti,

1206 3263 1219 3278 ³
1234 3254 1297 3286 Hic
1309 3252 1410 3286 etiam
1427 3257 1476 3288 καί
1492 3252 1674 3286 secundum
1693 3251 1786 3285 deest
1803 3253 1835 3285 in
1853 3251 2051 3295 quibusdam
2068 3263 2175 3284 exem—

1163 3305 1322 3349 pluribus.
