2481 3678
665 225 705 255 ix
742 225 946 257 Jotxxrm
989 224 1142 256 nonu„
1184 220 1320 251 rxxu.
1361 203 1422 248 aL

104 325 199 359 μενοι
226 311 284 348 καί
310 310 441 362 ἀγωνίᾳ
461 311 571 360 πολλῗΙ
602 310 679 348 τότε
697 307 926 360 τεθορύὸηντο
941 338 950 354 ,
977 307 1036 345 καὶ
1058 304 1118 351 τὴν

102 372 163 419 μὲν
187 373 298 417 ἀληθῆ
315 375 382 409 τῶν
408 369 597 421 εἰρημένων
619 370 732 408 αἰτίαν
756 372 816 407 οὖν.
835 368 1000 420 τᾔδεσαν·
1021 363 1117 402 ὑπώ-

102 448 223 470 πτευον
256 433 308 477 δὲ,
335 432 387 470 ὅτι
408 434 491 474 Τοῖς
507 431 651 477 πένησιν
668 431 723 468 ἵνα
742 447 775 468 τι
796 431 844 481 δῷ
858 459 867 475 ,
887 432 997 466 ταῦτα
1013 426 1120 476 ἔλεγε.

100 493 240 538 Πολλὴν
268 493 334 544 γὰρ
365 494 515 529 ἐποιεῖτο
534 495 601 529 τῶν
630 494 780 542 πτωχῶν
811 490 873 536 τὴν
907 486 1121 537 ἐπιμέλειαν,

100 552 270 590 διδάσκων
302 554 360 591 καὶ
388 557 480 603 ἡμᾶς
513 552 646 599 πολλὴν
681 553 767 603 ὑπὲρ
796 550 917 588 τούτου
950 550 1122 586 ποιεῖσθαι

100 614 263 660 σπουδήν.
293 614 487 652 *Ἔδόκουν
520 614 555 652 δὲ
591 616 656 665 οὐχ
681 615 818 659 ἁπλῶς,
847 612 922 648 ἀλλ’
944 607 1063 655 ἐπειδὴ
1084 607 1123 645 τὸ

100 674 345 725 γλωσσόκομον
366 670 455 727 εἶχε·
485 675 625 713 8καίτοι
644 691 683 724 γε
702 673 811 715 οὐδεὶς
832 671 990 724 φαίνεται
1009 684 1122 722 προσ-

100 735 247 785 ενεγκὼν
267 739 361 788 αὐτῷ
379 736 545 787 χρήματα
560 751 567 759 ·
597 737 672 772 ἀλλ’
695 734 748 773 ὅτι
770 733 830 783 μὲν
857 731 996 783 ἔτρεφον
1019 730 1121 768 αὐτὸν

1465 217 1581 248 Lxxn
2090 200 2180 259 485

1192 310 1223 339 et
1258 314 1377 338 veram
1417 298 1595 336 dictorum
1642 309 1784 334 causam
1830 310 1897 333 non
1936 305 2089 334 norant:
2122 312 2285 352 sii-[29.

1146 369 1170 398 E
1193 361 1422 414 spicabantur
1440 368 1571 407 autem,
1592 359 1641 396 Ut
1661 360 1790 409 egenis
1803 358 1956 409 aliquid
1971 359 2094 405 daret,
2114 358 2179 395 ista

1193 423 1337 461 dixisse.
1363 422 1516 460 Multam
1545 420 1638 459 enim
1666 419 1808 471 gerebat
1829 433 2028 471 pauperum
2047 434 2181 469 curam,

1195 492 1233 521 ut
1255 498 1317 521 nos
1341 483 1387 521 ad
1415 483 1573 535 idipsum
1601 481 1739 518 naviter
1763 479 1942 531 agendum
1967 479 2178 517 institueret.

1194 546 1316 595 Neque
1335 543 1409 581 sine
1429 558 1532 581 causa
1558 543 1595 580 id
1616 541 1811 594 putabant,
1833 540 1894 578 ille
1912 554 2064 591 namque
2087 541 2184 577 locu-

1194 606 1246 644 los
1274 605 1438 643 habebat.
1471 604 1579 655 Atqui
1609 617 1709 641 nemo
1736 601 1923 654 pecuniam
1950 602 2018 653 ipsi
2046 601 2186 639 dedisse

1195 677 1359 705 narratur
1377 683 1384 703 :
1400 680 1527 704 verum
1548 664 1646 716 quod
1663 663 1848 715 discipulae
1864 677 1908 700 ex
1927 662 2031 700 bonis
2047 663 2120 700 suis
2139 663 2184 701 ad

1195 730 1330 768 victum
1360 728 1552 767 necessaria
1581 727 1648 779 ipsi
1680 725 1978 778 suppeditabant,
2007 725 2075 762 lioc
2100 739 2184 763 vero

2198 553 2379 583 Jonn.12.6.

100 797 139 834 ἐκ
168 800 235 833 τῶν
265 798 491 849 ὕπαρ-[όντων
513 800 548 835 αἱ
567 796 758 847 μαθήτριαι
779 825 787 840 ,
822 797 918 832 eine·
953 795 1054 830 τοῦτο
1086 792 1120 829 δὲ
1135 818 1181 842 425
1195 805 1369 842 nusquam
1387 790 1445 829 vel
1464 788 1716 827 subindicavit.
1734 788 1807 824 Cur
1823 801 1928 839 porro
1946 787 1974 824 is
1991 787 2181 838 quijubet,
2229 797 2386 825 Cin-Chri-

100 859 251 908 οὐδαμοῦ
269 859 419 910 ᾐνίξατο.
437 860 519 900 Πῶς
539 858 574 895 δὲ
587 888 595 902 ,
613 856 660 908 μὴ
681 856 809 907 πήραν,
834 854 881 906 μὴ
903 854 1048 906 χαλκὸν,
1071 853 1118 905 μὴ

101 918 224 971 ῥάὲδον
251 919 398 957 κελεύων
422 919 653 970 ἐπιφέρεσθαι,
673 916 919 968 γλωσσόκομον
938 915 1121 968 ἐπεφέρετο

95 981 180 1030 πρὸς
209 979 272 1025 τὴν
303 983 370 1018 τῶν
398 979 555 1025 πενήτων
585 977 783 1024 διακονίαν;
809 975 888 1014 Ἵνα
907 976 1038 1028 μάθῃς,
1068 975 1121 1014 ὅτι

97 1039 155 1076 καὶ
176 1041 232 1077 τὸν
257 1040 387 1092 σφόδρα
416 1039 597 1090 ἀκτήμονα
623 1038 681 1077 καὶ
699 1036 959 1090 ἐσταυρωμένον
998 1037 1119 1076 τούτου

163 1105 221 1138 τοῦ
240 1101 363 1153 μέρους
383 1101 514 1147 πολλὴν
533 1103 705 1138 ποιεῖσθαι
721 1100 783 1146 τὴν
800 1098 975 1151 πρόνοιαν.
996 1098 1120 1136 Πολλὰ

95 1178 162 1214 ναρ
207 1163 291 1214 πρὸς
332 1162 394 1210 τὴν
439 1162 612 1213 ἡμετέραν
656 1163 844 1211 οἰκονομῶν
893 1160 1118 1197 διδασκαλίαν

116 1239 161 1275 -p

97 1241 112 1261 ε
130 1251 138 1260 .
166 1240 258 1261 αττε.
280 1226 393 1262 Τοῦτο
412 1218 469 1261 οὖν
490 1224 548 1261 καὶ
568 1223 679 1274 λέγειν
706 1222 867 1272 ἐνόμισαν
887 1224 918 1259 οῖ
939 1221 1116 1272 μαθηταὶ,

97 1288 104 1300 ι

97 1102 147 1138 δεῖ

123 1162 132 1177 Χ

103 1198 109 1212 Ι

101 1224 125 1260 ⁹¹

105 1284 112 1299 Ι
212 1291 223 1297 ⁸·
289 1285 303 1308 a!
325 1302 331 1307 ι
377 1285 384 1297 Ι
395 1302 414 1308 -
446 1286 486 1298 ’ΚΝ
538 1287 548 1295 ⁷
575 1284 582 1297 Χ
625 1287 634 1298 3
646 1283 676 1306 Ν)-
724 1288 777 1307 1⁶⁸¹—
812 1286 825 1307 ἒ
850 1283 863 1308 Δ
926 1284 941 1311 Ι,
1000 1283 1031 1306 -ἱ
1088 1282 1118 1310 Ι-

99 1300 151 1322 ινα
171 1300 241 1328 τοις
259 1301 321 1322 πεν
330 1301 384 1331 ησι
403 1302 428 1323 ,ι
443 1302 501 1337 oq).
519 1287 587 1323 wa.
603 1299 678 1322 ουο;
695 1299 754 1321 του
766 1299 796 1321 ιο
811 1298 981 1335 ενετρερε,
1008 1298 1039 1320 ,ο
1054 1299 1097 1333 με

96 1362 174 1397 χρις
194 1347 345 1397 ἐσχάτης
363 1346 496 1397 ἡμέρας
517 1344 565 1396 μὴ
587 1347 729 1392 θελῆσαι
755 1344 856 1382 αὐτὸν
876 1345 1118 1396 παραδειγμα-

96 1407 200 1445 τίσαι.
220 1409 332 1445 Τοῒτο
350 1407 408 1444 καὶ
425 1410 517 1457 ἡμᾶς
534 1408 585 1444 δεῖ
602 1413 725 1453 ποιεῖν,
745 1406 803 1443 καὶ
820 1405 867 1456 μὴ
885 1405 1118 1455 ἐκπομπεύειν

96 1468 139 1506 τὰ
158 1472 226 1505 τῶν
248 1468 416 1505 συνόντων
439 1467 677 1519 ἁμαρτήματα
691 1496 700 1512 ,
728 1467 792 1504 κᾶν
822 1466 970 1508 ἀνιάτως
997 1468 1116 1518 ἔχωσι.

96 1529 166 1567 Καὶ
191 1530 258 1581 γὰρ
284 1532 342 1567 καὶ
363 1530 449 1580 μετὰ
478 1532 590 1566 ταῦτα
618 1528 751 1566 ἐλθόντι
769 1529 956 1580 προδοῦναι
981 1528 1117 1580 φίλημα

94 1591 222 1638 ἔδωκε,
251 1591 310 1628 καὶ
330 1589 535 1634 κατεδέξατο
563 1596 710 1642 πρᾶγμα
733 1593 907 1635 τοσοῦτον,
928 1588 986 1626 καὶ
1005 1588 1062 1625 ἐπὶ
1079 1588 1118 1625 τὸ

93 1654 214 1704 πολλῷ
229 1657 243 1673 ²¹
255 1651 508 1703 τολμηρότερον
523 1650 665 1703 προ-ᾔει,
683 1651 740 1688 τὸν
760 1651 904 1703 σταυρὸν
926 1649 1040 1697 αὐτὸν,
1059 1649 1116 1687 τὸν

96 1713 238 1752 θάνατον
263 1714 320 1752 τὸν
340 1712 590 1750 ἐπονείδιστον·
621 1712 679 1750 καὶ
707 1712 810 1750 πάλιν
836 1713 907 1749 ἐκεῖ
926 1711 989 1757 τὴν
1014 1712 1116 1748 αὐτοῦ

95 1774 355 1828 φιλανθρωπίαν
370 1773 600 1811 ἐπεδείκνυτο.
618 1773 686 1811 Καὶ
700 1772 798 1818 δόξαν
815 1774 962 1811 ἐνταῦθα
975 1772 1014 1810 τὸ
1029 1778 1118 1824 πρᾶ-

95 1853 169 1887 γμα
189 1839 305 1882 καλεῖ,
326 1835 496 1873 διδάσκων
515 1839 610 1886 ἡμᾶς
639 1835 693 1873 ὅτι
723 1834 818 1873 οὐδὲν
846 1833 954 1876 οὕτως
973 1834 1116 1885 αἰσχρὸν

95 1898 154 1936 καὶ
185 1897 427 1942 ἐπονείδιστον,
447 1896 464 1934 δ
491 1896 539 1947 μὴ
571 1896 812 1948 λαμπρότερον
845 1902 937 1934 ποιεῖ
967 1896 1025 1934 τὸν
1055 1911 1116 1945 με·

95 1959 215 1997 τιόντα
230 1991 237 2005 ,
259 1960 339 1997 ὅταν
359 1959 450 1997 κατὰ
466 1958 556 2006 Θεὸν
578 1957 728 2009 γίνηται.
749 1957 851 1996 Μετὰ
868 1961 948 2009 γοῦν
968 1956 1006 1995 τὸ
1021 1956 1116 2001 ἐξελ-

97 2026 165 2060 θεῖν
194 2022 251 2060 τὸν
280 2020 412 2059 Ἰούδαν
442 2018 529 2056 be’vet
563 2018 602 2056 τὸ
632 2019 872 2070 παραδοῦναι,
901 2018 1015 2069 λέγει·
1043 2020 1115 2056 Νῦν

97 2082 260 2130 ἐδοξάσθη
283 2085 300 2120 ὃ
322 2082 406 2125 Υἱὸς
430 2084 488 2119 τοῦ
521 2079 723 2132 ἀνθρώπου·
750 2079 860 2131 ταύτῃ
889 2078 1118 2122 πεπτωκότας

95 2144 173 2187 τοὺς
187 2143 374 2196 λογισμοὺς
393 2145 460 2180 τῶν
483 2144 646 2193 μαθητῶν
663 2142 822 2189 ἀνιστῶν,
842 2140 901 2178 καὶ
919 2140 1046 2178 πείθων
1067 2139 1116 2191 μὴ

97 2206 199 2256 μόνον
220 2205 267 2256 μὴ
288 2211 467 2257 κατηφεῖν,
490 2203 579 2242 ἀλλὰ
604 2202 662 2240 καὶ
682 2202 830 2254 χαίρειν.
851 2201 919 2240 Διὰ
937 2206 1038 2240 τοῦτο
1058 2201 1117 2240 καὶ

96 2268 113 2286 *
127 2267 253 2319 Πέτρῳ
278 2266 311 2310 ἐξ
334 2268 446 2318 ἀρχῆς
465 2264 668 2315 ἐπετίμησε.
688 2263 740 2301 Τὸ
760 2263 826 2315 γὰρ
845 2265 879 2301 ἐν
897 2264 1034 2316 θανάτῳ
1054 2281 1114 2315 γε·

94 2328 234 2379 νόμενον
247 2328 486 2380 περιγενέσθαι
502 2326 661 2371 θανάτου,
675 2324 754 2369 δόξα
769 2324 917 2376 μεγάλη.
934 2325 1003 2363 Καὶ
1018 2325 1118 2363 τοῦτό

82 2391 186 2444 ,ἔστιν
204 2390 221 2428 ὃ
241 2390 321 2441 περὶ
338 2391 460 2426 ἑαυτοῦ
478 2388 591 2439 ἔλεγεν
607 2402 614 2409 ·
634 2385 747 2424 ἰὈταν
768 2388 894 2438 ὑψωθῶ
906 2415 915 2433 ,
932 2385 1010 2423 τότε
1024 2385 1116 2436 γνώ-

94 2453 193 2488 σεσθε
211 2450 264 2488 ὅτι
282 2449 350 2501 ἐγώ
371 2452 442 2500 εἰμι
454 2466 461 2473 ·
482 2449 541 2486 καὶ
560 2448 679 2494 πάλιν,
696 2447 837 2485 Λύσατε
856 2448 912 2485 τὸν
932 2447 1011 2484 ναὸν
1032 2450 1115 2484 τοῦ-

93 2526 150 2548 τον
167 2527 175 2534 ·
195 2511 254 2548 καὶ
267 2513 385 2556 πάλιν,
412 2511 566 2560 Σημεῖον
590 2510 626 2546 οὖ
643 2508 824 2554 δοθήσεται
842 2510 936 2558 ὑμῖν,
957 2509 986 2545 εἷ
1009 2507 1057 2558 μὴ
1077 2507 1116 2545 τὸ

93 2578 235 2622 σημεῖον
255 2572 369 2610 Ἰωνᾶ.
389 2570 470 2613 Πῶς
488 2569 555 2623 γὰρ
571 2570 608 2607 οὗ
624 2568 703 2613 δόξα
720 2568 855 2620 μεγάλη
870 2597 879 2614 ,
901 2569 940 2606 τὸ
955 2568 1013 2607 καὶ
1027 2568 1116 2619 μετὰ

93 2633 236 2670 θάνατον
258 2635 398 2684 ἰσχῦσαι
423 2634 491 2669 τῶν
517 2632 585 2683 πρὸ
609 2634 668 2668 τοῦ
690 2630 835 2668 θανάτου
868 2630 1017 2679 μείζονα.
1037 2628 1116 2667 Ἵνα

92 2693 158 2746 γὰρ
186 2696 354 2744 πιστευθῇ
385 2696 407 2739 ἦ
444 2692 652 2739 ἀνάστασις,
683 2691 822 2742 μείζονα
853 2691 1057 2743 εἰργάσαντο
1083 2694 1115 2729 οἱ

93 2755 258 2804 μαθηταί.
278 2756 321 2792 Εἰ
337 2753 371 2791 δὲ
393 2754 440 2805 μὴ
462 2753 520 2800 ἔζη
539 2784 548 2801 ,
571 2753 630 2791 καὶ
649 2751 739 2795 Θεὸς
757 2746 812 2798 ἦν,
829 2755 904 2795 πῶς
918 2754 952 2789 ἐν
971 2751 1115 2803 ὀνόματι

92 2818 197 2854 αὐτοῦ
213 2820 367 2854 τοσαῦτα
387 2815 592 2869 εἰργάσαντο
607 2808 701 2853 οὗτοι
720 2831 728 2860 ;
754 2813 821 2852 Καὶ
837 2816 854 2851 ὁ
873 2813 962 2856 Θεὸς
981 2813 1116 2858 δοξάσει

93 2876 206 2915 αὐτόν.
233 2876 280 2915 Τί
308 2879 401 2924 ἐστι,
421 2876 490 2914 Καὶ
507 2880 525 2914 ὃ
543 2876 633 2919 Θεὸς
651 2874 785 2919 δοξάσει
805 2875 907 2913 αὐτὸν
928 2877 961 2913 ἐν
981 2877 1115 2927 ἑαυτῷ,

93 2937 282 2985 Τουτέστι,
304 2939 347 2975 δι’
370 2941 514 2987 ἑαυτοῦ,
535 2940 572 2976 οὐ
592 2938 636 2975 δι’
661 2936 790 2988 ἑτέρου.
817 2936 886 2976 Καὶ
912 2936 1036 2979 εὐθέως
1055 2937 1114 2974 δο-

137 3109 149 3131 f
166 3106 226 3137 Alii
240 3105 340 3148 [Cod.
357 3108 436 3149 705]
450 3110 556 3152 ᾔδεσαν
569 3118 575 3125 ·
595 3108 753 3150 eubano-:eff
767 3113 901 3151 ἐνόμιζον
914 3107 998 3140 Cod.
1016 3108 1101 3149 709]

93 3162 134 3197 δὲ,
150 3164 245 3203 φησὶν,
263 3164 322 3193 ὅτι.

137 3211 152 3225 *
170 3210 294 3253 [Codd.
313 3212 389 3251 705,
409 3212 472 3243 709
489 3220 630 3255 pergunt
647 3228 652 3246 :
674 3213 756 3250 οὗτος
773 3218 831 3257 γὰρ
850 3217 883 3246 τὸ
897 3216 1103 3254 γλωσσόκομον

96 3277 169 3305 ειχεν
190 3268 237 3296 καὶ
261 3269 299 3297 τὸ.
323 3265 500 3307 βαλλόμενα
522 3262 625 3295 Addit
647 3268 808 3304 ἐξάσταζῖν
820 3261 904 3295 Cod.
925 3264 999 3295 709.
1021 3264 1101 3304 Quae

95 3316 204 3345 omnia
217 3327 313 3348 merce
330 3323 405 3347 sunt
419 3315 702 3358 interpolationes.
724 3313 830 3348 Iidem
846 3326 920 3347 mox
940 3316 1098 3348 omittunt

98 3377 185 3400 21:⁶55).
199 3369 203 3407 Ι

1147 855 1171 883 Α
1194 867 1256 890 nec
1267 866 1407 905 peram,
1428 865 1539 902 neque
1557 865 1623 899 aes,
1640 863 1754 900 neque
1773 849 1943 886 baculum
1958 849 2064 898 ferri,
2086 849 2183 886 locu-

1193 914 1245 951 los
1264 913 1397 951 ferebat
1416 913 1462 950 ad
1480 926 1678 965 pauperum
1708 910 1973 948 ministerium?
1994 911 2044 948 Ut
2067 909 2183 948 discas

1193 975 1251 1013 vel
1276 989 1358 1013 eum
1382 974 1443 1025 qui
1464 973 1556 1011 nihil
1579 973 1707 1010 babeat
1727 981 1760 1009 et
1777 986 1916 1009 crucem
1937 980 2065 1024 portet,
2093 971 2185 1009 hane

1193 1037 1349 1076 maxime
1362 1051 1436 1075 rem
1457 1050 1580 1074 curare
1594 1043 1767 1087 oportere.
1784 1034 1902 1072 Multa
1914 1034 2009 1071 enim
2024 1034 2186 1084 faciebat,

1192 1108 1231 1136 ut
1251 1113 1314 1136 nos
1335 1098 1544 1136 institueret.
1565 1097 1642 1134 Hoc
1663 1096 1773 1148 igitur
1791 1097 1912 1135 Jesum
1931 1094 2066 1133 dixisse
2084 1105 2186 1147 puta-

1192 1169 1276 1197 runt
1303 1159 1485 1212 discipuli,
1507 1168 1546 1196 ut
1575 1157 1761 1210 quidpiam
1786 1157 2003 1209 pauperibus
2029 1157 2183 1194 daretur.

1192 1221 1316 1272 Neque
1338 1221 1406 1258 hoc
1435 1220 1654 1273 proditorem
1680 1219 1802 1267 flexit,
1823 1217 1922 1269 quod
1949 1217 1994 1255 ad
2020 1218 2185 1255 ultimam

1192 1296 1303 1333 usque
1335 1281 1430 1319 diem
1455 1281 1561 1319 illum
1586 1280 1772 1318 traducere
1787 1289 1820 1317 et
1838 1289 1962 1317 notum
1989 1279 2102 1317 facere
2121 1293 2183 1316 no-

1190 1343 1308 1380 luerit.
1324 1343 1401 1380 Hoc
1421 1351 1453 1379 et
1475 1342 1578 1379 nobis
1593 1355 1733 1392 quoque
1749 1339 1951 1378 faciendum
1967 1349 2017 1378 est
2034 1355 2041 1376 :
2059 1349 2181 1378 contu-

1188 1403 1388 1440 bernalium
1418 1411 1560 1454 peccata
1592 1416 1659 1439 non
1692 1400 1881 1440 revelanda
1911 1410 2014 1449 sunt,
2044 1400 2181 1439 etiamsi

1190 1463 1401 1501 incurabilia
1421 1463 1501 1501 sint.
1522 1462 1663 1500 Etenim
1680 1472 1799 1515 postea
1815 1462 1881 1514 ipsi
1901 1462 1947 1499 ad
1959 1462 2182 1514 prodendum

1143 1540 1164 1568 η
1189 1525 1366 1563 accedenti
1388 1524 1549 1562 osculum
1575 1523 1695 1572 dedit,
1710 1538 1750 1561 ac
1764 1537 1838 1560 rem
1853 1523 2006 1575 suscepit
2032 1533 2183 1572 tantam,

1191 1601 1272 1624 cum
1292 1586 1336 1624 ad
1361 1586 1466 1638 longe
1497 1585 1815 1623 formidabiliorem
1842 1595 2022 1637 pergeret,
2040 1585 2084 1622 ad
2105 1600 2185 1622 cru-

1191 1658 1266 1687 cem
1298 1663 1446 1701 nempe,
1479 1657 1512 1686 et
1536 1657 1686 1685 mortem
1716 1646 2092 1699 ignominiosissimam
2116 1663 2124 1683 :
2145 1661 2186 1684 ac

1188 1725 1331 1748 rursum
1359 1710 1434 1748 illic
1462 1709 1716 1761 benignitatem
1745 1722 1847 1746 suam
1877 1707 2097 1745 ostendebat.
2118 1708 2186 1745 Hic

1187 1787 1272 1810 vero
1303 1787 1378 1810 rem
1398 1772 1496 1810 illam
1526 1771 1676 1823 gloriam
1704 1780 1820 1820 vocat,
1841 1770 1971 1808 docens
1991 1770 2081 1807 nihil
2098 1770 2186 1808 adeo

1186 1843 1302 1886 turpe,
1313 1833 1400 1871 adeo
1416 1833 1692 1885 ignominiosum
1707 1847 1792 1882 esse,
1803 1832 1898 1883 quod
1914 1846 1983 1870 non
2001 1832 2186 1870 clariorem

1188 1895 1332 1943 reddat,
1351 1895 1494 1946 quando
1523 1894 1721 1933 secundum
1749 1896 1867 1932 Deum
1892 1894 2058 1933 efficitur.
2084 1895 2186 1933 Post-

1189 1971 1295 2007 quam
1323 1957 1433 2007 igitur
1453 1957 1588 1994 exierat
1607 1955 1719 1995 Judas
1735 1955 1781 1993 ad
1799 1954 2023 2007 prodendum
2038 1986 2048 2004 ,
2068 1955 2155 1993 dicit
2177 1971 2185 1992 ε

1189 2020 1251 2055 51.
1269 2020 1386 2056 qunc
1407 2019 1648 2071 clarificatus
1668 2027 1724 2055 est
1742 2020 1782 2055 F
1781 2019 1871 2055 ilius
1886 2019 2054 2055 hominis
2073 2034 2084 2053 :
2102 2018 2186 2055 hinc

1188 2079 1306 2132 lapsos
1329 2079 1590 2132 discipulorum
1615 2079 1753 2116 animos
1779 2079 1931 2129 erigens,
1960 2078 2183 2129 suadensque

1191 2151 1230 2178 ut
1245 2156 1314 2179 non
1330 2141 1435 2179 modo
1462 2155 1532 2178 non
1562 2140 1762 2189 tristentur,
1782 2139 1842 2177 sed
1867 2139 1973 2177 etiam
1993 2139 2183 2191 gaudeant.

1189 2203 1274 2241 Ideo
1305 2204 1449 2241 Petrum
1480 2217 1499 2240 a
1536 2202 1712 2255 principio
1741 2201 1948 2253 increpavit.
1976 2203 2067 2239 Nam
2090 2201 2186 2252 quod

1141 2262 1165 2293 C
1190 2274 1303 2302 morte
1322 2265 1400 2316 quis
1424 2273 1575 2301 mortem
1596 2264 1734 2312 vincat,
1760 2263 1873 2315 gloria
1900 2273 1951 2300 est
1977 2276 2118 2314 magna.
2136 2263 2183 2300 Et

1191 2326 1257 2363 hoc
1272 2335 1322 2363 est
1338 2325 1438 2377 quod
1457 2325 1517 2362 ille
1532 2325 1576 2363 de
1590 2325 1704 2377 seipso
1726 2325 1814 2362 dicit
1837 2341 1844 2361 :
1868 2326 1965 2362 Cum
1985 2325 2182 2362 exaltatus

1187 2389 1313 2437 fuero,
1338 2396 1429 2424 tunc
1457 2389 1692 2438 cognoscetis
1724 2389 1816 2438 quia
1839 2400 1906 2437 ego
1925 2399 2026 2430 szcm;
2050 2394 2083 2422 et
2104 2400 2182 2423 rur-

1189 2462 1283 2497 sum,
1305 2449 1449 2487 Solvite
1474 2448 1657 2499 templum
1677 2449 1766 2492 hoc;
1786 2447 1996 2498 iterumque,
2022 2448 2180 2500 Signum

1191 2523 1268 2546 non
1284 2510 1453 2556 dabitur,
1477 2511 1553 2546 nisi
1571 2512 1724 2561 signum
1740 2510 1866 2547 Jonoe.
1882 2508 2071 2555 Quomodo
2087 2509 2179 2546 enim

1188 2585 1258 2608 non
1280 2571 1392 2622 gloria
1412 2570 1457 2609 sit
1474 2570 1649 2619 maxima,
1663 2579 1745 2622 post
1764 2579 1914 2608 mortem
1933 2571 2068 2622 majora
2080 2585 2183 2623 posse

1189 2646 1296 2682 quam
1312 2641 1392 2669 ante
1411 2632 1588 2669 mortem?
1606 2633 1656 2669 Ut
1672 2631 1767 2669 enim
1792 2632 2002 2670 resurrectio
2023 2632 2182 2670 credere-

1188 2701 1261 2743 tur,
1277 2693 1412 2744 majora
1436 2693 1548 2730 fecere
1562 2692 1745 2745 discipuli.
1763 2693 1800 2731 Si
1822 2693 1917 2731 enim
1930 2707 2000 2731 non
2013 2693 2178 2744 vixisset,

1188 2763 1222 2791 et
1249 2755 1344 2791 Deus
1367 2767 1436 2791 non
1456 2753 1596 2803 fuisset,
1621 2753 1799 2804 quomodo
1817 2754 1857 2791 hi
1877 2754 1914 2792 in
1937 2755 2080 2793 nomine
2103 2756 2178 2807 ejus

1188 2823 1284 2852 tanta
1304 2814 1488 2852 fecissent?
1512 2815 1574 2852 52.
1604 2816 1659 2852 Et
1682 2816 1790 2853 Deus
1809 2816 2046 2869 clarificabit
2075 2831 2174 2854 eum.

1189 2874 1289 2924 Quid
1303 2884 1368 2925 est,
1390 2877 1497 2914 Deus
1517 2876 1753 2929 clarificabit
1771 2880 1914 2914 eumin
1933 2881 2082 2930 seipso?
2103 2878 2181 2916 Hoc

1139 2942 1163 2972 D
1186 2945 1252 2988 est,
1270 2951 1334 2989 per
1352 2936 1522 2990 seipsum,
1541 2951 1610 2976 non
1631 2951 1695 2990 per
1715 2938 1836 2976 alium.
1855 2940 1908 2977 Et
1925 2942 2059 2977 statim
2090 2940 2179 2978 cla-

1213 3118 1227 3141 g
1241 3113 1337 3143 καίτοι
1352 3123 1383 3151 γε
1397 3111 1497 3147 οὐδείς.
1513 3109 1592 3141 Haec
1609 3107 1811 3142 subobscura
1829 3115 1925 3150 sunt,
1946 3118 2051 3150 neque
2072 3107 2115 3139 ita
2131 3107 2178 3138 fa-

1169 3158 1231 3191 cile
1247 3158 1490 3203 intelliguntur.

1213 3221 1226 3236 ³
1241 3210 1302 3243 Alii
1327 3215 1580 3258 χαλεπώτερον...
1606 3218 1654 3247 τὸν
1678 3216 1708 3246 δὲ
1724 3218 1849 3253 σταυρὸν
1867 3215 1967 3245 αὑτοῦ.
1991 3209 2107 3242 Morel.
2130 3216 2179 3244 τὸν

1170 3270 1295 3308 σταυρὸν
1312 3267 1412 3298 αὑτὸν.

1212 3317 1228 3341 b
1247 3317 1346 3348 Putat
1363 3316 1464 3348 savit.
1486 3315 1659 3360 legendum
1674 3321 1719 3351 ἐπὶ
1737 3325 1789 3359 τῷ.

1213 3369 1227 3382 ¹
1246 3368 1315 3410 [Ita
1331 3367 1441 3401 Codd.
1461 3370 1577 3402 nostri.
1599 3376 1713 3412 Πέτρον
1726 3367 1826 3400 Saxil.
1846 3374 1959 3411 Πέτρος
1976 3366 2111 3409 Μουιί]

2196 845 2255 866 stus
2276 839 2385 866 loculos

2198 881 2343 907 hahuerit.

2267 1356 2386 1386 Peccata

2259 1397 2386 1427 aliorum

2198 1448 2255 1467 non
2302 1449 2386 1468 reve-

2196 1481 2293 1510 tanda.

2195 2339 2274 2367 Joan
2292 2339 2385 2370 8.28.

2202 2389 2247 2408 12.
2270 2379 2321 2409 33.

2196 2457 2286 2485 Joan.
2298 2466 2327 2484 2.
2338 2465 2385 2493 19.

2197 2499 2289 2526 Lucu!
2303 2506 2383 2536 129.
