2481 3678
740 183 783 211 ΙΝ
821 181 1030 211 ,ΙΟΑΝΝΕΜ
1066 180 1216 211 HOMIL.
1257 182 1321 212 111.

79 266 282 316 σκεύαστος,
304 267 355 306 ἔτι
375 273 445 310 τοῖς
465 265 567 303 ιἰδασι
587 262 808 324 κρυπτομένη
837 278 897 301 και
913 261 1101 337 φυρομένη.

77 328 179 366 Και
165 345 221 366 επι
236 333 294 367 τοῦ
309 328 465 367 Ἑλκανᾶ
490 328 550 364 οὐκ
567 328 673 371 εἶπεν,
687 323 740 362 ὅτι
761 339 802 369 ην
824 324 1020 374 ἄνθρωπος,
1040 322 1100 373 μό-

77 405 146 436 νον,
176 390 266 428 ἀλλὰ
287 388 480 442 προσέθηκε
508 403 567 424 και
597 385 718 424 Ιπόθεν
746 388 787 430 ἠν
821 385 947 458 δηλῶν,
975 384 1014 422 τὸ
1041 383 1101 428 E}

77 450 276 501 Ἀρμαθαὶμ
310 450 415 500 Σιφᾶ.
434 447 518 486 Ἐπὶ
539 445 574 485 δὲ
605 449 663 484 τοῦ
683 445 797 496 Λόγου
827 447 891 497 οὐχ
911 444 1012 483 οὕτω.
1033 444 1104 482 Και

77 511 287 562 αἰσχύνομαι
320 509 381 560 μὲν
411 512 522 547 ταῦτα
551 507 683 550 τούτοις
703 505 944 550 ἀντεξετάζων.
971 507 1045 544 Εἰ
1035 504 1103 557 γὰρ

75 577 146 613 τοῖς
173 573 227 609 ἐπ’
256 568 447 623 ἀνθρώπων
476 569 558 607 αὐτὸ
588 571 742 606 ποιοῦσιν
769 568 999 617 ἐπιτιυιωμεν,
1021 565 1102 604 ὅταν

75 629 162 669 πολυ
183 630 222 668 τὸ
239 630 342 681 μέσον
365 633 428 676 τῆς
448 632 574 682 ἀρετῆς
600 644 669 666 των
689 626 971 677 ἐξεταζομένων
954 643 976 678 ῃ
993 657 1002 675 ,
1023 626 1104 664 καί-

74 708 127 730 τοι
141 708 181 744 γε
199 708 262 738 της
276 691 393 734 οὐσίας
410 697 491 742 μιᾶς
506 691 626 737 οὔσης·
641 689 721 727 ὅταν
739 688 798 726 καὶ
813 704 876 735 της
895 704 1029 740 φυσεως
1044 689 1104 727 καὶ

72 754 140 790 τῶν
160 754 275 791 ἄλλων
295 752 458 790 ἁπάντων
484 750 592 794 οὕτως
611 750 754 802 ἄπειρον
782 753 803 800 ἠ
829 749 868 787 τὸ
889 749 1005 800 μέσον,
1029 752 1104 793 πῶς

73 814 135 851 οὐκ
149 813 323 865 ἐσχάτης
319 811 443 855 μανίας
461 812 501 850 τὸ
517 810 562 849 τὰ
579 814 723 848 τοιαῦτα
741 816 872 857 κινεῖν;
895 810 984 848 Ἀλλ’
1002 809 1104 854 ι’λεως

73 878 157 924 ἡμῖν
182 873 284 917 αὐτὸς
307 876 324 911 6
347 871 661 924 βλασφημούμενος
677 873 762 923 παρ’
783 871 920 909 ἐκείνων
941 870 1005 918 εἴη.
1026 873 1059 909 Τ
1061 870 1103 917 ὴν

72 934 140 987 γὰρ
153 937 222 973 τῶν
236 933 400 972 τοιούτων
416 933 527 985 λόγων
544 932 697 983 ἀνάγκην
713 935 777 985 οὐχ
791 936 893 983 ἡμεῖς
913 931 1104 985 ἐφευρήκα-

75 1013 149 1047 μεν,
179 998 255 1034 ἀλλ’
285 999 315 1034 οἱ
342 999 384 1046 τῇ
420 997 552 1033 ἑαυτῶν
571 996 803 1044 πολεμοῦντες
836 993 991 1047 σωτηρίᾳ
1019 997 1104 1045 ἡμῖν

72 1057 261 1111 παρέσχον.
281 1057 329 1096 Τί
349 1051 405 1096 οῦν
428 1073 520 1133 φημι
535 1073 545 1104 3
563 1054 650 1094 tlOrt
674 1060 773 1094 τοῦτο
789 1056 848 1105 τὸ,
865 1049 950 1104 ΤΗν,
968 1056 1025 1094 ἐπὶ
1045 1059 1105 1094 τοῦ

1042 1118 1084 1156 Γ
1086 1135 1102 1156 ν

74 1183 166 1232 ἀρχῇ
182 1180 249 1232 γὰρ
269 1184 310 1226 ἠν
315 1211 323 1228 ,
342 1196 458 1232 φησιν,
481 1183 498 1218 6
516 1180 648 1231 Λόκος·
674 1179 713 1217 τὸ
737 1179 893 1231 δεύτερον
917 1178 952 1217 δὲ
969 1183 1024 1227 ἠν,
1044 1184 1104 1217 τοῦ

74 1119 204 1171 Λόγου,
225 1124 284 1158 τοῦ
312 1123 399 1157 εἶναι
420 1121 487 1157 ἀϊδτ
483 1119 540 1162 Ῑως
564 1133 666 1156 υ.ονον
701 1118 773 1156 ἐστὶ
803 1117 1013 1165 δηλωτικόν·

74 1241 159 1293 πρός
177 1257 255 1279 τινα
277 1245 375 1279 εἰναι.
392 1240 539 1287 Επειδὴ
555 1256 622 1292 (αρ
639 1240 793 1290 μάλιστα
813 1244 873 1277 τοῦ
894 1242 984 1278 Θεοῦ
1005 1239 1104 1278 τοῦτο’

75 1304 167 1340 ἐστιν
187 1302 219 1339 ιτ
205 1318 286 1348 ιον,
307 1303 347 1340 τὸ
374 1300 482 1340 ἀίδιον
502 1317 562 1339 και
579 1300 743 1352 ἅναργον,
770 1303 872 1339 τοῦτο
890 1303 1026 1352 πρῶτον
1045 1299 1102 1338 τέ-

78 1366 201 1401 θεικεν.
218 1357 328 1411 Εἶτα,
345 1362 401 1401 ἵνα
419 1363 466 1414 μή
482 1379 534 1406 τις
549 1361 682 1400 ἀκούων
695 1362 747 1409 τὸ,
771 1364 835 1399 Ην
857 1365 890 1400 ἐν
907 1364 998 1415 ἀργῃ
1012 1392 1022 1409 ,
1043 1362 1103 1399 καὶ

77 1423 260 1475 ἀγέννητον
276 1425 376 1462 αὐτὸν
396 1424 490 1476 εἴπῃ,
503 1424 625 1467 εὐθέως
641 1424 723 1462 αὐτὸ
736 1423 1021 1474 παρεμυθησατο,
1036 1423 1104 1474 πρὸ

74 1488 135 1522 τοῦ
155 1487 262 1523 εἰπεῖν
278 1484 313 1522 τί
332 1489 387 1532 ἠν,
405 1484 510 1523 εἷπων
531 1484 570 1523 ὁ’τ
575 1485 695 1538 ιΠρὸς
708 1484 765 1523 τὸν
782 1484 904 1522 Θεὸν
887 1501 941 1531 ην.
962 1483 1065 1522 Kou‘'
1051 1499 1104 1521 ινα

75 1544 124 1594 μὴ
146 1544 282 1596 Λόγον
291 1546 390 1584 αὐτὸν
408 1547 527 1588 ἁπλῶς
541 1545 666 1596 νομίσῃ
681 1561 733 1588 τις
754 1548 841 1582 εἶναι
857 1545 1064 1598 προφορικὸν
1079 1542 1101 1590 ἢ

75 1606 311 1653 ἐνοιάθετον,
294 1622 336 1658 τῃ
348 1611 406 1645 τοῦ
422 1606 548 1659 ἄρθρου
558 1606 754 1659 προσθηκῃ,
767 1605 926 1658 καθάπερ
940 1605 1043 1657 ἔφθην
1060 1607 1103 1643 εἶ-

75 1666 164 1715 πὼν,
180 1667 240 1705 καὶ
255 1667 383 1714 διὰτῆς
402 1668 561 1719 δευτέρας
569 1667 697 1714 ταύτης
712 1671 812 1706 τοῦτο
828 1668 940 1705 ἀνεῖλε
958 1667 1100 1721 ῥήσεως.

73 1730 125 1766 Οὔ
141 1728 209 1781 γὰρ
225 1723 331 1777 εἶπεν,
348 1732 381 1768 ἐν
395 1731 477 1781 Θεῷ
493 1724 547 1777 ἦν,
565 1729 667 1777 ἀλλὰ,
682 1729 777 1782 Πρὸς
791 1730 848 1768 τὸν
865 1729 955 1767 Θεὸν
967 1723 1022 1776 ἦν,
1036 1728 1100 1775 τὴν

73 1793 149 1828 καθ’
170 1790 360 1829 ὑπόστασιν
381 1793 483 1829 αὐτοῦ
500 1790 680 1837 ἀϊόιότητα
697 1790 874 1843 ἐμφαίνων
893 1794 990 1841 ἡμῖν.
1011 1785 1102 1829 Εἶτα

72 1850 130 1888 καὶ
153 1851 360 1904 σαφέστερον
380 1852 463 1890 αὐτὸ
481 1850 611 1903 προϊὼν
642 1852 877 1903 ἀπεκάλυψεν,
899 1852 1098 1904 ἐπαγαγὼν,

72 1911 125 1950 ὅτι
149 1914 166 1948 6
195 1911 305 1964 Λόγος
331 1906 427 1956 οὗτος
448 1913 508 1951 καὶ
532 1913 620 1957 Θεὸς
647 1907 701 1959 ἦν.
725 1911 830 1951 Ἀλλὰ
847 1913 1098 1964 πεποιημένος,

71 1971 167 2023 φησί.
181 1972 229 2010 Τί
248 1967 305 2011 οῦν
329 1972 458 2012 ἓκωλυε
475 1978 574 2012 τοῦτο
593 1976 714 2021 εἰπεῖν,
730 1972 783 2012 ότι
809 1990 843 2012 εν
863 1975 956 2027 ἄρχῃ
978 1974 1099 2022 ἐποίη-

71 2049 127 2072 σεν
144 2037 161 2072 6
176 2034 265 2079 Θεὸς
278 2034 335 2073 τὸν
356 2034 488 2099 Λόγον
480 2065 490 2082 ,
506 2035 596 2089 Περὶ
610 2039 690 2087 γοῦν
704 2038 768 2082 τῆς
780 2052 844 2087 γης
858 2036 1100 2088 διαλεγόμενος

71 2097 89 2132 6
112 2097 285 2144 Mum-7¹3,
312 2098 374 2134 ουκ
399 2101 505 2144 εἶπεν,
536 2099 570 2135 ἐν
598 2099 691 2150 ἀρχῇ
720 2100 762 2143 ἠν
789 2100 811 2144 ἡ
838 2113 901 2146 γη,
938 2098 1014 2136 ἀλλ’
1045 2097 1098 2136 ὅτι

71 2155 258 2204 Εποίησεν
276 2157 394 2206 αὐτὴν,
411 2157 472 2196 καὶ
485 2156 563 2196 τότε
575 2162 630 2205 ἠν.
639 2157 686 2196 Τί
696 2157 808 2196 τοίνυν
822 2157 952 2197 ἐκώλυε
964 2159 1024 2198 καὶ
1039 2160 1097 2199 τὸν

70 2216 235 2265 Ἰωάννην
256 2217 364 2262 οὕτως
389 2221 509 2266 εἰπεῖν,
533 2218 585 2256 ὅτι
614 2220 648 2257 ἓν
671 2221 763 2272 ἀρχῇ
788 2218 948 2267 ἐποίησεν
969 2224 986 2259 6
1009 2221 1098 2264 Θεὸς

70 2278 127 2318 τὸν
146 2278 279 2331 Λόγον,
296 2282 341 2318 Εἰ
356 2279 424 2333 γὰρ
443 2279 599 2333 περὶτῆς
616 2283 680 2332 γῆς
694 2285 793 2319 τοῦτο
815 2279 942 2319 ἔδεισεν
959 2285 976 2320 6
990 2284 1098 2321 Μωϋ-

70 2342 152 2387 σῆς,
171 2340 219 2391 μή
239 2357 290 2385 τις
305 2341 410 2388 αὐτὴν
429 2341 592 2392 ἀγένητον
609 2341 710 2394 εἴπῃ·
729 2342 849 2393 πολλῷ
871 2343 1002 2392 μᾶλλον
1017 2343 1098 2396 περὶ

68 2404 128 2438 τοῦ
150 2401 235 2439 Υἱοῦ
254 2401 641 2455 φοὸηθῆναιῖἐχρῆνίτὸν
662 2402 841 2451 Ἰωάννην,
862 2403 893 2441 εἴ
904 2419 943 2455 γε
961 2405 1098 2449 κτιστὸς

70 2455 124 2508 ἦν.
147 2461 192 2500 ‘O
213 2462 273 2513 μὲν
294 2462 362 2515 γὰρ
394 2463 543 2514 κόσμος,
569 2463 692 2517 ὁρατὸς
717 2463 777 2511 ὢν,
805 2464 945 2503 αὐτόθεν
968 2465 1098 2517 κηρύτ-

69 2538 122 2560 τει
142 2524 199 2561 τὸν
226 2524 374 2570 ποιητήν
392 2527 461 2571 (Οἱ
490 2525 626 2576 οὐρανοὶ
654 2524 744 2576 γὰρ,
772 2525 873 2576 φησὶ,
900 2527 1097 2577 διηγοῦνται

72 2582 170 2626 δόξαν
197 2587 256 2621 τοῦ
281 2586 372 2622 Θεοῦ
388 2583 420 2633 )·
448 2587 466 2621 6
487 2583 523 2622 δὲ
554 2585 637 2627 Υἱὸς
663 2585 807 2635 ἀόρατός
836 2588 929 2633 ἐστι,
956 2586 1015 2624 καὶ
1034 2588 1096 2634 τὴν

70 2643 182 2682 κτίσιν
202 2644 333 2697 σφόδρα
348 2645 407 2683 καὶ
426 2644 577 2697 ἀπείρως
598 2645 613 2665 ‘¹
624 2646 943 2698 ὑπεραναὸέὲηκεν.
959 2648 1004 2685 Εἰ
1018 2648 1095 2686 τοί-

70 2720 128 2742 νυν
146 2704 227 2742 ἔνθα
257 2704 345 2755 μηδὲ
363 2705 466 2757 λόγου
496 2706 555 2743 καὶ
573 2705 801 2750 διδασκαλίας
819 2710 904 2756 ἡμῖν
922 2707 990 2745 ἔδει
1011 2709 1097 2761 πρὸς

69 2765 108 2803 τὸ
124 2770 258 2816 μαθεῖν,
284 2765 338 2804 ὅτι
364 2767 505 2818 γενητὸς
534 2769 552 2805 ὃ
577 2767 706 2818 κόσμος
728 2767 833 2815 ἐστὶν,
858 2768 952 2819 ὅμως
981 2772 1098 2821 σαφῶς

73 2830 153 2868 αὐτὸ
172 2830 231 2867 καὶ
253 2831 321 2883 πρὸ
343 2834 412 2869 τῶν
434 2831 547 2869 ἄλλων
569 2830 704 2878 τίθησιν
722 2833 740 2869 6
759 2830 957 2885 προφήτης’
980 2834 1099 2885 πολλῷ

71 2897 201 2944 μᾶλλον
220 2896 300 2948 περὶ
326 2901 385 2934 τοῦ
410 2898 495 2935 Υἱοῦ
518 2902 617 2936 τοῦτο
640 2897 698 2935 τὸν
719 2897 885 2944 Ἰωάννην
907 2900 1012 2951 ἐχρῆν
1045 2901 1098 2937 εἷ-

827 2966 902 3003 &ox
925 2967 943 3002 6
964 2965 1097 3018 Πέτρος

69 2968 158 3010 πεῖν,
181 2962 212 3000 εἴ
237 2979 276 3014 γε
303 2963 453 3007 κτισθεὶς
471 2958 526 3010 ἦν.

557 2964 647 3012 Ναὶ,
669 2964 770 3016 φησίν
788 2981 795 2987 ·

112 3068 120 3093 ἶ
143 3068 243 3101 Savil.
263 3075 350 3104 πόθεν
364 3074 410 3108 ἦν,
426 3075 458 3109 ἐξ
468 3069 621 3116 Ᾰρμκθὲμ
638 3079 723 3114 Σιρᾶ,

111 3132 125 3147 ²·
151 3121 260 3163 Aliqui
276 3125 365 3155 αὑτὸν
378 3125 495 3160 ἀληθῶς
508 3128 624 3166 νομίσῃ.
645 3120 779 3154 Ibidem
803 3127 982 3167 repopoptz'w
998 3126 1016 3159 ἡ
1033 3126 1079 3154 ἐν·

69 3177 214 3209 διάθετον.
236 3179 422 3219 Προρορεκὸν
447 3172 593 3206 Verbum
619 3173 705 3206 dixit
729 3173 934 3215 Theophilus
964 3174 1079 3206 Antio-

70 3225 210 3268 chenus,
228 3238 262 3268 p.
283 3228 343 3258 104
359 3238 367 3268 3
383 3230 546 3260 ἐνιῖιάθετου
565 3234 655 3269 Λόγον
671 3233 836 3258 memorat
853 3226 996 3257 Irenaeus
1010 3225 1030 3257 l.
1048 3228 1079 3266 2,

72 3290 101 3309 c.
127 3279 161 3310 12
178 3290 186 3319 ς
210 3286 242 3309 et
258 3277 398 3309 subinde
422 3277 471 3309 hae
492 3289 590 3310 voces
607 3277 650 3310 ab
667 3277 830 3311 haereticis
849 3279 993 3310 maxime
1018 3278 1083 3310 fre-

73 3337 250 3371 quentant,
265 3328 407 3371 ideoque
424 3331 618 3371 proscripta:
636 3337 724 3361 sunt.
740 3331 846 3361 Erant
863 3330 918 3372 qui
934 3329 1084 3362 dicerent

76 3383 207 3413 Patrem
226 3389 302 3413 ante
326 3381 441 3413 mundi
467 3383 668 3413 creationem
692 3379 844 3413 habuisse
867 3381 1010 3414 Verbum
1039 3388 1083 3415 έν-

1360 167 1419 213 ai.
1454 184 1500 213 u.
2101 178 2157 222 23

1172 261 1326 312 addidit,
1344 277 1493 316 nempe,
1509 264 1722 304 Invisibilis
1739 275 1820 305 erat
1836 276 1872 305 et
1892 270 2157 321 incomposita,

1172 323 1290 362 adhuc
1308 324 1411 375 aquis
1429 334 1550 377 operta
1568 334 1602 364 et
1621 325 1795 364 admixta.
1816 327 1863 365 Et
1878 327 1923 365 de
1938 328 2072 367 Elcana
2092 346 2159 370 non

1122 414 1153 438 20
1172 384 1266 423 dixit
1280 385 1397 423 solum
1414 386 1511 437 quod
1530 396 1618 425 esset
1635 387 1755 435 homo,
1778 387 1838 426 sed
1852 388 1981 441 adjecit
1999 391 2092 428 unde
2111 407 2160 430 es-

1127 452 1150 480 Α
1172 455 1237 497 set,
1261 447 1322 484 De
1338 447 1590 485 Armnlhaim
1607 448 1738 500 Sipha.
1757 451 1810 487 De
1823 451 1944 489 Verbo
1958 460 2075 489 autem
2092 467 2160 491 non

1172 508 1233 546 sic.
1253 508 1301 546 Et
1316 522 1372 546 me
1389 508 1499 561 pudet
1518 510 1673 561 profecto
1695 510 1768 548 haec
1790 511 1897 549 simul
1923 512 2101 565 indagare.
2123 515 2161 553 Si

1172 569 1267 606 enim
1296 569 1593 622 reprehendimus
1620 585 1677 609 eos
1705 573 1767 623 qui
1792 573 1884 611 circa
1906 573 2068 613 homines
2094 575 2162 614 hoc

1173 639 1302 681 agunt,
1327 630 1471 682 quando
1498 631 1652 670 multum
1673 643 1724 671 est
1745 634 1834 672 inter
1855 649 1912 673 eos
1934 636 1995 687 qui
2014 651 2162 689 compa-

1174 701 1301 729 rantur
1317 691 1462 730 virtutis
1482 691 1688 742 discrimen,
1706 694 1787 733 licet
1801 695 1856 733 illi
1875 710 1920 734 ex
1936 711 2006 734 una
2025 697 2163 735 eadem-

1173 768 1242 804 que
1261 754 1458 792 substantia
1486 755 1556 792 sint
1583 771 1591 791 :
1614 756 1757 806 quando
1778 767 1812 795 et
1833 758 1923 795 circa
1945 768 2109 797 naturam
2129 769 2163 797 et

1173 816 1266 854 circa
1282 816 1352 854 alia
1368 816 1551 854 infinitum
1572 826 1623 855 est
1642 817 1884 868 interstitium,
1901 820 2079 870 quomodo
2092 835 2162 859 non

1171 888 1337 917 extremae
1353 878 1538 916 dementiae
1559 879 1666 917 fuerit
1686 880 1752 917 has
1770 881 1979 931 quaestiones
1994 883 2162 920 movere?

1172 938 1243 978 Sed
1262 939 1365 977 nobis
1386 939 1446 977 ille
1461 940 1637 992 propitius
1656 940 1712 990 sit,
1730 956 1835 992 quem
1849 942 1917 994 ipsi
1933 943 2163 995 blasphemiis

1170 1002 1360 1053 impetunt.
1385 1001 1601 1053 Hujusmodi
1625 1016 1775 1054 namque
1796 1004 1975 1042 dictorum
1989 1005 2163 1043 adhihen-

1171 1063 1300 1101 dorum
1331 1064 1572 1102 necessitatem
1600 1079 1669 1102 non
1689 1080 1753 1104 nos
1774 1066 2001 1115 induximus,
2028 1067 2090 1105 sed
2108 1068 2163 1106 illi

1172 1124 1274 1162 nobis
1303 1124 1479 1174 obtulere,
1517 1126 1579 1176 qui
1615 1127 1766 1165 salutem
1800 1129 2012 1180 impugnant
2049 1143 2161 1167 suam.

1128 1192 1149 1220 B
1171 1185 1269 1231 Quid
1290 1199 1374 1236 ergo
1400 1185 1508 1224 dico?
1526 1187 1643 1236 Illud,
1665 1190 1780 1237 Erat,
1799 1189 1843 1228 de
1863 1191 1984 1230 Verbo
2011 1190 2161 1239 dictum,

1171 1246 1373 1297 significate
1388 1246 1507 1298 ipsum
1521 1257 1690 1286 aeteinum
1706 1264 1803 1288 esse:
1823 1265 1904 1288 nam
1919 1252 1982 1297 ait,
1998 1255 2047 1289 In
2057 1255 2161 1302 prin-

2210 1266 2365 1293 AEternitas

1171 1310 1268 1359 cipio
1296 1316 1379 1346 erat
1408 1309 1591 1355 Verbum5
1622 1324 1837 1379 consequens
1863 1322 1982 1350 autem
2008 1323 2094 1361 eiat,
2122 1323 2161 1352 ut
2176 1306 2364 1345 1⁷¹¹¹¹1ff⁰¹¹a

1171 1367 1266 1420 apud
1282 1369 1439 1436 aliquem
1458 1379 1559 1408 esset.
1580 1371 1671 1409 Cum
1696 1372 1790 1410 enim
1816 1374 1971 1411 maxime
1988 1374 2078 1412 illud
2095 1376 2163 1413 Dei

1171 1429 1216 1466 sit
1232 1430 1436 1481 proplium,
1454 1439 1492 1468 ut
1509 1431 1554 1468 sit
1571 1441 1655 1469 aetel
1659 1447 1725 1470 nus
1742 1443 1775 1471 et
1791 1434 1866 1471 sine
1880 1435 2076 1486 principiO,
2095 1436 2163 1475 hoc

1169 1491 1288 1542 primo
1306 1491 1438 1542 posuit.
1467 1491 1624 1541 Deinde,
1646 1507 1689 1530 ne
1707 1494 1786 1544 quis
1806 1494 1952 1532 audiens
1984 1496 2090 1545 illud,
2115 1501 2162 1535 ln

1167 1554 1358 1603 principio
1385 1561 1482 1601 erat,
1505 1552 1611 1590 etiam
1641 1553 1840 1604 ingenitum
1865 1555 2015 1605 diceret,
2043 1559 2162 1597 statim

1170 1612 1239 1664 ipsi
1252 1613 1419 1661 occurrit,
1434 1622 1622 1665 antequam
1636 1614 1767 1653 diceret
1782 1616 1870 1667 quid
1889 1627 1977 1667 erat,
1993 1618 2158 1669 dicendo,

1170 1675 1272 1712 Erat
1297 1677 1402 1726 apud
1430 1676 1568 1714 Deum.
1599 1676 1647 1715 Et
1678 1691 1720 1715 ne
1744 1679 1825 1730 quis
1851 1679 1970 1732 ipsum
1998 1682 2162 1721 Verbum

1171 1737 1394 1789 prolatitium
1412 1748 1472 1777 aut
1489 1739 1666 1778 internum
1682 1755 1757 1778 esse
1773 1751 1933 1793 putaret,
1953 1758 2016 1795 per
2031 1745 2162 1782 articu-

1167 1798 1244 1836 lum
1273 1800 1519 1852 praemissum,
1547 1810 1581 1839 et
1605 1816 1669 1854 per
1694 1802 1885 1841 secundam
1916 1803 2159 1854 additionem,

1169 1859 1260 1900 hanc
1274 1872 1414 1900 amovet
1430 1862 1676 1915 suspicionem.
1694 1865 1774 1902 Non
1789 1864 1883 1902 enim
1898 1864 2012 1916 dixit,
2028 1868 2069 1904 In
2085 1869 2160 1906 Deo

1123 1929 1146 1960 C
1169 1931 1264 1971 erat,
1291 1923 1375 1970 sed,
1403 1923 1528 1976 Apud
1558 1925 1699 1972 Deum,
1730 1926 1805 1977 ejus
1830 1926 1932 1964 nobis
1964 1929 2159 1968 secundum

1169 1984 1377 2036 hypostasin
1409 1986 1642 2024 aetemitatem
1673 1986 1868 2026 declarans.
1898 1989 2035 2027 Deinde
2069 1990 2160 2029 illud

1169 2046 1299 2084 clarius
1317 2047 1533 2098 significavit
1548 2047 1733 2100 adjicienS,
1755 2050 1918 2088 Verbum
1938 2050 2034 2089 istud
2051 2052 2159 2091 fuisse

1170 2109 1296 2146 Deum.
1330 2108 1416 2160 Sed,
1450 2109 1602 2160 inquies,
1629 2111 1775 2148 factum.
1807 2111 1906 2158 Quid
1933 2126 2016 2164 ergo
2045 2113 2160 2152 obfuit

1167 2170 1253 2221 quin
1280 2170 1431 2220 diceret,
1450 2172 1492 2209 In
1521 2172 1700 2225 principio
1730 2173 1814 2211 fecit
1846 2175 1943 2212 Deus
1969 2175 2157 2214 Verbum?

1168 2233 1259 2270 Nam
1279 2247 1362 2270 cum
1382 2232 1426 2270 de
1444 2242 1536 2270 terra
1555 2233 1757 2284 loqueretur
1775 2236 1942 2288 Moyses,
1961 2250 2031 2274 non
2050 2236 2157 2284 dixit,

2177 1355 2236 1376 tur.

1167 2295 1208 2332 In
1231 2295 1406 2347 principio
1434 2304 1507 2333 erat
1539 2304 1645 2346 terra,
1669 2296 1744 2346 sed,
1768 2300 1880 2335 Fecit
1907 2312 2003 2347 eam,
2023 2308 2056 2336 et
2075 2308 2158 2336 tunc
2176 2313 2250 2341 Gen.
2272 2322 2297 2342 ι,
2315 2322 2340 2342 1,

1166 2355 1245 2393 fuit.
1266 2355 1364 2402 Quid
1385 2356 1496 2407 igitur
1521 2356 1708 2408 prohibuit
1729 2358 1918 2407 quominus
1937 2360 2088 2397 Joannes
2109 2359 2158 2397 ita

1167 2416 1318 2466 diceret,
1338 2418 1377 2454 In
1392 2417 1569 2469 principio
1587 2417 1669 2455 fecit
1688 2419 1784 2455 Deus
1800 2419 1992 2457 Verbum?
2009 2420 2048 2458 Si
2062 2420 2157 2459 enim

1168 2478 1216 2515 ita
1228 2477 1323 2515 dixit
1340 2479 1483 2530 Moyses
1498 2478 1625 2515 timens
1639 2492 1682 2516 ne
1697 2478 1775 2528 quis
1793 2487 1925 2518 terram
1940 2494 2009 2519 non
2028 2482 2157 2520 factam

1122 2538 1146 2568 D
1167 2538 1317 2587 diceret3
1336 2539 1449 2576 multo
1474 2539 1588 2590 magis
1606 2538 1651 2576 de
1669 2539 1761 2577 Filio
1788 2550 1943 2579 metuere
1973 2544 2157 2594 oportebat

1168 2600 1358 2649 Joannem,
1377 2600 1404 2637 si
1424 2609 1560 2637 creatus
1573 2600 1706 2639 fuisset.
1724 2602 1884 2641 Mundus
1899 2604 1994 2642 enim
2013 2619 2094 2643 cum
2111 2607 2156 2644 sit

1170 2660 1341 2709 visibilis,
1363 2660 1430 2699 hoc
1463 2660 1541 2713 ipso
1579 2662 1807 2702 Conditorem
1846 2665 2015 2717 praedicat
2050 2670 2155 2715 (nam

1171 2722 1282 2771 Coeli,
1318 2722 1447 2773 inquit,
1479 2733 1663 2762 enarrant
1693 2727 1859 2773 gloriam
1893 2729 1988 2775 Dei)
2010 2745 2020 2764 .·
2044 2729 2156 2768 Filius
2170 2737 2356 2768 Psnl.18.1.

1169 2791 1286 2820 autem
1308 2782 1501 2821 invisibilis
1520 2792 1594 2833 est,
1614 2793 1648 2823 et
1664 2795 1861 2825 creaturam
1880 2788 2020 2827 infinito
2039 2790 2156 2829 medio

1169 2842 1318 2882 excedit.
1334 2844 1372 2882 Si
1391 2844 1507 2895 itaque
1530 2845 1593 2883 ubi
1612 2859 1723 2897 neque
1741 2848 1848 2886 verbo
1866 2863 1980 2900 neque
1997 2849 2157 2889 doctrina

1168 2918 1257 2957 opus
1277 2914 1374 2954 erat,
1400 2915 1440 2944 ut
1462 2905 1679 2945 djsceremus
1709 2909 1887 2948 mundum
1913 2925 1987 2949 esse
2007 2913 2154 2962 factum,

1168 2975 1284 3003 tamen
1306 2966 1399 3004 clare
1417 2967 1511 3005 illud
1534 2977 1567 3006 et
1585 2978 1666 3006 ante
1693 2970 1811 3008 omnia
1837 2971 1937 3023 ponit
1963 2973 2154 3025 propheta;

1143 3074 1287 3113 διάθετου,
1319 3072 1501 3103 internum:
1527 3080 1560 3104 et
1583 3073 1718 3115 quando
1745 3074 1905 3107 mundum
1930 3076 2066 3117 creavit,
2082 3087 2158 3118 pro-

1144 3121 1255 3154 tulisse
1274 3122 1419 3155 Verbum
1437 3134 1532 3155 suum
1546 3149 1554 3163 ,
1570 3132 1603 3156 et
1628 3131 1706 3157 tunc
1723 3125 1822 3158 fuisse
1837 3134 2026 3172 nizopopzzbv,
2041 3128 2154 3170 prola-

1145 3174 1265 3205 titium.
1284 3182 1375 3216 Λόγον
1392 3181 1571 3220 προφορικὸν
1600 3181 1649 3209 καὶ
1667 3180 1832 3211 ἐνδιάθετον
1844 3205 1852 3220 ,
1871 3186 1971 3220 prout
1993 3178 2027 3210 in
2045 3178 2156 3210 homi-

1146 3226 1243 3258 nibus
1256 3234 1318 3268 est,
1330 3235 1495 3260 memorat
1508 3227 1716 3269 Plutarchus,
1727 3228 1825 3273 libro,
1838 3231 1929 3275 quod
1939 3231 2157 3274 Philosophus

1150 3278 1272 3311 debeat
1285 3278 1429 3311 maxime
1448 3279 1615 3323 principes
1631 3280 1767 3324 alloqui.

1195 3332 1212 3356 l>
1236 3331 1383 3372 Quidam
1400 3336 1587 3371 ἀναίέέηκεν.
