2481 3678
688 193 728 222 ΙΝ
768 191 977 222 JOANNEM
1015 190 1171 220 nomn„

120 288 236 326 φησιν,
258 274 311 311 ἰ’να
329 273 376 324 μὴ
394 273 640 324 ἀπροσδόκητα
654 274 845 312 ἐπιστάντα
861 275 974 314 αὐτοῖς
988 271 1032 309 τὰ
1048 270 1142 308 δεινὰ

121 334 304 386 ἐκταράξῃ.
317 333 432 372 εΌπου
448 332 515 384 ἐγὼ
529 333 653 384 ὑπάγω
668 364 676 380 ,
693 336 789 383 ὑμεῖς
804 336 841 371 οὐ
859 332 1003 370 δύνασθε
1019 333 1140 369 ἐλθεῖν.

121 396 314 441 Δείκνυσιν,
339 394 391 432 ὅτι
416 398 433 432 ὁ
454 393 597 436 Θάνατος
625 396 727 432 αὐτοῦ
757 393 968 444 μετάστασίς
991 391 1141 429 ἐστικαὶ

122 456 311 506 μετάθεσις
332 454 494 505 ἀμείνων,
527 456 573 497 εἰς
602 454 706 492 τόπον
728 454 875 504 σώματα
896 455 933 491 οὐ
958 451 1142 503 δεχόμενον

121 517 266 568 φθαρτά.
289 518 413 554 Ταῦτα
431 515 465 553 δὲ
485 515 596 567 λέγει,
620 517 678 554 καὶ
701 516 758 554 τὸν
780 518 826 559 εἷς
846 515 945 552 αὐτὸν
966 513 1141 564 διεγείρων

120 577 225 614 πόθον
251 577 308 614 καὶ
341 576 546 628 θερμότερον
569 581 689 615 ποιῶν.
710 576 803 614 Ἴστε
829 576 895 627 γὰρ
924 573 977 611 ὅτι
1003 574 1142 610 ἐπειδὰν

120 637 249 688 ἴδωμεν
272 640 340 675 τῶν
357 639 532 689 φιλτάτων
557 638 651 681 τινὰς
677 640 960 689 ἀναχιιῳοῧντας,
990 635 1143 684 μάλιστα

121 698 453 749 διαθερμαινόμεθα,
471 699 530 736 καὶ
549 697 564 719 b
579 700 708 748 μᾶλλον
723 697 803 735 ὅταν
824 696 952 746 ἴδωμεν
974 697 1021 737 εἷς
1036 695 1140 733 τόπον

120 758 285 802 ἀπιόντας
299 789 307 805 ,
339 762 384 802 εἷς
404 760 439 798 ὃν
459 759 536 797 οὐδὲ
558 759 700 797 δυνατὸν
719 761 804 809 ἡμῖν
827 759 1000 794 ἀπελθεῖν.
1022 756 1141 793 'Er-ei·—

120 833 195 861 νους
217 819 278 870 μὲν
295 814 351 858 οὖν
365 820 493 871 poema,
509 825 618 857 ταῦτα
634 819 742 869 ἔλεγε,
761 818 894 859 τούτοις
910 817 944 854 δὲ
959 817 1016 854 τὸν
1036 816 1140 855 πόθον

119 878 287 922 ἐξάπτων.
322 880 486 922 Τοιοῦτός
516 882 608 917 ἐστιν
635 882 651 916 ὁ
677 879 798 924 τόπος,
829 877 919 916 ὥστε
954 877 1002 929 μὴ
1039 877 1140 928 μόνον

118 940 287 986 ἐκείνους,
317 941 406 977 ἀλλὰ
428 940 516 991 μηδὲ
542 944 631 990 ὑμᾶς
657 938 736 982 τοὺς
761 939 946 991 φιλτάτους
975 939 1141 977 δύνασθαι

116 1001 372 1052 παραγενέσθαι
386 1003 468 1040 ἐκεῖ.
487 1001 661 1040 Ἐνταῦθα
677 1001 735 1038 καὶ
755 1002 794 1040 τὸ
808 1000 946 1049 ἀξίωμα
959 1000 997 1038 τὸ
1018 1004 1140 1039 ἑαυτοῦ

117 1062 279 1101 δείκνυσι.
310 1063 379 1100 Καὶ
401 1065 481 1114 ὑμῖν
500 1063 592 1114 λέγω
613 1063 703 1114 ἄρτι.
725 1063 792 1100 Διὰ
818 1062 875 1109 τί,
896 1061 1014 1113 Ἄρτι,
1037 1062 1140 1100 Ἑτέ-

118 1139 183 1174 ρως
215 1124 371 1170 ἐκείνοις,
403 1124 462 1161 καὶ
491 1124 616 1176 ἑτέρως
647 1127 750 1174 ὑμῖν·
779 1122 968 1169 τουτέστιν,
998 1124 1035 1161 οὐ
1065 1125 1140 1173 μετ’

116 1185 267 1223 ἐκείνων.
291 1187 364 1224 Ποῦ
386 1185 421 1224 δὲ
442 1186 544 1223 αὐτὸν
564 1185 735 1232 ἐζήτησαν
756 1188 786 1222 οἱ
807 1184 987 1231 Ἰουδαῖοι,
1010 1189 1076 1223 ποῦ
1105 1184 1140 1223 δὲ

117 1249 147 1284 οἱ
167 1246 341 1297 μαθηταί,
358 1250 403 1285 Οἱ
422 1247 576 1298 μαθηταὶ
596 1246 671 1297 μὲν,
691 1245 747 1284 ὅτε
769 1246 910 1297 ἔφυγον·
930 1249 962 1283 οἱ
980 1245 1140 1284 Ἰουδαῖοι

137 1306 175 1355 ὲ,
204 1306 261 1345 ὅτε
281 1307 326 1345 τὰ

115 1368 279 1406 ὅαίνοντα
297 1369 410 1420 λόγον,
435 1372 497 1415 τῆς
518 1369 653 1411 πόλεως
672 1371 779 1414 αὐτῆς
799 1367 970 1415 ἁλούσης,
999 1365 1058 1405 καὶ
1077 1370 1140 1413 τῆς

115 1430 282 1476 θεηλάτου
327 1430 494 1467 πάντοθεν
535 1431 612 1467 κατ’
647 1431 760 1467 αὐτῶν
794 1428 985 1481 φερομένης
1021 1430 1137 1479 ὀργῆς.

113 1489 283 1533 Ἐκείνοις
303 1489 364 1541 μὲν
380 1484 436 1527 οἶν
453 1489 533 1528 τότε
551 1489 672 1541 οἔλεγε
689 1491 744 1527 διὰ
773 1490 837 1535 τὴν
857 1489 1034 1535 ἀπιστίαν,
1055 1492 1137 1539 ὑμῖν

114 1549 150 1588 δὲ
177 1554 247 1599 νῦν,
275 1550 332 1589 διὰ
352 1550 391 1588 τὸ
412 1551 459 1601 μὴ
495 1549 742 1602 ἀπροσδόκητα
771 1552 926 1588 ἐπελθεῖν
955 1550 999 1587 τὰ
1032 1550 1137 1588 δεινά.

350 1308 523 1354 ἀνήκεστα
539 1308 693 1359 ἔπασχον
713 1306 806 1345 δεινὰ
823 1307 881 1344 καὶ
904 1307 1019 1345 πάντα
1035 1309 1141 1357 ὑπερ-

1212 189 1348 219 Lxxu.
1387 175 1448 219 al.
1491 192 1611 220 Lxx1.

1218 272 1301 320 Quo
1316 284 1384 322 ego
1410 273 1528 317 vado,
1545 285 1617 309 vos
1639 286 1716 310 non
1732 278 1889 324 potestis
1909 280 2056 315 venire.
2074 280 2201 318 Osten-

1210 330 1265 367 dit
1286 340 1436 368 mortem
1458 346 1559 368 suam
1578 346 1651 369 esse
1673 333 1939 372 translationem
1960 345 1993 373 et
2013 340 2199 378 transitum

1212 390 1259 427 ad
1274 391 1431 440 meliora,
1451 401 1483 430 et
1503 392 1548 430 ad
1562 393 1681 431 locum
1703 395 1949 446 corruptibilia
1968 411 2113 449 corpora
2134 415 2201 439 non

1212 451 1450 503 recipientem.
1468 453 1551 491 Haec
1569 468 1675 506 porro
1692 455 1781 492 dicit
1799 455 1905 492 etiam
1926 466 1964 494 ut
1983 471 2104 496 eorum
2121 476 2201 512 erga

1167 516 1192 545 D
1214 526 1249 549 se
1269 527 1426 551 amorem
1450 515 1578 553 excitet
1606 525 1638 553 et
1662 516 1909 555 ferventiorem
1933 518 2074 556 efficiat.
2098 523 2204 560 Scitis

1213 573 1306 610 enim
1328 588 1410 612 cum
1423 576 1559 626 aliquos
1580 577 1681 614 nobis
1696 577 1928 615 amicissimos
1949 578 2111 618 videmus
2125 583 2204 620 abs-

1213 634 1384 685 cedentes,
1406 651 1468 674 nos
1497 637 1609 689 magis
1630 637 1770 675 incendi
1779 653 1791 687 3
1814 637 1969 676 maxime
1999 653 2081 677 cum
2099 642 2202 680 vide-

1212 708 1291 733 mus
1311 710 1368 734 eos
1388 697 1423 734 in
1445 698 1564 736 locum
1584 698 1774 736 concedere
1792 713 1862 749 quo
1887 713 1950 736 nos
1964 699 2017 737 ire
2031 714 2099 738 non
2120 716 2204 753 pos-

1211 770 1346 795 sumus.
1370 760 1419 796 Ut
1438 773 1521 811 ergo
1538 760 1682 799 Judaeos
1702 768 1859 807 terreret,
1874 760 1950 797 haec
1970 760 2077 810 dixit,
2096 771 2204 813 utque

1210 817 1471 871 discipulorum
1484 836 1641 859 amorem
1657 821 1867 859 incenderet.
1892 821 1993 859 Talis
2009 831 2059 859 est
2072 822 2132 860 ille
2153 823 2205 861 lo-

1211 892 1284 928 cus⁷
1295 895 1365 931 quo
1380 895 1449 919 non
1468 882 1523 919 illi
1536 882 1653 932 modo,
1668 881 1730 921 sed
1749 895 1812 919 nec
1825 895 1887 920 vos
1906 896 2046 933 quoque
2060 884 2201 922 amicis-

1210 939 1290 977 simi
1316 942 1459 993 possitis
1478 944 1610 982 venire.
1625 944 1692 981 Hic
1711 956 1853 994 quoque
1869 941 2083 993 dignitatem
2097 959 2198 984 suam

1209 1003 1375 1041 ostendit.
1393 1006 1448 1043 Et
1462 1008 1575 1044 vobis
1592 1007 1677 1044 dico
1698 1006 1824 1043 modo.
1842 1004 1928 1054 Cur,
1946 1006 2079 1042 modo?
2095 1006 2205 1045 Aliter

1208 1062 1293 1113 illis,
1314 1065 1416 1103 aliter
1437 1067 1559 1118 vobis3
1589 1067 1628 1105 id
1653 1077 1716 1118 est,
1739 1080 1808 1104 non
1839 1079 1920 1103 cum
1939 1065 2022 1103 illis.
2047 1066 2204 1106 Ubinam

1209 1124 1536 1177 illumquaesierunt
1557 1130 1700 1169 Judaei?
1721 1130 1783 1170 ubi
1797 1128 1993 1186 discipuli?
2006 1134 2200 1188 Discipuli,

1165 1185 1188 1214 Ε
1211 1198 1292 1223 cum
1307 1187 1485 1239 fugerent3
1510 1189 1627 1229 Judaei
1648 1205 1746 1240 vero,
1766 1194 1909 1243 quando
1936 1195 1971 1232 in
1988 1196 2204 1235 calamitates

1209 1245 1367 1297 ingentes
1385 1258 1419 1286 et
1435 1249 1614 1289 inauditas
1632 1251 1847 1302 inciderunt,
1864 1255 1951 1293 urbe
1966 1266 2080 1308 capta,
2096 1266 2130 1295 et
2148 1258 2200 1295 ira

1209 1308 1274 1345 Dei
1303 1310 1462 1362 undique
1488 1312 1569 1350 illos
1599 1313 1883 1354 circumsidente.
1907 1317 2104 1370 Discipulis
2119 1333 2202 1370 ergo

1208 1377 1292 1407 tune
1300 1380 1447 1422 propter
1457 1372 1744 1412 incredulitatem
1759 1375 1808 1413 ita
1821 1376 1991 1427 loquutus
2005 1387 2056 1415 est
2070 1395 2078 1415 :
2099 1380 2202 1418 vobis

1207 1442 1301 1467 nunc.
1314 1445 1390 1482 ego,
1411 1447 1453 1470 ne
1472 1432 1749 1485 inexspectatam
1768 1436 1923 1475 subeatis
1947 1438 2198 1479 calamitatem.

1207 1491 1271 1528 54.
1287 1494 1523 1531 ,Mandatum
1535 1509 1676 1533 novum
1689 1497 1738 1533 do
1752 1500 1877 1535 vobis.
1896 1498 1986 1536 Cum
1996 1500 2091 1537 enim
2104 1501 2201 1539 veri-

1208 1551 1325 1590 simile
1353 1562 1444 1591 esset
1468 1554 1561 1603 illos,
1584 1555 1628 1593 iis
1647 1556 1793 1606 auditis,
1807 1572 1847 1595 ac
1862 1558 1892 1595 si
1910 1558 2039 1597 deserti
2055 1574 2201 1611 prorsus

113 1610 280 1658 Ἐντολὴν
310 1612 432 1658 καινὴν
453 1612 578 1663 δίδωμι
599 1614 692 1661 ὑμῖν.
714 1611 862 1658 Ἐπειδὴ
882 1610 949 1662 γὰρ
970 1613 1017 1654 εἷς
1036 1611 1135 1663 θόρυ-
1151 1641 1198 1666 [⁴27
1208 1614 1378 1662 essent‚in
1392 1615 1695 1666 perturbationem
1705 1617 1915 1670 delapsuros
1932 1634 2022 1657 esse:
2044 1622 2201 1659 consola-

114 1671 172 1709 8ον
199 1672 320 1715 αὐτοὺς
347 1674 509 1723 ἐμπεσεῖν
536 1673 626 1715 εἰκὸς
654 1667 695 1719 ἦν
717 1676 828 1710 ταῦτα
855 1671 1062 1720 ἀκούοντας,
1092 1675 1138 1715 ὡς

113 1732 263 1783 ἐρήμους
280 1733 469 1784 μέλλοντας
482 1733 631 1780 ἔσεσθαι,
648 1737 907 1785 παραμυθεῖται
922 1732 1057 1779 αὐτοὺς,
1074 1732 1137 1780 τὴν

112 1794 250 1832 πάντων
268 1798 336 1832 τῶν
354 1798 490 1845 ἀγαθῶν
510 1795 603 1847 ῥίζαν
625 1794 682 1832 καὶ
704 1794 894 1847 ἀσφάλειαν
914 1794 1136 1847 περιὸάλλων

113 1855 226 1897 αὐτοῖς
238 1883 247 1899 ,
267 1855 330 1901 τὴν
351 1855 506 1906 ἀγάπην·
523 1855 648 1893 ὡσανεὶ
667 1855 782 1907 ἔλεγεν
794 1870 801 1877 ·
823 1856 960 1905 ἀλγεῖτε
975 1855 1136 1898 ἀπιόντος

110 1917 214 1965 ἐμοῦ,
235 1918 309 1954 ἀλλ’
335 1916 393 1953 ἐὰν
423 1918 583 1967 ἀγαπᾶτε
604 1915 794 1963 ἀλλήλους,
816 1915 934 1953 ἔσεσθε
952 1915 1135 1968 ἰσχυρότε-

112 1991 177 2027 ροι.
210 1978 293 2019 Πῶς
315 1970 372 2014 οἶν
399 1978 436 2014 οὐ
462 1981 563 2015 τοῦτο
583 1971 677 2015 εἶπεν
692 1993 701 2024 ;
717 1975 804 2015 ΕΌτι
819 1976 836 2014 ὃ
852 1975 974 2014 τούτου
1002 1979 1133 2027 μᾶλλον

109 2035 241 2082 ὤνησεν
273 2036 393 2080 αὐτοὺς
429 2031 540 2075 εἶπεν·
568 2039 628 2076 Ἐν
653 2037 764 2090 τούτῳ
784 2037 978 2088 γνώσονται
1004 2038 1134 2082 πάντες

107 2096 160 2134 ὅτι
171 2098 247 2147 ἐμοὶ
264 2098 419 2148 μαθηταί
434 2101 522 2137 ἐστε.
538 2098 627 2137 ἐιΔιὰ
639 2099 705 2151 γὰρ
720 2098 840 2136 τούτου
856 2098 930 2149 ἅμα
946 2099 1134 2147 ἐδήλωσεν,

107 2156 159 2194 ὅτι
186 2159 222 2196 οὐ
255 2158 485 2205 σὸεσθήσεται
504 2163 521 2197 ὁ
540 2160 661 2212 χορὸς,
682 2159 785 2198 ὁπότε
801 2159 859 2197 καὶ
875 2159 1058 2211 γνώρισμα
1075 2161 1133 2198 αὐ-

107 2224 177 2262 τοῖς
205 2219 323 2258 ἔδωκε.
359 2221 473 2258 Τοῦτο
506 2221 541 2258 δὲ
572 2215 677 2269 εἶπεν,
706 2219 762 2258 ὅτε
783 2223 800 2258 ὁ
819 2220 990 2272 προδότης
1020 2222 1131 2259 αὐτῶν

108 2280 317 2332 ἀπεσχίσθη.
344 2282 426 2324 Πῶς
442 2281 477 2320 δὲ
494 2281 599 2328 αὐτὴν
628 2282 769 2328 ἐντολὴν
786 2281 882 2332 λέγει
898 2281 1020 2328 καινὴν
1037 2283 1055 2302 '¹'
1071 2282 1128 2320 καὶ

107 2343 141 2379 ἐν
155 2344 198 2392 τῇ
220 2344 364 2394 Παλαιᾷ
385 2341 566 2392 κειμένην,
586 2344 698 2385 Αὐτὸς
717 2342 824 2389 αὐτὴν
845 2342 987 2389 ἐποίησε
1008 2343 1130 2390 καινὴν

106 2405 155 2454 τῷ
169 2404 306 2456 τρόπῳ·
331 2405 487 2454 ἐπήγαγε
502 2408 596 2454 γοῦν,
620 2403 744 2447 Καθὼς
760 2403 931 2455 ἠγάπησα
950 2407 1056 2453 ἡμᾶς.
1078 2407 1131 2443 Οὐ

106 2464 172 2515 γὰρ
188 2464 488 2516 προϋπηργμένων
504 2467 583 2514 ὑμῖν
597 2465 877 2517 κατορθωμάτων
891 2465 1032 2516 ὄφλημα
1050 2468 1129 2517 ὑμῖν

108 2525 291 2571 ἀπέδωκα,
309 2527 384 2563 ἀλλ’
404 2526 504 2568 αὐτὸς
519 2525 692 2577 κατῆρξα,
712 2525 827 2578 φησίν.
850 2526 954 2564 Οὕτω
969 2526 1027 2563 καὶ
1043 2529 1132 2577 ὑμᾶς

108 2589 299 2638 εὐεργετεῖν
320 2586 397 2628 τοὺς
416 2586 601 2638 φιλτάτους
620 2586 773 2638 >gp->bned
791 2586 839 2637 μὴ
853 2586 1054 2638 ὀφείλοντας
1075 2590 1135 2625 αὐ-

106 2654 188 2690 τοῖς.
206 2647 276 2685 Καὶ
294 2648 389 2699 ἀφεὶς
401 2650 507 2685 εἰπεῖν
526 2648 568 2685 τὰ
587 2647 748 2698 θαύματα
761 2677 770 2694 ,
793 2648 814 2684 ἃ
832 2648 978 2698 ἔμελλον
998 2654 1109 2685 ποιεῖν
1121 2678 1130 2696 ,

108 2709 177 2747 ἀπὸ
206 2710 268 2753 τῆς
293 2709 431 2759 ἀγάπης
462 2707 585 2751 αὐτοὺς
611 2708 876 2760 χαρακτηρίζει.
904 2708 951 2746 Τί
984 2707 1130 2756 δήποτε;

104 2769 191 2808 ςὈτι
205 2774 306 2808 τοῦτο
321 2770 475 2820 μάλιστά
485 2771 559 2808 ἐστι
573 2770 611 2808 τὸ
621 2770 771 2808 δεικνύον
785 2769 985 2820 ἀνθρώπους
999 2769 1128 2820 ἁγίους.

105 2832 230 2878 Πάσης
245 2831 311 2882 γάρ
326 2833 417 2869 ἐστιν
434 2834 560 2884 ἀρετῆς
574 2831 744 2874 ὑπόθεσις.
759 2831 826 2869 Διὰ
840 2831 958 2869 τούτου
975 2831 1130 2881 μάλιστα

105 2891 164 2929 καὶ
177 2892 358 2942 σωζόμεθα
386 2892 525 2936 πάντες.
554 2895 668 2931 Τοῦτο
687 2893 753 2945 γάρ
781 2895 873 2931 ἐστιν
893 2887 1001 2939 εἶναι,
1024 2892 1128 2944 φησὶ,

107 2953 279 3002 μαθητήν.
303 2953 423 2996 Οὕτως
451 2957 539 3004 ὑμᾶς
560 2954 734 2998 1’ἅπαντες
757 2954 1016 3001 ἐπαινέσονται,
1048 2953 1127 2991 ὅταν

103 3013 220 3051 ἴδωσιν
236 3016 326 3064 ὑμᾶς
342 3014 572 3065 μιμουμένους
586 3014 648 3062 τὴν
668 3015 756 3065 ἐμὴν
776 3016 931 3067 ἀγάπην.

156 3089 203 3126 Τί
233 3084 317 3138 οἶν,
350 3092 388 3128 οὐ
420 3092 539 3142 πολλῷ
568 3092 698 3141 μᾶλλον
717 3091 761 3129 τὰ
789 3090 950 3141 θαύματα
977 3089 1128 3129 δείκνυσι

149 3221 164 3243 h
179 3220 316 3261 [Μᾶλλον
333 3219 524 3253 addidimus
541 3233 556 3253 e
574 3221 675 3254 sax-il.
700 3230 732 3254 et
758 3223 956 3263 Inter-prete.
983 3220 1084 3253 Abest
1097 3232 1114 3253 a

105 3269 214 3302 Codd.
238 3273 370 3303 nostris.
386 3272 478 3304 Infra
497 3273 596 3306 verba
611 3278 658 3308 διὰ.
679 3281 717 3314 τί,
735 3281 824 3320 ἄρτι,
844 3273 963 3316 quibus
981 3271 1116 3306 carebat

107 3323 241 3363 Monffl,
259 3335 296 3355 ex
312 3323 428 3356 eodem
444 3325 546 3358 Savil.
563 3328 738 3359 sumsimus
753 3334 786 3358 et
799 3324 882 3359 Cod.
902 3327 995 3368 705]

151 3387 162 3399 ¹·
177 3374 238 3408 Alii
256 3381 365 3419 &syo-a.

1162 1680 1186 1708 A
1207 1683 1267 1711 tur
1286 1674 1396 1727 ipsos,
1410 1677 1571 1715 omnium
1588 1678 1765 1716 bonorum
1780 1679 1902 1717 radice
1915 1679 1961 1717 ad
1977 1682 2200 1721 securitatem

1208 1734 1369 1772 muniens
1393 1749 1469 1785 eos,
1491 1750 1618 1789 nempe
1648 1738 1812 1788 caritate;
1834 1753 1875 1776 ac
1908 1739 1936 1777 si
1968 1739 2201 1780 diceret:Me

1205 1796 1357 1835 abeunte
1374 1798 1525 1837 doletis?
1540 1814 1666 1838 verum
1684 1801 1788 1840 sivos
1804 1812 1928 1840 mutuo
1944 1802 2114 1854 diligatis,
2129 1805 2201 1842 for-

1206 1857 1311 1896 tiores
1326 1859 1435 1898 eritis.
1449 1861 1523 1898 Cur
1536 1876 1619 1913 ergo
1632 1877 1700 1901 non
1713 1863 1761 1901 ita
1773 1863 1892 1902 dixit?
1908 1865 2003 1913 Quia
2013 1865 2111 1916 quod
2124 1866 2200 1904 lon-

1206 1932 1247 1970 ge
1267 1920 1391 1958 utilius
1415 1931 1490 1959 erat
1507 1924 1657 1974 protulit
1679 1940 1686 1961 :
1704 1926 1769 1964 55.
1790 1928 1841 1963 In
1873 1927 1946 1964 hoc
1968 1937 2200 1978 cognoscent

1206 1994 1336 2020 omnes
1356 1984 1461 2034 quod
1481 1985 1663 2037 discipuli
1682 1990 1757 2024 mei
1776 1991 1878 2026 estis.
1891 1988 1955 2026 His
1971 1989 2067 2026 enim
2088 1989 2197 2041 signi-

1204 2042 1338 2091 ficavit,
1357 2044 1508 2082 chorum
1533 2060 1638 2084 suum
1666 2061 1864 2098 numquam
1886 2063 1960 2087 esse
1973 2049 2197 2099 solvendum,

1204 2114 1392 2156 postquam
1404 2106 1473 2143 hoc
1492 2106 1666 2145 indicium
1678 2109 1752 2146 illis
1769 2109 1926 2147 dederat.
1945 2110 2022 2147 Hoc
2037 2124 2121 2149 vero
2137 2110 2196 2148 dj-

1204 2167 1270 2215 xit‚
1284 2168 1425 2218 quando
1437 2169 1601 2221 proditor
1617 2171 1662 2208 ab
1676 2171 1748 2209 illis
1763 2182 1947 2224 separatus
1962 2182 2027 2210 est.
2046 2174 2119 2210 Cur
2133 2187 2197 2211 au-

1203 2237 1275 2265 tem
1294 2229 1360 2266 hoe
1379 2230 1589 2268 mandatum
1608 2231 1697 2269 dicit
1715 2247 1850 2271 novum
1865 2247 1949 2282 esse,
1963 2233 2058 2284 quod
2075 2233 2110 2271 in
2125 2236 2198 2273 Ve-

1203 2289 1269 2326 teri
1290 2304 1430 2341 quoque
1451 2293 1677 2331 Testamento
1708 2294 1864 2345 positum
1885 2296 1983 2333 erat?
2003 2296 2083 2347 Ipse
2102 2295 2197 2334 illud

1204 2365 1337 2390 novum
1356 2354 1438 2391 fecit
1460 2354 1538 2406 ipso
1553 2355 1786 2407 praecipiendi
1806 2357 1932 2406 modo;
1947 2357 2068 2394 intulit
2088 2358 2194 2406 enim,

1202 2414 1308 2451 Sicut
1323 2416 1445 2452 dilexi
1463 2429 1546 2454 vos.
1562 2418 1640 2454 Non
1658 2417 1753 2455 enim
1767 2418 1893 2457 vestris
1912 2419 2196 2470 praecedentibus

1157 2478 1179 2507 B
1204 2475 1338 2512 meritis
1364 2475 1526 2514 debitum
1551 2478 1728 2529 persolvi,
1752 2478 1814 2516 sed
1841 2479 1918 2531 ipse
1944 2480 2047 2532 coepi,
2067 2480 2194 2531 inquit.

1203 2536 1263 2574 Sic
1284 2546 1317 2574 et
1337 2551 1397 2576 vos
1425 2547 1561 2589 oportet
1593 2539 1715 2577 amicis
1750 2539 1874 2578 vestris
1902 2540 2074 2579 beneficia
2105 2556 2195 2593 prae-

1203 2606 1305 2646 stare,
1328 2598 1426 2635 nullo
1453 2598 1572 2636 debito
1600 2600 1797 2638 obstrictos.
1817 2600 1864 2638 Et
1886 2602 2026 2640 omissis
2040 2602 2195 2640 miracu-

1202 2658 1245 2696 lis
1261 2673 1339 2709 quae
1372 2659 1503 2698 edituri
1520 2670 1630 2710 erant,
1650 2675 1696 2699 ex
1717 2662 1862 2700 caritate
1880 2662 1963 2701 illos
1990 2663 2192 2715 distinguit.

1201 2718 1344 2765 Quare?
1366 2720 1460 2766 Quia
1485 2720 1551 2758 hoc
1566 2721 1722 2759 maxime
1741 2731 1944 2760 sanctorum
1965 2723 2143 2762 indicium
2162 2734 2195 2763 et

1200 2791 1450 2832 argumentum
1468 2792 1518 2821 est
1538 2798 1546 2819 :
1564 2798 1704 2821 omnem
1723 2785 1855 2837 quippe
1875 2785 2010 2824 indicat
2026 2787 2177 2826 sanctita

1200 2851 1283 2880 tem.
1301 2844 1368 2881 Per
1380 2844 1447 2882 hoc
1459 2845 1615 2882 maxime
1625 2859 1746 2883 omnes
1760 2846 1910 2884 salutem
1925 2849 2189 2899 consequimur.

1200 2904 1274 2942 Hoc
1301 2914 1366 2955 est,
1391 2905 1520 2957 inquit,
1538 2921 1611 2945 esse
1640 2907 1874 2960 discipulum.
1898 2910 1957 2948 Sic
1988 2925 2052 2950 vos
2067 2911 2192 2949 lauda-

1199 2965 1289 3003 bunt
1308 2980 1441 3015 omnes,
1457 2982 1538 3006 cum
1559 2982 1623 3007 vos
1637 2968 1794 3008 viderint
1815 2985 1930 3009 meam
1952 2971 2084 3010 imitari
2103 2971 2192 3010 dile-

1201 3027 1362 3066 ctionem.

1153 3098 1175 3127 C
1252 3090 1288 3127 4.
1319 3089 1418 3137 Quid
1459 3091 1571 3142 ergo?
1604 3105 1720 3130 annon
1760 3093 1879 3145 potius
1913 3094 1981 3133 hoc
2020 3095 2190 3133 miracula

1228 3232 1240 3247 -··
1255 3222 1317 3255 Alii
1333 3230 1381 3257 καὶ
1401 3226 1449 3258 διὰ
1467 3230 1566 3259 τοῦτο.

1229 3274 1330 3318 *[τὴν
1347 3281 1396 3310 καὶ
1413 3281 1441 3310 ἐν
1455 3276 1575 3319 Savil.]

1228 3329 1243 3352 h
1261 3327 1361 3361 Savil.
1380 3333 1519 3371 ἅπαντες,
1538 3329 1663 3364 melius,
1683 3328 1828 3369 Quidam
1846 3334 1990 3369 ἅπαντας.
