2522 3683
345 176 438 238 598
790 186 827 215 s.
866 182 1043 214 sommis
1078 178 1325 209 cmwsosr.

330 273 412 310 bere
444 269 589 321 quidem
614 280 812 320 possumus.
844 269 888 303 At
921 278 1057 312 corum,
1087 261 1149 312 qui
1174 261 1323 299 salutem

331 340 614 383 consequuut1u·,
634 329 797 380 voluptas
822 339 889 363 non
910 325 988 363 talis
1008 332 1058 360 est
1079 336 1212 373 :neque
1230 321 1324 359 enim

331 393 482 432 rivalem
498 392 557 430 bic
575 391 682 429 habet
701 389 799 440 quis,
822 387 885 424 sed
901 399 1019 423 omnes
1039 383 1194 435 gaudent
1210 392 1242 420 et
1262 397 1324 419 ex-

331 455 479 502 sultant,
499 463 571 491 tam
604 453 627 490 ii
650 451 710 502 qui
738 450 826 487 bene
854 448 989 494 valent,
1010 459 1119 496 quam
1148 444 1209 495 qui
1235 444 1325 481 bene

331 517 488 555 valenus
521 511 789 553 xitle1it.Nulli
825 509 895 556 ira,
926 507 1047 544 nullus
1076 519 1217 553 moeroe,
1255 518 1324 542 non

334 576 540 628 turpitudo,
560 588 626 611 nou
642 571 877 624 opprobrium
892 570 968 621 ejus
983 568 1144 605 animum
1161 565 1322 615 obsidet;

334 638 397 676 sed
423 637 535 674 multa
562 633 782 672 conscientie
811 630 953 678 letitia,
983 629 1095 666 multa
1125 628 1169 666 (le
1196 627 1326 664 futulis

335 713 432 750 spes,
459 697 570 748 glom
598 709 724 746 magna
754 692 992 745 splendorque
1017 703 1191 741 magnus,
1214 688 1327 756 major

336 759 399 796 Dei
430 757 674 796 benevolentia
705 765 738 793 et
771 754 942 792 securitas
966 769 973 789 t
999 752 1141 790 nullum
1166 749 1328 803 praecipi-

334 821 442 869 tium,
464 820 561 857 nulla
582 817 756 870 suspicio,
776 815 838 853 sed
854 813 1170 866 tranquillissilmls
1187 821 1324 864 poltus,

334 882 492 933 aerisque
517 880 695 918 serenitas.
718 878 802 916 Ilaec
827 878 946 927 itaque.
972 874 1091 913 omnia
1114 873 1327 925 cogitantes,

335 952 367 979 et
391 942 612 993 voluptatem
637 940 812 992 voluptati
848 945 1112 989 comparantes,
1146 948 1223 971 eam
1251 946 1328 983 quae

336 1003 461 1040 melior
491 1011 541 1039 est
569 1001 759 1051 eligamus,
796 1008 833 1035 ut
865 1007 898 1035 et
926 998 1046 1034 sutura
1073 1008 1330 1045 consequamur

335 1063 446 1112 bona,
469 1063 581 1114 gratia
613 1071 646 1099 et
674 1060 891 1111 benignitate
924 1057 1071 1096 Domini
1103 1055 1214 1092 nostri
1244 1057 1330 1094 Jesu

339 1124 484 1171 Christi,
508 1123 565 1160 cui
582 1122 694 1174 gloria
713 1130 746 1159 et
765 1119 957 1173 imperium
974 1118 1009 1155 in
1029 1117 1156 1155 saecula
1181 1116 1329 1154 saeculo—

336 1201 428 1224 rum.
449 1188 573 1223 Amen.

383 1353 396 1367 a
421 1341 534 1375 Morel.
556 1348 594 1376 τὰ
612 1345 735 1385 βελτίω.

1366 176 1550 206 ARCnlEP
1559 196 1568 205 .
1606 176 1936 206 CONSTANTINOP
1945 196 1953 205 .

1394 261 1470 296 κατ’
1495 259 1598 297 αὐτοῦ
1617 264 1703 296 κινεῖ
1736 258 1892 308 γέλωτα,
1926 259 1984 296 καὶ
2010 262 2162 296 τοσαῦτα
2190 258 2291 296 αὐτὸν
2316 258 2420 311 ἐργά-

1397 322 1492 364 ζεται
1522 319 1634 367 κακὰ,
1653 318 1717 357 ὅσα
1750 318 1825 358 οὐδὲ
1858 321 2013 358 ἐπελθεῖν
2042 318 2136 370 λόγῳ
2158 319 2312 357 δυνατόν.
2330 319 2420 357 Ἀλλ’

1346 393 1368 423 Β
1396 383 1459 433 οὐχ
1483 385 1504 427 ἡ
1535 379 1639 427 ἡδονὴ
1668 382 1736 418 τῶν
1756 380 1959 430 σωζομένων
1979 379 2141 425 τοιαύτη·
2164 379 2241 418 οὔτε
2267 379 2334 432 γὰρ
2357 382 2421 417 ἀν-

1396 442 1566 495 τεραστὴν
1605 441 1677 494 ἔχει
1704 457 1754 484 τις
1794 443 1956 489 ἐνταῦθα,
1983 440 2071 479 ἀλλὰ
2096 440 2222 484 πάντες
2240 440 2421 492 χαίρουσι,

1397 502 1456 540 καὶ
1493 503 1721 554 ἀγάλλονται,
1745 501 1780 540 οἵ
1812 518 1850 539 τε
1879 495 1915 540 εῧ
1943 502 2159 554 πάσχοντες,
2189 501 2223 539 οἵ
2246 517 2284 540 τε
2319 504 2425 551 ὁρῶν·

1396 580 1462 606 τες.
1501 566 1554 602 Οὐ
1598 563 1702 614 Ουμὸς
1718 592 1727 609 ,
1769 565 1831 601 οὐκ
1866 562 1995 614 ἀθυμία
2010 593 2019 610 ,
2066 565 2128 600 οὐκ
2175 562 2323 614 αἰσχύνη
2364 561 2424 599 καὶ

1398 625 1524 669 ὄνειδος
1553 624 1616 672 τὴν
1647 630 1707 663 τοῦ
1742 623 1895 663 τοιούτου
1942 625 2120 675 πολιορκεῖ
2159 624 2293 675 ψυχήν·
2335 621 2424 660 ἀλλὰ

1398 686 1510 733 πολλὴ
1551 686 1613 736 μὲν
1643 685 1832 738 εὐφροσύνη
1867 688 1925 723 τοῦ
1963 683 2178 732 συνειδότος,
2203 683 2315 730 πολλὴ
2346 684 2380 722 δὲ
2402 686 2423 729 ἦ

1398 751 1467 785 τῶν
1501 747 1698 798 μελλόντων
1735 746 1848 789 ἐλπίς·
1869 745 2017 798 λαμπρὰ
2037 744 2073 782 δὲ
2093 748 2113 791 ἡ
2135 744 2216 789 δόξα
2235 745 2294 783 καὶ
2312 744 2425 791 πολλὴ

1398 812 1419 856 ἡ
1450 808 1673 861 περιφάνεια,
1695 807 1755 846 καὶ
1780 806 1908 846 πλείων
1928 806 2069 845 πάντων
2089 809 2110 852 ἡ
2131 806 2228 858 παρὰ
2248 810 2307 844 τοῦ
2335 808 2426 844 Θεοῦ

1399 869 1513 908 εὔνοια
1552 885 1612 907 και
1647 869 1841 922 ἀσφάλεια·
1874 883 1932 906 και
1958 867 2109 919 κρημνὸς
2135 867 2211 906 οὐδὲ
2245 862 2313 915 εἷς,
2349 867 2426 906 οὐδὲ

1399 928 1549 980 ὑποψία,
1577 928 1666 966 ἀλλὰ
1684 928 1792 979 λιμὴν
1813 928 2029 978 ἀκύμαντος,
2051 928 2110 965 καὶ
2134 928 2281 980 γαληνη.
2303 930 2427 965 Ταυτα

1400 992 1456 1027 οὖν
1491 990 1629 1027 ἅπαντα
1651 991 1861 1036 ἐννοοῦντες,
1884 988 1943 1026 καὶ
1969 987 2095 1035 ἣοονὴν
2115 990 2220 1039 ἡδονῇ·
2244 988 2428 1040 παραὸαλ-

1399 1051 1537 1095 λοντες,
1551 1049 1743 1100 ελώμεοα’1
1755 1049 1817 1095 τὴν
1837 1049 1983 1100 βελτίω,
2001 1049 2054 1087 ινα
2068 1050 2210 1087 καὶτῶν
2233 1049 2427 1100 μελλόντων

1402 1110 1621 1162 ἐπιτύχιι1μεν
1640 1113 1791 1162 ἀγαθῶν,
1804 1111 1925 1163 χάριτι
1940 1110 1999 1147 καὶ
2016 1110 2261 1163 φιλανΟρωπία
2279 1115 2338 1148 τοῦ
2359 1112 2428 1148 Κυ-

1404 1169 1475 1223 ρίου
1494 1173 1595 1220 ημῶν
1613 1170 1729 1217 Ἰησοῦ
1761 1172 1930 1222 Χριστοῦ,
1953 1165 1981 1222 ᾧ
2005 1174 2026 1217 ἡ
2056 1170 2135 1215 δόξα
2167 1171 2226 1209 καὶ
2246 1171 2285 1209 τὸ
2304 1171 2430 1223 κράτος

1402 1233 1448 1275 εἷς
1464 1230 1543 1275 τοὺς
1566 1233 1692 1275 αἰῶνας
1706 1234 1774 1270 τῶν
1795 1230 1942 1270 αἰώνων.
1959 1231 2080 1282 Ἀμήν.

587 1547 799 1585 IIOMILIA
837 1543 1088 1583 LXXXVIII.

348 1655 438 1691 Cn.
462 1651 568 1689 XXI.
591 1665 625 1688 v.
646 1650 706 1687 15.
724 1650 821 1686 Cum
841 1661 928 1699 ergo
949 1646 1212 1698 prandissent,
1237 1645 1331 1681 dicit

398 1715 512 1751 Jesns
540 1714 687 1751 Simoni
713 1712 833 1747 Petro
856 1725 866 1745 .·
884 1709 1016 1747 Simon
1046 1709 1173 1753 Jonoe,
1203 1707 1333 1758 diligis

400 1790 460 1812 me
482 1775 571 1826 plus
593 1775 681 1810 his?
701 1773 810 1809 Dicit
827 1773 861 1808 ei
880 1786 890 1806 .·
909 1771 1057 1816 Etiam,
1088 1769 1268 1815 Domine,
1295 1776 1336 1805 tic

401 1839 474 1875 scis
494 1838 586 1888 quia
604 1848 691 1872 arno
715 1842 761 1871 te.

404 1953 438 1987 1.
459 1949 577 1987 Multa
604 1947 750 1999 quidem
772 1945 841 1983 alia
863 1953 944 1982 sunt
972 1958 1050 1994 quae
1079 1943 1215 1995 possint
1236 1942 1339 1981 nobis
1363 1958 1387 1987 ῃ

351 2011 448 2063 apud
472 2012 587 2047 Deum
603 2007 773 2045 fiduciam
792 2005 961 2059 praebere,
978 2018 1110 2055 nosque
1131 2003 1339 2056 conspicuos

351 2082 384 2109 et
409 2071 574 2123 probatos
594 2069 763 2107 exhibere
781 2084 788 2104 z
805 2066 903 2118 quod
923 2075 1042 2103 autem
1059 2064 1160 2103 nobis
1179 2064 1341 2102 omnium

353 2135 510 2172 maxime
539 2146 726 2185 supernam
759 2129 1041 2169 benevolentiam
1080 2127 1267 2174 conciliat,
1292 2136 1344 2165 cst

355 2195 509 2248 proximi
543 2208 625 2231 eura
646 2203 678 2230 et
703 2191 870 2237 tlileeti03
895 2191 932 2227 id
953 2190 1048 2241 quod
1069 2205 1088 2226 a
1111 2191 1215 2227 Petro
1236 2188 1344 2225 Chri-

355 2267 430 2294 stus
449 2255 574 2307 exigit.
599 2255 690 2291 Cum
709 2253 803 2290 enim
822 2250 1027 2289 comedendi
1045 2250 1151 2287 finem
1169 2249 1343 2297 fecissent,

358 2319 464 2355 Dicit
485 2318 597 2354 lesus
629 2315 773 2352 Simoni
794 2314 912 2350 Petro
932 2312 1089 2349 :Simon
1105 2312 1232 2359 Jonoe,
1256 2310 1346 2346 dili-

357 2382 414 2431 gis
432 2393 490 2415 me
506 2378 594 2429 plus
612 2377 696 2413 his?
716 2376 824 2412 Dicit
844 2376 878 2411 ei
897 2389 907 2409 .·
926 2374 1074 2418 Etiam,
1101 2373 1283 2417 Domine,
1306 2380 1346 2408 tu

360 2442 434 2477 scis
455 2441 547 2491 quia
567 2452 655 2475 amo
680 2445 726 2473 te.
751 2436 860 2472 Dicit
883 2436 917 2471 ei
938 2449 944 2469 ε
965 2435 1090 2470 Pasce
1111 2446 1203 2470 oves
1225 2445 1343 2468 meas.

363 2500 410 2537 Et
429 2513 491 2536 cui
511 2499 590 2536 aliis
606 2512 658 2550 pi
651 2495 865 2545 mt01m1ssi5,
881 2494 925 2532 de
944 2494 1000 2532 his
1020 2494 1115 2531 hunc
1129 2492 1347 2544 alloquitm·“

250 2566 352 2591 Penus
366 2561 530 2600 1Λ11111115
559 2569 632 2597 eiat
655 2560 746 2596 inter
774 2557 965 2609 apostolos,
996 2570 1033 2593 os
1067 2555 1347 2607 discipulorum,

200 2606 351 2643 Apostolo-

162 2658 232 2675 rum
267 2658 296 2675 05

166 2695 264 2727 capul.

366 2806 608 2857 praesecturzun
633 2803 846 2851 committit,
870 2816 982 2852 neque
1010 2800 1231 2853 negationem
1254 2814 1348 2837 com-

366 2875 537 2903 memorat
569 2866 622 2903 vel
658 2864 860 2916 exprobrat.
902 2863 998 2900 Dicit
1028 2861 1227 2900 auteszi
1256 2875 1352 2898 amas

366 2942 436 2976 me,
460 2928 606 2963 fratrum
642 2926 885 2977 praefecturam
916 2924 1071 2976 suscipe,
1096 2932 1129 2961 ct
1161 2924 1354 2961 ferventem

367 2990 468 3026 illum
489 3002 656 3035 amorem,
675 3001 779 3036 quem
797 3000 934 3038 semper
949 2985 1160 3035 exhibuisti,
1179 2995 1211 3023 et
1227 2985 1271 3023 de
1284 2999 1354 3036 quo

366 3051 584 3099 exsultabis,
622 3062 714 3086 nune
758 3048 915 3097 ostende,

963 3049 1190 3098 animamque
1228 3048 1351 3098 illam,

1781 1544 1959 1580 OMIAIA
1979 1540 2051 1589 πη’.

1403 1647 1493 1685 Οτε
1515 1652 1571 1686 οὖν
1587 1648 1793 1701 ἠρίστησαν,
1817 1647 1948 1699 λέγειξ
1935 1665 1953 1686 ο
1976 1647 2110 1695 Ιησους
2130 1664 2180 1685 τι)
2197 1646 2334 1698 Σίμωνι
2355 1646 2431 1685 Πέ-

1457 1724 1529 1761 τρω
1546 1740 1555 1757 ,
1587 1709 1708 1760 Σίμων
1739 1711 1861 1757 Ἰωνα,
1895 1712 2033 1760 ἀγαπᾶς
2069 1725 2112 1759 με
2146 1708 2250 1746 πλέον
2278 1707 2433 1755 τούτων,

1461 1770 1561 1822 Λέγει
1584 1772 1677 1821 αὐτῷ
1695 1787 1701 1793 ·
1721 1770 1798 1819 ναὶ,
1818 1770 1947 1823 Κύριε,
1971 1770 2011 1808 σὺ
2029 1764 2122 1814 οἶδας
2143 1769 2196 1808 ὅτι
2217 1771 2306 1821 φιλῶ
2326 1785 2378 1807 σε.

1461 1944 1584 1984 Πολλὰ
1602 1946 1663 1996 μέν
1680 1948 1753 1985 ἐστι
1769 1946 1829 1985 καὶ
1845 1945 1947 1998 ἕτερα
1962 1946 2006 1985 τὰ
2020 1945 2194 1996 δυνάμενα
2210 1946 2327 1982 δοῦναι
2343 1944 2438 1995 παῤ-

1412 2008 1533 2061 ῥησίαν
1553 2012 1637 2059 ἡμῖν
1658 2009 1743 2062 πρὸς
1766 2009 1823 2047 τὸν
1843 2009 1946 2057 Θεὸν,
1973 2009 2032 2047 καὶ
2050 2007 2157 2052 δεῖξαι
2176 2005 2359 2057 λαμπροὺς
2377 2004 2439 2043 καὶ

1412 2071 1612 2121 εὐδοκίμους
1624 2086 1631 2093 ·
1654 2069 1693 2108 τὸ
1713 2069 1748 2107 δὲ
1767 2070 1921 2120 μάλιστα
1937 2069 2078 2108 πάντων
2100 2068 2253 2121 παρέχον
2272 2070 2356 2116 ἡμῖν
2377 2065 2439 2112 τὴν

1413 2131 1541 2168 ἄνωθεν
1571 2130 1704 2168 εὔνοιαν
1727 2134 1747 2177 ἡ
1768 2147 1848 2183 περι
1870 2147 1948 2174 τους
1969 2129 2150 2176 πλησίον’
2136 2145 2209 2167 εστι
2230 2126 2440 2179 κηοεμονία·

1412 2191 1497 2243 ὅπερ
1522 2194 1579 2229 οὖν
1607 2207 1666 2229 και
1684 2195 1701 2229 ὃ
1722 2192 1906 2245 Χριστὸς
1888 2197 2029 2229 απαιτεῖ
2050 2191 2106 2229 τὸν
2128 2189 2273 2242 Πέτρον.
2292 2187 2441 2233 Ἐπειοὴ

1416 2251 1483 2305 γὰρ
1501 2252 1597 2295 τέλος
1624 2257 1714 2304 εἶχεν
1735 2255 1849 2297 αὐτοῖς
1873 2252 1917 2290 τὰ
1936 2268 1998 2298 της
2016 2252 2145 2297 ἐδωδης
2160 2281 2169 2297 ,
2191 2251 2284 2302 λέγει
2304 2266 2353 2287 τω
2377 2249 2443 2287 Σί-

1420 2328 1508 2363 μωνι
1545 2312 1669 2365 Πέτρω
1698 2316 1714 2350 ὁ
1743 2313 1901 2360 Ιησους·
1935 2312 2055 2363 Σίμων
2077 2311 2179 2349 Ιο1νᾶ
2192 2341 2201 2359 ,
2233 2314 2372 2362 ἀγαπᾷς
2402 2326 2443 2360 με

1418 2371 1523 2410 πλέον
1541 2372 1690 2421 τούτων;
1710 2373 1814 2426 Λέγει
1830 2375 1940 2425 αὐτῷ·
1962 2373 2018 2413 ναὶ
2032 2402 2042 2420 ,
2064 2372 2193 2424 Κύριε,
2221 2371 2260 2410 σὺ
2280 2365 2373 2414 οἶδας
2393 2369 2445 2407 ὅτι

1421 2436 1510 2486 φιλῶ
1533 2451 1581 2473 σε.
1605 2435 1710 2486 Λέγει
1741 2438 1834 2487 αὐτῷ
1849 2451 1856 2458 ·
1878 2434 1991 2472 Βόσκε
2020 2434 2064 2472 τὰ
2091 2432 2252 2487 πρόῧατά
2276 2447 2352 2483 μου.
2376 2431 2446 2469 Καὶ

1420 2495 1454 2533 τί
1471 2496 1596 2543 δήποτε
1609 2528 1618 2544 ,
1637 2497 1715 2541 τοὺς
1733 2498 1857 2540 ἄλλους
1876 2495 2130 2549 παραδραμὼν,
2145 2494 2257 2546 τούτῳ
2275 2493 2355 2546 περὶ
2370 2493 2447 2531 τού-

1421 2573 1489 2595 των
1520 2557 1737 2610 διαλέγεται;
1765 2557 1953 2610 ’Έκκριτος
1982 2551 2023 2603 ἦν
2045 2573 2113 2594 των
2144 2555 2359 2601 ἀποστόλων,
2389 2569 2449 2591 και

328 2654 354 2675 c
346 2632 398 2675 et
419 2632 527 2660 cutus
546 2622 644 2658 illius
663 2629 792 2672 caput:
810 2618 888 2655 ideo
912 2618 1041 2655 Ρ1111115
1063 2632 1134 2670 piae
1156 2616 1235 2654 aliis
1258 2616 1352 2653 hunc
1378 2629 1401 2659 Ε
1424 2634 1537 2668 στομα
1551 2635 1619 2657 των
1638 2622 1815 2670 μαΟητων,
1830 2635 1890 2657 και
1907 2617 2039 2670 κορυφὴ
2057 2633 2116 2656 του
2134 2632 2257 2669 χορου
2279 2615 2335 2653 διὰ
2350 2619 2450 2653 τοῦτο

367 2683 508 2720 xis-urus
532 2682 639 2720 unit.
664 2679 783 2718 Simul
801 2679 986 2716 ostendeus
1008 2678 1037 2715 ei
1042 2686 1226 2730 ,opor'teic
1247 2676 1350 2714 dein-

367 2759 446 2795 ceps
481 2743 599 2791 fidere,
631 2742 731 2794 quasi
765 2741 898 2779 abolita
929 2740 1129 2792 negatione,
1149 2739 1301 2776 fratrum
1321 2738 1352 2776 ei

1423 2696 1482 2718 και
1507 2682 1642 2723 Παυλος
1664 2681 1770 2727 ἀνέὸη
1791 2680 1869 2719 τότε
1900 2681 2002 2718 αὐτὸν
2031 2683 2213 2731 ἱστορησαι
2244 2676 2342 2729 παρὰ
2373 2691 2451 2719 τους

1425 2742 1559 2784 ἄλλους.
1581 2741 1673 2792 Ἅμα
1704 2741 1739 2779 δὲ
1764 2741 1823 2779 καὶ
1854 2739 1984 2784 δεικνὺς
2007 2742 2112 2792 αὐτῷ,
2133 2739 2185 2777 ὅτι
2213 2738 2282 2790 χρὴ
2314 2739 2450 2788 Οαῤῥεῖν

1423 2803 1556 2850 λοιπὸν,
1583 2805 1628 2845 ὡς
1655 2805 1716 2848 τῆς
1738 2802 1914 2855 ἀρνήσεως
1937 2801 2213 2851 ἐξεληλαμένης,
2234 2797 2453 2850 1ἐ-Ξγγέιρίζε-

1424 2880 1481 2901 ται
1501 2863 1563 2910 τὴν
1577 2863 1793 2916 προστασίαν
1809 2866 1878 2901 τῶν
1900 2863 2069 2914 ἀδελφῶν.
2092 2861 2161 2899 Καὶ
2180 2861 2241 2908 τὴν
2265 2859 2326 2911 μὲν
2348 2859 2455 2912 ἄρνη-

1426 2940 1478 2962 σιν
1498 2927 1535 2963 οὐ
1555 2924 1750 2977 προφέρει,·
1765 2923 1840 2962 οὐδὲ
1860 2923 2014 2967 ὀνειδίζει
2033 2922 2072 2960 τὸ
2097 2921 2234 2974 γεγονός
2251 2937 2258 2944 ·
2278 2920 2372 2971 λέγει
2395 2918 2454 2966 δὲ,

1425 2985 1477 3023 ὅτι
1494 2987 1523 3023 εἷ
1540 2987 1648 3037 φιλεῖς
1668 3001 1726 3036 με,
1745 2983 1937 3038 προίστασο
1952 2987 2019 3022 τῶν
2041 2984 2211 3035 ἀδελφῶν,
2229 2981 2288 3020 καὶ
2302 2981 2364 3027 τὴν
2379 2984 2453 3032 Οερ-

1428 3045 1496 3097 μὴν
1525 3046 1677 3098 ἀγάπην,
1695 3046 1737 3092 ἢν
1770 3045 1827 3083 διὰ
1856 3045 1996 3083 πάντων
2018 3043 2250 3090 ἐπεδείκνυσο,
2271 3057 2331 3079 και
2358 3041 2410 3092 ἐφ’
2432 3032 2456 3089 ἧ

366 3128 473 3164 quam
507 3122 536 3149 te
570 3124 634 3163 pio
662 3124 716 3147 mc
745 3109 913 3146 datiuum
940 3124 1014 3147 esse
1038 3110 1199 3159 dicebas,
1223 3109 1268 3147 da
1290 3124 1353 3162 pto
1369 3125 1448 3156 526⁷]
1431 3107 1656 3159 ἧγαλλιάσω,
1679 3112 1736 3145 νῦν
1758 3106 1876 3153 δεῖξον,
1894 3121 1952 3143 και
1969 3121 2031 3152 την
2048 3103 2176 3157 ψυχὴν,
2196 3103 2237 3149 ην
2257 3102 2371 3153 ἔλεγες
2391 3100 2456 3147 οη-

367 3176 496 3214 ovibus
516 3174 616 3211 meis.
634 3175 723 3210 Cum
746 3172 766 3208 i
759 3172 854 3223 gitui
875 3172 981 3209 senul
1001 3182 1032 3209 et
1053 3172 1180 3210 iurum
1202 3173 1353 3210 inteiro-
1381 3177 1406 3205 Α
1429 3184 1498 3206 σειν
1528 3168 1615 3221 υπὲρ
1644 3170 1748 3218 ἔνιοῦ,
1782 3166 1911 3213 ταύτην
1941 3165 2028 3218 υπερ
2051 3181 2118 3203 τιον
2136 3162 2321 3215 προόατων
2343 3161 2458 3204 ἐπίοος

368 3248 482 3289 gatus,
516 3237 620 3274 illum
650 3236 781 3288 ipsum,
805 3234 865 3285 qui
884 3243 1013 3272 secreta
1036 3235 1154 3272 cordis
1180 3235 1294 3285 novit,
1317 3235 1352 3273 in

415 3361 429 3383 ⁸³
455 3359 512 3390 Alii
535 3364 688 3402 &amsii-‘it

1428 3239 1496 3274 τῶν
1524 3238 1629 3286 ἐμων.
1653 3234 1755 3273 Επεὶ
1784 3237 1842 3272 οὖν
1864 3233 1954 3278 ἅπαξ
1976 3232 2182 3285 αέρωτηΟεὶς
2208 3247 2267 3269 και
2288 3229 2458 3281 δεύτερον,

1487 3360 1499 3374 ‘¹
1525 3349 1583 3381 Alii
1602 3353 1805 3394 ἐπερωτηθείς.
