2481 3678
290 206 381 268 574
715 222 754 252 s.
791 221 975 253 somnis
1011 222 1260 253 cnursosr.

1302 221 1416 251 Anci]
1426 222 1514 251 1151‘.
1552 221 1635 251 CON
1644 223 1913 254 STANTtNOP.

286 302 410 340 salutis
427 301 592 355 cupidus,
608 312 645 341 ut
656 303 903 355 improborum
919 317 979 342 ora
994 304 1203 354 obstrueret,
1217 302 1266 340 ni·
1295 305 1316 335 Β
1339 302 1514 355 σωτηρίας
1532 302 1722 354 κηδόμενος
1735 334 1744 351 ,
1759 304 1819 342 καὶ
1837 307 1905 343 τῶν
1920 305 2130 358 ἀγνωμόνων
2145 307 2189 345 τὰ
2205 307 2363 357 στόματα

286 363 338 400 hil
350 363 480 401 omittit
498 378 620 402 eorum
637 379 714 415 quae
724 363 892 402 adhibere
912 380 976 417 par
995 374 1081 413 erat,
1092 365 1156 403 etsi
1169 378 1271 402 nemo

86 421 271 454 Psa1.50.6.
286 426 317 463 ei
331 425 539 464 attenderet.
562 427 638 465 Hoc
666 426 793 465 videns
827 427 999 478 propheta
1030 426 1197 464 dicebat:
1221 428 1270 464 Ut

164 984 178 1000 V
185 994 191 1001 0

78 1837 166 1864 Joun.

178 1836 264 1874 5³4·

207 973 257 1003 32.

277 488 504 540 justificeris
518 490 559 524 in
574 490 914 533 sermonihascuis‚
945 496 982 524 et
1016 490 1156 526 vincas
1183 502 1270 526 cum

277 550 483 601 judicaris.
503 548 586 586 Ideo
606 562 710 596 nune,
732 548 815 598 quia
849 549 1039 587 verborum
1071 549 1271 588 sublimita-

285 618 355 646 tem
386 623 454 646 non
484 609 685 661 capiebant,
719 608 779 646 sed
803 609 910 647 etiam
938 609 1195 648 daemoniacum
1228 610 1271 648 il-

283 669 360 707 lum
378 670 565 717 vocabant,
587 679 692 721 atque
714 670 910 708 interficere
926 671 1121 721 tentabant,
1143 685 1161 709 e
1182 682 1270 710 tem-

283 730 344 781 plo
365 744 536 781 egressus,
554 744 686 768 caecum
706 740 816 779 sanat,
836 741 875 769 ut
893 741 927 769 et
940 731 1096 770 absentia
1113 746 1176 769 sua
1191 732 1269 771 illo-

282 804 364 827 rum
382 791 538 829 furorem
552 790 703 841 sedaret,
725 800 758 828 et
779 792 879 842 signo
896 793 988 830 facto
1003 792 1172 830 duritiem
1189 793 1269 831 illo-

283 864 363 888 rum
382 851 710 902 immanitatemque
731 852 918 903 emolliret,
948 868 988 891 ac
1018 852 1127 890 fidem
1160 853 1266 892 dictis

283 912 485 950 conciliaret
492 927 503 961 ;
525 913 736 964 signumque
749 912 822 950 edit
838 927 906 952 non
921 914 1081 965 vulgare,
1096 914 1156 952 sed
1169 915 1267 966 quod

285 982 368 1011 tunc
389 975 547 1026 primum
572 974 690 1013 visum
724 975 850 1012 fuerat.
885 975 928 1013 A
958 978 1114 1024 saeculo,
1138 977 1267 1027 inquit,

283 1049 361 1072 non
377 1044 431 1072 est
459 1037 649 1081 auditum,
680 1037 785 1088 quod
809 1039 999 1086 aperuerit
1026 1039 1111 1088 quis
1136 1038 1268 1075 oculos

281 1099 374 1134 caeci
394 1099 488 1134 nati.
508 1097 598 1134 Caeci
619 1097 714 1134 enim
736 1096 858 1134 oeulos
876 1097 965 1133 forte
981 1097 1061 1146 quis
1072 1098 1266 1148 aperuerit,

281 1157 364 1194 caeci
386 1156 471 1205 nati,
488 1171 556 1194 non
577 1157 672 1195 item.
690 1158 739 1194 Ac
753 1156 851 1207 quod
868 1171 1030 1208 egressus
1048 1159 1209 1210 etemplo
1221 1159 1267 1196 ad

279 1218 348 1255 hoe
368 1217 450 1255 data
471 1232 578 1269 opera
608 1217 757 1267 venerit,
796 1217 879 1256 inde
908 1218 1026 1269 palam
1065 1228 1131 1269 est,
1168 1219 1267 1270 quod

283 1280 359 1331 ipse
380 1294 510 1317 caecum
530 1278 673 1328 viderit,
693 1293 804 1317 caecus
818 1294 902 1318 vero
920 1280 965 1318 ad
980 1280 1099 1332 ipsum
1119 1295 1188 1319 non
1206 1296 1265 1321 ve-

279 1340 381 1377 nerit.
406 1340 453 1377 Et
467 1349 541 1377 tam
561 1339 749 1391 diligenter
769 1340 873 1377 illum
893 1339 1042 1379 intuitus
1072 1350 1135 1390 est,
1163 1351 1201 1379 ut
1228 1342 1267 1380 id

281 1400 449 1452 discipuli
464 1400 700 1449 adverterent,
724 1409 757 1438 et
776 1400 822 1438 ad
838 1400 1128 1453 interrogandum
1156 1401 1263 1440 indu-

282 1471 456 1500 cerentur.
480 1461 653 1502 Videntes
673 1462 769 1499 enim
787 1476 868 1499 eum
883 1462 1040 1501 studiose
1050 1463 1267 1515 conspicien-

278 1532 361 1572 tem,
373 1523 678 1573 interrogaverunt
688 1537 767 1560 eum
782 1537 789 1558 :
809 1524 901 1572 Quis
905 1526 1093 1574 peccavit,
1108 1525 1183 1570 liic,
1198 1532 1266 1562 aut

276 1595 456 1637 parentes
473 1588 576 1638 ejus?
598 1585 703 1623 Falso
725 1585 809 1623 nixa
835 1585 1073 1637 interrogatio.
1104 1588 1263 1634 Quomo-

281 1646 328 1684 do
344 1647 438 1684 enim
454 1655 629 1698 peccasset
645 1655 831 1696 antequam
846 1648 1073 1685 nasceretur?
1088 1648 1265 1698 quomodo

279 1707 325 1744 ob
338 1715 524 1758 parentum
538 1715 720 1758 peccatum
731 1706 790 1743 hic
800 1706 945 1758 punitus
953 1708 1065 1745 esset?
1097 1708 1264 1747 )uom0do

281 1781 365 1819 ergo
383 1767 429 1805 ad
456 1768 547 1805 lianc
563 1777 737 1806 venerunt
755 1767 1089 1819 interrogationem?
1107 1770 1265 1809 Antehac

280 1844 360 1868 eum
373 1829 612 1882 paralyticum
631 1828 784 1879 sanavit,
805 1828 900 1866 dixit
924 1844 931 1864 :
952 1831 1054 1867 Ecce
1069 1834 1263 1885 sanzcsfa-

279 1901 362 1929 clus
392 1905 453 1936 ως
474 1892 557 1927 noli
585 1890 752 1940 amplius
770 1903 943 1941 peccare.
975 1890 1153 1942 Discipuli
1181 1907 1264 1945 ergo

279 1951 538 1989 considerantes
557 1951 661 1988 illum
679 1959 822 2003 propter
846 1960 1028 2002 peecatum
1053 1952 1089 1990 in
1120 1955 1262 2007 paraly-

277 2013 331 2051 sin
352 2012 530 2061 incidisse,
561 2012 712 2050 dicunt:
742 2012 840 2061 Esto,
869 2012 929 2049 ille
958 2023 1102 2065 propter
1120 2025 1275 2066 peecata‘

278 2075 313 2111 in
337 2073 517 2126 paralysin
540 2073 721 2122 inciderit,
743 2073 787 2110 de
807 2073 873 2111 hoc
884 2073 971 2123 quid
995 2073 1157 2113 dixeris?
1175 2091 1262 2116 num

278 2136 336 2173 liic
357 2135 544 2188 peccavit?
566 2136 705 2174 Verum
726 2134 762 2171 id
777 2134 848 2172 dici
868 2135 991 2184 nequit
1008 2151 1015 2171 :
1038 2150 1121 2173 nam
1142 2151 1161 2175 a
1194 2152 1259 2176 na-

276 2197 414 2234 tivitate
433 2211 546 2234 caecus
563 2205 628 2234 est.
648 2196 741 2234 Num
770 2196 860 2233 sorte
881 2206 1041 2247 parentes
1058 2198 1158 2249 ejus?
1186 2201 1258 2238 Ne-

276 2272 344 2308 que
364 2258 430 2294 hoc
448 2257 518 2294 diei
532 2265 647 2308 potest
665 2272 672 2292 :
690 2256 787 2293 filius
809 2256 903 2293 enim
917 2270 981 2308 pro
1001 2267 1101 2308 patre
1116 2272 1184 2297 non
1199 2260 1262 2299 dat

275 2332 409 2369 poenas.
430 2319 480 2355 Ut
497 2330 581 2367 ergo
613 2330 765 2368 puerum
798 2315 921 2353 morbo
954 2316 1174 2356 laborantem
1202 2320 1260 2358 vi-

275 2378 397 2416 dentes
417 2378 570 2415 dicimus
587 2393 594 2413 :
617 2376 718 2424 Quid
736 2375 861 2413 dehoc
880 2376 1089 2426 dicendum,
1107 2379 1194 2429 quid
1214 2382 1261 2418 se-

277 2439 324 2476 eit
340 2439 399 2476 hic
415 2438 526 2489 puer?
540 2451 607 2475 non
628 2436 800 2487 rogando,
822 2435 883 2473 sed
901 2436 1121 2477 dubitando:
1138 2441 1188 2478 sie
1206 2440 1261 2478 di-

278 2499 405 2550 scipuli
426 2513 493 2536 non
504 2508 577 2536 tam
597 2496 846 2547 interrogando
866 2510 975 2547 quam
989 2498 1201 2551 dubitando,
1223 2501 1262 2541 id

278 2559 454 2596 dicebant.
476 2558 574 2606 Quid
588 2572 670 2609 ergo
686 2558 874 2594 Christus?
895 2559 930 2595 5.
952 2559 1085 2611 ,Neque
1101 2563 1164 2598 hic
1173 2576 1260 2614 pec-

279 2623 396 2665 cavit,
417 2634 538 2672 neque
550 2628 728 2671 parentes
751 2620 845 2671 ejus.
866 2620 975 2666 Quod
1004 2633 1072 2659 non
1092 2622 1192 2672 dicit,
1222 2635 1260 2663 is't

280 2694 338 2717 eos
357 2694 498 2731 prorsus
513 2679 665 2731 peccatis
692 2679 823 2716 liberos
843 2679 976 2717 indicet
1001 2684 1139 2732 (neque
1167 2684 1261 2724 enim

283 2740 492 2792 simpliciter
504 2740 610 2788 dixit,
622 2742 756 2791 Neque
772 2741 834 2777 hic
847 2744 1035 2791 peccavit,
1056 2757 1180 2795 neque
1188 2759 1260 2797 pa·-

281 2810 406 2839 rentes
428 2803 532 2852 ejus;
547 2800 605 2837 scd
622 2800 761 2838 addidit
778 2816 786 2837 ε
803 2801 852 2838 Ut
876 2815 986 2840 caecus
1018 2811 1256 2856 nasceretur),

1339 363 1512 416 ἐμφράξαι
1532 363 1652 411 θέλων,
1673 363 1770 402 οὐδὲν
1789 368 1857 403 τῶν
1883 369 1930 410 εἰς
1949 367 2050 405 αὐτὸν
2070 366 2223 413 ἡκόντων
2243 383 2363 420 παρα-

1342 424 1529 476 λιμποίνει,
1549 425 1613 463 κᾶν
1632 426 1752 476 μηδεὶς
1778 430 1795 464 ὁ
1823 428 2004 480 προσέχων
2025 423 2060 480 ἦ.
2077 430 2191 466 Τοῦτο
2209 432 2286 479 γοῦν
2306 428 2364 466 καὶ

1343 491 1361 526 ὁ
1381 488 1559 541 προφήτης
1579 487 1676 532 εἰδὼς
1692 488 1806 540 ἔλεγεν
1821 505 1828 512 ·
1844 488 1970 534 εΌπως
1992 489 2030 527 ἂν
2049 491 2235 541 δικαιωθῇς
2249 492 2282 528 ἐν
2296 495 2365 532 τοῖς

1342 548 1455 599 λόγοις
1482 564 1562 597 σου,
1591 549 1649 587 καὶ
1673 550 1818 602 νικήσῃς
1839 551 1872 587 ἐν
1894 553 1944 603 τῷ
1962 550 2139 604 κρίνεσθαί
2158 567 2206 589 σε.
2237 549 2304 588 Διὰ
2322 549 2364 597 δὴ

1342 613 1443 648 τοῦτο
1468 609 1527 647 καὶ
1546 613 1692 648 ἐνταῦθα
1704 642 1713 659 ,
1733 611 1851 658 ἐπειδὴ
1867 612 1907 650 τὸ
1927 614 1995 650 τῶν
2015 611 2126 663 λόγων
2152 612 2281 664 ὑψηλὸν
2304 614 2365 650 οὒκ

1343 669 1517 719 ἐδέξαντο,
1537 671 1626 710 ἀλλὰ
1646 672 1944 723 καὶ“δαιμονῶντα
1964 673 2144 720 ἐκάλεσαν,
2160 673 2219 711 καὶ
2234 675 2364 712 ἀνελεῖν

1344 731 1553 784 ἐπεχείρουν,
1580 732 1722 776 ἐξελθὼν
1746 736 1784 771 ἐκ
1814 738 1874 772 τοῦ
1902 737 2004 786 ἱεροῦ,
2024 733 2205 787 θεραπεύει
2224 734 2364 785 τυφλὸν,

1340 796 1383 844 τῇ
1410 809 1448 831 τε
1470 794 1619 846 ἀπουσίᾳ
1642 795 1700 833 τὸν
1730 795 1835 846 θυμὸν
1860 795 2191 847 παραμυθούμενος,
2217 795 2276 833 καὶ
2308 795 2365 834 διὰ

1340 858 1402 901 τῆς
1423 854 1587 906 ἐργασίας
1604 860 1664 894 τοῦ
1684 856 1828 907 σημείου
1846 858 1885 895 τὸ
1900 857 2049 910 σκληρὸν
2067 859 2177 895 αὐτῶν
2199 857 2257 894 καὶ
2274 860 2363 904 ἀπη-

1339 914 1393 957 νὲς
1415 916 1711 966 καταμαλάσσων,
1727 917 1786 955 καὶ
1802 917 1846 955 τὰ
1862 917 2028 971 εἰρημένα
2041 917 2284 970 πιστούμενος·
2304 918 2365 956 καὶ

1290 981 1314 1011 C
1340 981 1431 1013 ποιεῖ
1446 982 1602 1026 σημεῖον,
1618 979 1654 1015 οὐ
1669 978 1708 1015 τὸ
1723 979 1841 1030 τυχὸν,
1859 979 1949 1017 ἀλλὰ
1964 979 2041 1018 τότε
2057 982 2194 1032 πρῶτον
2212 979 2363 1030 συμὸάν.

1340 1037 1424 1074 Ἀπὸ
1441 1037 1509 1089 γὰρ
1526 1042 1586 1075 τοῦ
1608 1041 1729 1082 αἰῶνος
1741 1070 1750 1087 ,
1771 1039 1887 1091 φησὶν,
1907 1042 1970 1078 οὐκ
1987 1040 2159 1087 ἠκούσθη,
2179 1040 2232 1078 ὅτι
2251 1039 2364 1086 ἧνοιξέ

1339 1112 1391 1140 τις
1412 1098 1608 1148 ὀφθαλμοὺς
1626 1100 1755 1150 τυφλοῦ
1771 1100 2032 1152 γεγεννημένου.
2052 1103 2192 1152 Τυφλοῦ
2214 1100 2275 1151 μὲν
2295 1101 2363 1152 γὰρ

1340 1156 1422 1199 ἴσως
1445 1157 1560 1203 ἥνοιξέ
1583 1174 1636 1202 τις
1652 1174 1660 1181 ·
1683 1160 1930 1211 γεγεννημένου
1959 1160 2013 1208 δὲ,
2040 1163 2101 1199 οὐκ
2133 1162 2195 1199 ἔτι.
2218 1162 2289 1199 Καὶ
2310 1161 2364 1200 ὅτι

1339 1216 1481 1261 ἐξελθὼν
1509 1220 1548 1256 ἐκ
1566 1223 1625 1256 τοῦ
1656 1222 1765 1270 ἱεροῦ,
1787 1220 1845 1258 ἐπὶ
1869 1221 1908 1259 τὸ
1934 1220 2031 1273 ἔργον
2064 1216 2166 1267 ἦλθεν
2185 1221 2362 1270 ἐπίτηδες,

1340 1278 1443 1324 δῆλον
1460 1280 1587 1317 ἐκεῖθεν
1604 1295 1611 1302 ·
1632 1279 1732 1323 αὐτὸς
1751 1279 1819 1333 γὰρ
1848 1273 1916 1318 εἶδε
1934 1281 1991 1319 τὸν
2013 1281 2151 1333 τυφλὸν,
2172 1284 2236 1334 οὐχ
2262 1285 2279 1319 ὁ
2305 1298 2363 1319 τυ-

1340 1339 1422 1391 φλὸς
1445 1342 1733 1393 αὐτῷαπροσῆλθε
1748 1357 1755 1364 ·
1776 1341 1835 1379 καὶ
1850 1340 1940 1380 οὕτω
1955 1342 2148 1385 σπουδαίως
2165 1343 2364 1394 ἀνέὸλεψεν,

1339 1404 1386 1445 ὡς
1407 1401 1466 1440 καὶ
1492 1408 1563 1445 τοῖς
1583 1406 1754 1453 μαθηταῖς
1775 1402 1933 1449 αἴσθησιν
1956 1408 2164 1455 παρασχεῖν,
2182 1403 2265 1441 Ἀπὸ
2284 1403 2362 1442 τού-

1338 1478 1398 1501 του
1418 1468 1496 1515 γοῧν
1518 1463 1578 1501 καὶ
1598 1463 1655 1502 ἐπὶ
1673 1463 1735 1511 τὴν
1761 1462 1930 1515 ἐρώτησιν
1957 1458 2074 1510 ἦλθον.
2095 1463 2268 1517 εΟρῶντες
2295 1465 2362 1517 γὰρ

1340 1525 1440 1563 αὐτὸν
1460 1524 1655 1568 σπουδαίως
1676 1524 1911 1577 προσέχοντα,
1938 1525 2166 1563 ἐπυνθάνοντο
2185 1526 2340 1576 λέγοντες
2354 1541 2362 1548 ·

1338 1584 1404 1628 Τίς
1424 1585 1593 1638 ἥμαρτεν,
1616 1579 1732 1633 οὗτος,
1753 1585 1775 1631 ἢ
1801 1587 1832 1624 οἱ
1858 1592 1967 1637 γονεῖς
1989 1588 2114 1633 αὐτοῦ,
2134 1586 2360 1638 Ὲσφαλμένη

1337 1649 1359 1693 ἡ
1382 1645 1560 1699 ἐρώτησις.
1577 1648 1660 1690 Πῶς
1674 1646 1743 1699 γὰρ
1762 1646 1801 1684 ἂν
1815 1646 1966 1699 ἥμαρτε,
2000 1647 2080 1698 πρὶν
2096 1646 2118 1693 ἢ
2134 1650 2359 1698 γεννηθῆναι;

1337 1710 1411 1752 πῶς
1433 1707 1488 1755 δὲ,
1507 1711 1576 1745 τῶν
1592 1707 1718 1759 γονέων
1735 1709 1975 1762 ἁμαρτόντων,
1990 1708 2090 1751 αὐτὸς
2111 1707 2150 1745 ἂν
2170 1707 2360 1755 ἐκολάσοη;

1337 1768 1449 1807 Πόθεν
1467 1762 1524 1806 οὖν
1539 1763 1643 1815 ἦλθον
1664 1769 1722 1806 ἐπὶ
1742 1767 1806 1815 τὴν
1826 1768 1995 1820 ἐρώτησιν
2016 1768 2167 1815 ταύτην,
2190 1768 2266 1820 Πρὸ
2285 1769 2362 1807 τού-

1336 1844 1395 1867 του
1409 1828 1466 1867 τὸν
1480 1829 1762 1883 παραλελυμένον
1778 1829 1990 1881 θεραπεύων,
2006 1828 2122 1880 ἔλεγεν
2135 1844 2142 1851 ·
2161 1828 2250 1867 Ἰδοὺ
2263 1829 2360 1881 ὑγιὴς

1335 1889 1489 1942 γέγονας·
1508 1889 1635 1942 μηκέτι
1655 1890 1847 1944 ἁμάρτανε.
1865 1884 1974 1928 Οἷτοι
1992 1889 2105 1927 τοίνυν
2126 1890 2359 1937 ἐννοήσαντες,

1335 1950 1388 1990 ὅτι
1409 1953 1534 1996 ἐκεῖνος
1555 1953 1598 1988 δι’
1619 1950 1793 2004 ἁμαρτίας
1811 1950 2012 2002 παρελύθη,
2045 1949 2203 2001 λέγουσιν
2218 1965 2226 1973 ·
2251 1950 2359 1998 ἔστω,

1336 2014 1462 2056 ἐκεῖνος
1484 2013 1526 2049 δι’
1540 2011 1781 2064 ἁμαρτήματα
1801 2011 1978 2064 παρελύθη
1990 2026 1997 2033 ·
2012 2016 2026 2031 ³
2040 2010 2120 2063 περὶ
2134 2010 2252 2048 τούτου
2270 2011 2305 2049 δὲ
2324 2011 2359 2049 τί

1335 2073 1374 2111 ἂν
1402 2073 1526 2121 εἴποις,
1550 2067 1645 2116 οὗτος
1667 2072 1844 2124 ἥμαρτεν,
1865 2072 1956 2111 Ἀλλ’
1977 2074 2038 2110 οὐκ
2061 2072 2153 2110 ἔστιν
2176 2074 2302 2110 εἰπεῖν’
2319 2074 2358 2110 ἐκ

1334 2139 1474 2187 γενετῆς
1495 2134 1564 2186 γάρ
1590 2137 1663 2172 ἐστι
1683 2133 1819 2186 τυφλός.
1834 2133 1924 2172 Ἀλλ’
1945 2134 1977 2172 οἱ
1995 2139 2104 2185 γονεῖς
2127 2135 2250 2181 αὖτοῧ;
2266 2133 2358 2172 Ἀλλ’

1333 2195 1411 2235 οὐδὲ
1431 2199 1544 2233 τοῦτο.
1574 2197 1667 2238 Παῖς
1686 2194 1753 2247 γὰρ
1779 2193 1866 2246 ὑπὲρ
1884 2194 2016 2246 πατρὸς
2037 2195 2074 2232 οὗ
2098 2194 2217 2233 δίδωσι
2245 2194 2361 2242 δίκην.

1332 2256 1473 2308 αΩσπερ
1499 2249 1557 2294 οὗν
1584 2255 1719 2293 παιδίον
1742 2254 1956 2306 κακούμενον
1977 2258 2122 2307 ὁρῶντες
2138 2255 2283 2306 λέγομεν
2298 2271 2306 2278 ·
2323 2254 2359 2293 τί

1334 2318 1376 2356 ἄν
1396 2333 1448 2360 τις
1468 2316 1559 2355 εἴποι
1579 2316 1658 2367 περὶ
1678 2315 1823 2365 τούτου,
1844 2315 1879 2353 τί
1897 2315 2037 2362 ἐποίησε
2054 2315 2093 2353 τὸ
2113 2315 2250 2354 παιδίον
2266 2332 2276 2363 ;
2295 2317 2357 2354 οὐκ

1335 2380 1530 2432 ἐρωτῶντες
1541 2408 1551 2425 ,
1566 2376 1656 2414 ἀλλὰ
1674 2379 1916 2429 διαποροῦντες
1927 2391 1934 2399 ·
1953 2376 2041 2414 οὕτω
2061 2376 2102 2422 δὴ
2119 2376 2179 2414 καὶ
2197 2377 2228 2415 οἱ
2245 2381 2357 2427 μαθη-

1285 2447 1310 2478 Ε
1333 2439 1391 2477 ταὶ
1428 2440 1465 2476 οὗ
1491 2441 1652 2476 τοσοῦτον
1684 2439 1878 2490 ἐρωτῶντες
1898 2441 1998 2475 τοῦτο
2018 2437 2148 2488 ἔλεγον,
2175 2439 2251 2475 ἀλλ’
2270 2441 2356 2475 ἀπο-

1336 2502 1485 2553 ροῦντες.
1504 2498 1551 2536 Τί
1577 2493 1632 2536 οὖν
1649 2501 1666 2536 ὁ
1681 2496 1849 2550 Χριστός;
1865 2496 1959 2535 Οὔτε
1979 2493 2075 2541 οὗτος
2093 2497 2264 2549 ἥμαρτεν,
2280 2498 2356 2537 οὔτε

1334 2563 1366 2599 οἱ
1390 2565 1500 2612 γονεῖς
1532 2561 1646 2598 αὐτοῦ.
1670 2560 1781 2597 Τοῦτο
1805 2557 1840 2596 δὲ
1870 2561 1934 2611 οὐχ
1958 2559 2224 2611 ἁμαρτημάτων
2244 2562 2356 2598 ἀπαλ-

1332 2621 1467 2660 λάττων
1483 2620 1602 2664 αὐτούς
1621 2635 1724 2671 φησιν
1758 2618 1811 2670 (οὐ
1825 2618 1892 2671 γὰρ
1908 2621 2026 2663 ἁπλῶς
2052 2613 2158 2668 εἶπεν,
2180 2620 2274 2659 Οὔτε
2294 2616 2355 2659 0⁹5—

1305 2672 1307 2675 ¹
1333 2698 1390 2726 ’.ος
1416 2683 1585 2733 ἥμαρτεν,
1611 2682 1689 2720 οὔτε
1708 2683 1739 2720 οἱ
1759 2687 1867 2733 γονεῖς
1888 2683 2008 2720 αὐτοῦ·
2031 2680 2047 2701 ¹'
2060 2682 2136 2719 ἀλλ’
2158 2682 2332 2734 ἐπήγαγεν
2348 2699 2355 2707 ·

1334 2744 1360 2782 ἵν
1410 2743 1535 2795 τυφλὸς
1555 2746 1743 2794 γεννηθῇ),
1768 2744 1844 2780 ἀλλ’
1878 2742 1934 2779 ἵνα
1962 2741 2108 2792 δοξασθῇ
2137 2746 2156 2780 ὃ
2184 2744 2266 2787 Υἱὸς
2296 2748 2354 2782 τοῦ

1330 2807 1437 2843 (ποῦ.
1455 2803 1622 2855 <Ἠμοιρτε
1642 2802 1704 2852 μὲν
1731 2801 1798 2855 γὰρ
1817 2801 1876 2839 καὶ
1898 2796 1994 2844 οὗτος
2006 2831 2015 2849 ,
2039 2803 2098 2840 καὶ
2115 2805 2146 2840 οἱ
2160 2809 2269 2854 γονεῖς
2287 2805 2353 2841 αὖ-

282 2861 345 2898 scd
368 2869 406 2897 ut
424 2859 643 2910 glorificetur
670 2861 782 2898 Filius
802 2861 882 2898 Dei.
922 2863 1086 2902 Peccavit
1111 2878 1261 2917 namque
1273 2897 1322 2923 ⁸27
1335 2869 1414 2903 τοῦ·
1435 2865 1510 2903 ἀλλ’
1539 2865 1601 2900 οὐκ
1626 2866 1791 2910 ἐντεῦθεν,
1815 2863 1932 2914 φησὶν,
1952 2865 1974 2908 ἡ
1997 2863 2165 2913 πήρωσις.
2179 2866 2302 2902 Ταῦτα
2319 2861 2354 2902 ’δὲ

282 2921 341 2958 liic
362 2929 394 2958 et
415 2928 578 2971 parentes
598 2920 672 2971 ejus
690 2935 697 2955 ε
717 2919 777 2957 scd
796 2934 863 2958 non
884 2921 966 2959 inde
990 2923 1125 2961 caecitas
1147 2926 1257 2965 venit.
1286 2935 1311 2964 Α
1336 2926 1463 2976 ἔλεγεν,
1491 2925 1527 2961 οὗ
1542 2928 1642 2961 τοῦτο
1663 2921 1852 2974 ἐμφαίνων,
1879 2922 1932 2960 ὅτι
1951 2917 2047 2966 οὗτος
2067 2923 2128 2974 μὲν
2144 2925 2209 2976 οὐχ
2227 2924 2355 2974 Οὕτως,

282 2982 368 3019 Haec
396 2994 501 3033 porro
517 2979 617 3028 dicit,
638 2994 708 3018 non
723 2990 761 3017 ut
775 2981 956 3032 indicaret,
978 2997 1046 3021 non
1063 2984 1159 3023 hunc
1179 2987 1260 3037 qui-

281 3042 377 3092 dem,
399 3040 461 3079 sed
475 3040 562 3077 alios
577 3039 634 3077 his
656 3040 699 3077 de
713 3041 827 3078 causis
846 3056 952 3079 caecos
979 3043 1102 3094 fuisse,
1135 3060 1261 3099 nempe

283 3103 329 3141 oh
348 3110 533 3155 parentum
554 3100 777 3152 iniquitatem
803 3117 810 3137 ε
833 3114 944 3152 neque
961 3104 1056 3142 enim
1074 3106 1174 3155 licet,
1190 3107 1260 3146 alio

325 3228 336 3242 ⁸
362 3216 423 3249 Alii
438 3221 507 3261 περὶ
519 3218 623 3250 τούτου
642 3221 679 3249 τί.

325 3272 340 3294 ¹¹
365 3273 433 3302 ἀλλ’
451 3275 596 3310 ἐπήγαγεν
608 3296 616 3309 ,
631 3272 675 3301 ἵνα
693 3272 799 3312 τυφλὸς
815 3273 946 3312 γεννηθῇ.
969 3270 1066 3312 Atqui
1092 3270 1160 3303 haec
1184 3271 1283 3304 verba

281 3333 441 3364 nusquam
459 3323 492 3353 in
510 3319 688 3363 Evangelio
703 3320 919 3361 reperirintur.
941 3321 1039 3362 [sunt
1056 3333 1091 3353 ea
1110 3322 1209 3354 verba
1232 3323 1283 3354 di-

283 3374 483 3416 scipulorum
504 3375 535 3406 in
564 3383 620 3404 ore
637 3370 783 3413 Magistri
812 3373 961 3413 repetita,
979 3374 1060 3413 Ome
1086 3382 1120 3406 ut
1144 3373 1281 3407 fortasse

1336 2986 1436 3024 ἄλλοι
1454 2983 1492 3022 δέ
1508 2999 1596 3026 τινες
1613 2985 1652 3021 ἐκ
1664 2981 1793 3020 τούτων
1810 2981 2056 3034 ἐτυφλώθησαν
2071 2986 2138 3021 τῶν
2153 2986 2286 3032 αἰτιῶν,
2300 2985 2355 3022 διὰ

1335 3046 1396 3091 τὰς
1420 3048 1488 3084 τῶν
1504 3043 1630 3097 γονέων
1650 3042 1834 3094 ἁμαρτίας.
1855 3042 1947 3081 Οὐδὲ
1962 3042 2029 3096 γὰρ
2045 3043 2116 3092 ἔνι,
2138 3045 2355 3098 ἁμαρτάνον-

1335 3123 1390 3151 τος
1411 3106 1548 3160 ἑτέρου,
1575 3104 1780 3148 κολάζεσθαι
1804 3102 1928 3155 ἕτερον.
1947 3104 2048 3143 ἘπεὶΙ
2069 3107 2098 3142 εἰ
2119 3109 2220 3143 τοῦτο
2248 3104 2354 3144 δώσο-

1351 3220 1515 3263 aptiorem
1532 3217 1642 3251 sedem
1660 3217 1756 3250 alicui
1773 3215 1931 3249 habitura
1942 3217 2351 3260 videanturpostpriorem

1350 3270 1496 3314 responsi
1512 3278 1641 3314 partem
1658 3270 1738 3313 (οὔτε
1754 3275 1779 3304 οὶ
1796 3279 1886 3312 γονεῖς
1902 3273 2004 3309 αὑτοῦ,
2023 3275 2067 3303 ἵνα
2086 3274 2190 3314 τυφλὸς
2205 3276 2350 3314 γεννηθῇ),

1349 3331 1394 3363 at,
1413 3335 1488 3356 cum
1505 3321 1615 3355 Codd.
1635 3319 1668 3353 in
1684 3320 1748 3354 hoc
1764 3319 1881 3353 ordine
1892 3322 2112 3362 consentiant,
2130 3332 2201 3354 non
2215 3321 2275 3354 nisi
2297 3321 2351 3355 di-

1348 3374 1561 3410 stinctionem
1577 3374 1736 3407 orationis
1752 3371 1886 3416 paulum
1917 3373 2146 3416 mutavimus]
