2481 3678
63 569 152 598 Rom.
167 569 248 599 ῐ3.ῐ.

125 1933 248 1961 visendi

60 1981 127 2002 sunt
154 1976 248 2002 incar-

61 2017 162 2044 cerati.

63 2407 247 2445 Escle.7.3.

266 169 356 224 ‘4¹0
741 181 778 211 s.
817 181 996 211 sommis
1031 180 1271 211 cnmsosr.

1315 183 1334 212 Α
1345 183 1516 214 Retulit).
1556 184 1908 215 CONSTANTINOP.

263 270 411 313 ptatenl,
446 261 669 300 saecularium
700 276 816 300 rerum
842 276 997 300 amorem
1025 262 1187 315 abjicies,
1215 273 1249 301 et
1274 269 1297 298 D
1319 264 1481 317 πότερος·
1506 266 1569 304 κᾶν
1589 266 1646 304 τὸν
1672 267 1772 319 ὑγρὸν
1801 268 1860 306 καὶ
1892 268 2135 320 διαλελυμένον
2157 271 2222 313 ζῶν
2255 269 2341 321 βίον,

262 323 454 374 tranquillo
487 323 614 374 quovis
644 333 747 375 portu
784 324 1063 374 tranquilliorem
1093 324 1249 362 animam

263 384 407 422 efficies.
440 386 492 422 De
518 384 656 437 judicio
686 385 748 422 illo
776 384 1104 437 philosophaberis,
1135 394 1248 423 tecum

262 455 428 498 reputans
446 476 456 495 ,
487 445 517 483 si
540 445 636 498 apud
655 446 814 484 homines
835 455 953 484 tantus
983 446 1070 484 ordo
1097 461 1216 484 rerum
1233 475 1246 498 ,

262 517 382 546 tantus
404 517 529 558 terror,
549 516 654 545 tantae
678 507 980 557 comminationes,
1000 508 1113 546 multo
1135 509 1250 560 magis

264 568 360 621 apud
389 570 515 606 Deum.
536 570 663 606 Nulla
690 571 793 606 enim
817 578 988 620 potestas
1014 578 1093 615 est,
1120 572 1194 608 nisi
1225 583 1250 607 a

264 631 362 667 Deo.
382 630 452 676 Qui
486 629 708 681 principibus
727 629 801 667 liaec
830 629 1027 668 ordinanda
1048 630 1249 680 commisit,

264 692 376 729 multo
394 691 508 743 magis
527 691 601 743 ipse
616 701 842 742 exsequetur.

1319 325 1458 371 πάντως
1477 326 1539 378 ἔσῃ
1560 327 1834 382 φιλοσοφώτερος
1846 360 1855 377 ,
1871 329 1915 367 τὰ
1935 329 2134 381 ἀνθρώπινα
2149 331 2343 382 πράγματα

1321 387 1378 426 ἐπὶ
1407 395 1482 432 ταῖς
1512 389 1710 442 ἀλλοτρίαις
1736 392 1934 429 ἐπισκοπῶν
1964 397 2167 443 συμφοραῖς.
2186 390 2255 428 Καὶ
2276 391 2342 443 γὰρ

1319 451 1382 495 τῆς
1411 450 1558 504 φοὸερᾶς
1587 450 1718 498 ἐκείνης
1743 451 1877 504 ἡμέρας
1901 450 2032 489 ἔννοιαν
2059 452 2153 504 λήψῃ
2181 452 2343 500 πάντως,

1320 511 1379 549 καὶ
1399 515 1467 550 τῶν
1489 512 1656 550 ποικίλων
1683 511 1871 551 κολάσεων.
1892 514 2015 551 Ταῦτα
2044 512 2079 551 δὲ
2099 512 2254 566 στρέφων
2284 513 2345 552 καὶ

1320 572 1539 625 λογιζόμενος
1550 604 1558 620 ,
1580 573 1638 611 καὶ
1659 573 1777 624 θυμὸν,
1792 573 1852 611 καὶ
1867 573 2006 620 ἡδονὴν,
2026 574 2085 612 καὶ
2099 573 2156 612 τὸν
2169 577 2237 612 τῶν
2263 576 2345 625 βιω-

1320 638 1426 673 τικῶν
1445 635 1661 688 πραγμάτων
1677 634 1790 688 ἔρωτα
1806 635 1964 679 ἐκὸαλεῖς
1975 636 2131 683 πάντως,
2144 636 2205 674 καὶ
2218 636 2347 678 παντὸς

1320 696 1458 747 λιμένος
1468 697 1725 748 θγαληνοτάτου
1740 696 1974 749 γαληνοτέραν
1993 697 2123 748 ἐργάσῃ
2135 696 2196 744 τὴν
2208 696 2323 749 ψυχήν
2339 712 2345 719 ·

1322 758 1382 795 καὶ
1398 757 1477 811 περὶ
1492 763 1550 797 τοῦ
1569 757 1792 811 δικαστηρίου
1806 757 2050 810 φιλοσοφήσεις
2065 757 2208 804 ἐκείνου,
2224 760 2346 797 ἐννοῶν

1322 818 1375 857 ὅτι
1398 821 1427 857 εἰ
1454 819 1550 872 παρὰ
1582 818 1775 873 ἀνθρώποις
1796 819 1945 866 τοσαύτη
1969 819 2136 872 πρόνοια,
2157 819 2216 857 καὶ
2234 819 2346 866 τάξις,

1324 880 1383 918 καὶ
1412 880 1536 933 φόὸος,
1556 881 1616 919 καὶ
1646 881 1810 929 ἀπειλαὶ,
1832 883 1950 934 πολλῷ
1972 882 2102 931 μᾶλλον
2126 880 2222 934 παρὰ
2252 884 2346 933 Θεῷ.

1321 942 1377 978 Ὀὐ
1392 941 1459 994 γάρ
1473 944 1564 980 ἐστιν
1582 941 1730 990 ἐξουσία,
1747 941 1837 993 εἰμὴ
1851 941 1947 994 παρὰ
1966 944 2067 980 Θεοῦ.
2085 941 2129 979 ‘O
2149 941 2261 980 τοίνυν
2277 948 2348 985 τοῖς

1276 1005 1298 1034 Ε
1325 1002 1471 1055 ἄρχουσι
1489 1008 1599 1041 ταῦτα
1615 1002 1691 1047 δοὺς
1721 1003 1932 1051 διατάσσειν,
1951 1005 2070 1057 πολλῷ
2093 1005 2226 1055 μᾶλλον
2248 1003 2348 1046 αὐτὸς

317 1118 355 1155 5.
370 1118 462 1155 Nam
478 1117 546 1154 nisi
568 1116 628 1154 ille
644 1117 788 1154 instaret
799 1116 918 1163 timor,
934 1115 1051 1153 omnia
1072 1130 1153 1153 sanc
1171 1130 1252 1168 per-

264 1183 353 1221 irent
369 1183 531 1234 :quando
566 1193 616 1221 tot
646 1183 918 1221 imminentibus
939 1183 1126 1236 suppliciis
1146 1183 1252 1221 multi

262 1251 307 1289 ad
322 1252 514 1303 nequitiam
526 1266 598 1290 sese
618 1252 812 1290 conferunt.
833 1251 918 1289 Haec
931 1251 959 1289 si
977 1250 1251 1303 philosoplieris,

262 1317 308 1355 ad
319 1318 577 1372 eleemosynam
586 1319 850 1372 erispromtior,
864 1332 993 1369 magna
1007 1318 1135 1355 frueris
1149 1318 1252 1356 volu-

262 1393 371 1436 ptate,
388 1394 421 1423 et
441 1386 544 1437 longe
561 1386 706 1438 majore,
720 1399 827 1436 quam
839 1384 901 1435 qui
922 1399 942 1422 a
957 1384 1095 1422 theatro
1109 1383 1252 1421 descen-

261 1451 364 1490 dunt.
384 1453 475 1490 Nam
493 1452 555 1503 qui
582 1467 601 1489 a
621 1452 757 1489 theatro
781 1459 945 1502 surgunt,
968 1450 1252 1502 concupiscentia

261 1519 396 1556 ardent.
419 1520 510 1557 Cum
529 1519 652 1557 vident
673 1519 769 1557 enim
792 1519 871 1556 illas
890 1518 927 1556 in
948 1532 1049 1556 scena
1069 1518 1249 1568 mulieres,

262 1587 446 1624 ornatibus
479 1587 712 1639 splendentes,
752 1587 851 1624 mille
877 1586 995 1624 affecti
1024 1585 1248 1635 vulneribus,

262 1653 374 1691 instar
385 1655 492 1691 maris
513 1655 694 1692 aestuantis
711 1664 825 1701 erunt,
853 1653 942 1691 dum
958 1667 1080 1690 earum
1095 1661 1251 1704 aspectu,

262 1721 402 1765 habitu,
412 1722 698 1771 ve1·bis‚incessu‚
716 1721 920 1771 caeterisque
933 1720 1099 1757 omnibus
1111 1719 1252 1758 animus

262 1788 457 1826 obsidetur.
481 1789 552 1834 Qui
573 1798 690 1826 autem
707 1789 752 1825 ab
770 1789 832 1825 illo
851 1788 922 1825 alio
940 1787 1137 1839 spectaculo
1153 1801 1252 1837 egre-

261 1855 422 1904 diuntur,
443 1856 533 1893 nihil
549 1856 617 1893 tale
640 1856 831 1908 patientur,
854 1856 926 1892 imo
940 1867 1070 1904 magna
1088 1855 1251 1892 fruentur

263 1925 529 1975 tranquillitate.
574 1925 809 1976 Compunctio
842 1923 937 1960 enim
974 1936 1019 1959 ex
1049 1922 1253 1960 tinctorum

262 2001 402 2043 aspectu
425 2002 522 2044 parta
549 1991 758 2043 hujusmodi
776 1991 892 2042 ignem
913 1999 1026 2028 totum
1044 1989 1252 2040 exstinguit.

262 2061 299 2097 :51
317 2059 458 2096 exeunti
476 2074 520 2097 cx
553 2074 690 2097 carcere
717 2068 878 2096 occurrat
909 2058 1043 2096 lasciva
1073 2055 1252 2105 meretrix,

262 2127 354 2164 nihil
374 2128 427 2165 illi
446 2127 529 2164 mali
550 2128 687 2164 inferet.
710 2128 801 2164 Nam
830 2127 911 2163 fuco
937 2124 1029 2162 nulli
1063 2122 1252 2171 obnoxius,

261 2204 424 2247 aspectus
462 2194 667 2247 hujusmodi
699 2194 834 2232 retibus
869 2207 937 2231 non
968 2192 1142 2244 capietur,
1172 2204 1254 2227 cunt

261 2273 382 2301 contra
401 2264 508 2301 talem
541 2273 724 2316 aspectum
756 2272 871 2300 metus
890 2261 1020 2314 judicii
1052 2259 1097 2298 ob
1132 2259 1254 2297 oculos

260 2343 432 2372 versetur.
457 2333 540 2371 Ideo
555 2333 614 2371 ille
633 2333 695 2384 qni
715 2347 820 2371 omne
835 2331 1029 2383 voluptatis
1058 2344 1167 2382 genus
1188 2343 1253 2367 ex-

263 2411 384 2454 pertus
403 2411 489 2451 erat,
504 2401 659 2450 dicebat,
673 2401 817 2439 Melius
832 2408 888 2438 esc
904 2402 959 2437 ire
973 2402 1014 2436 in
1025 2401 1183 2437 domum
1198 2399 1257 2436 lu-

263 2480 360 2516 ctus,
377 2483 494 2521 quam
510 2470 718 2506 indomum
739 2470 851 2505 risus.
877 2466 924 2504 Et
945 2467 1005 2504 hic
1025 2467 1132 2505 talem
1148 2475 1257 2504 secta-

264 2547 319 2574 tus
341 2538 618 2590 philosopluam,
644 2538 717 2575 illic
744 2536 948 2575 beatissima
979 2536 1101 2574 audiet
1130 2536 1253 2575 verba.

264 2606 411 2655 Neci-go
432 2605 522 2643 illud
547 2606 767 2657 negligamus
792 2618 891 2657 opus.
910 2604 1061 2641 Etiamsi
1077 2603 1171 2642 enim
1188 2616 1258 2640 non

264 2672 439 2723 possimus
452 2688 490 2709 co
507 2673 626 2710 cibum
640 2673 778 2721 inferre,
799 2686 863 2709 nec
884 2681 1084 2723 argentum,
1101 2681 1136 2709 at
1157 2679 1256 2723 potc-

265 2738 378 2775 rimus
390 2739 509 2776 verbis
528 2739 669 2791 lapsum
682 2739 843 2776 animum
860 2738 1045 2788 consolari,
1065 2748 1098 2776 et
1118 2739 1155 2776 in
1179 2738 1258 2776 aliis

269 2806 544 2858 mulsssjuvare,
567 2808 640 2845 sive
655 2822 712 2844 eos
734 2806 795 2857 qui
817 2806 852 2843 in
881 2820 1057 2843 carcerem
1079 2815 1260 2844 truserunt

267 2874 498 2924 alloquenteS,
521 2873 594 2911 sive
611 2873 770 2911 custodes
786 2873 1038 2911 mansuetiores
1058 2872 1256 2923 reddentes,

268 2951 301 2979 ct
318 2941 375 2980 vel
395 2939 759 2991 qitantulumcumque
781 2940 858 2992 opis
877 2941 1077 2978 afferemus.
1096 2940 1135 2979 Si
1155 2940 1258 2978 dixe-

270 3008 332 3058 ris,
357 3021 419 3044 nec
438 3006 533 3058 frugi
554 3020 615 3043 nec
637 3006 764 3057 probos
788 3007 881 3044 viros
903 3006 978 3044 illic
1004 3021 1090 3054 esse,
1112 3005 1173 3044 sed
1192 3006 1257 3044 ho-

269 3074 432 3123 micidas,
454 3074 697 3126 sepulcrorum
722 3074 916 3123 effossores,
948 3075 1057 3125 fures,
1089 3074 1257 3125 moechos,

270 3142 433 3192 lascivos,
466 3141 658 3192 multisque
688 3141 878 3178 sceleribus
912 3142 1105 3193 obnoxios,
1134 3157 1258 3180 rursus

1264 1585 1311 1609 358

1275 1622 1300 1651 Λ
1324 1615 1455 1658 ἐκείνας
1479 1615 1536 1654 ἐπὶ
1553 1619 1615 1662 τῆς
1640 1618 1770 1662 σκηνῆς
1795 1621 1979 1667 γυναῖκας,
1995 1614 2054 1652 καὶ
2072 1614 2178 1666 μυρία
2195 1614 2349 1653 λάὸωσιν

1324 1063 1410 1101 αὐτὰ
1431 1063 1627 1115 ἐργάσεται.

1378 1124 1447 1162 Καὶ
1468 1125 1535 1176 γὰρ
1555 1127 1584 1163 εἷ
1605 1125 1653 1176 μὴ
1673 1120 1771 1169 οὗτος
1789 1120 1831 1172 ἦν
1859 1129 1876 1163 ὁ
1907 1126 2031 1177 φόὸος,
2054 1126 2170 1164 πάντα
2190 1125 2228 1164 ἂν
2250 1128 2348 1164 ἀπω-

1321 1183 1426 1222 λώλει
1441 1200 1448 1208 ·
1464 1185 1549 1224 ὅπου
1568 1202 1607 1238 γε
1623 1185 1792 1224 τοσούτων
1816 1186 1991 1224 κολάσεων
2009 1186 2249 1237 ἐπικειμένων,
2265 1193 2349 1225 πολ-

1320 1245 1374 1284 λοὶ
1404 1249 1435 1284 οἱ
1454 1247 1539 1300 πρὸς
1568 1246 1631 1294 τὴν
1664 1246 1790 1285 κακίαν
1820 1247 2088 1298 αὐτομολοῦντι-ἔς
2118 1249 2194 1286 εἶσι.
2225 1247 2349 1286 Ταῦτά

1322 1305 1431 1358 [καὶ]
1447 1310 1655 1361 φιλοσοφῶν,
1675 1307 1735 1346 καὶ
1754 1308 1840 1361 πρὸς
1854 1307 1917 1354 τὴν
1933 1308 2166 1359 ἐλεημοσύνην
2183 1308 2244 1361 ἔσῃ
2264 1323 2350 1360 προ-

1324 1369 1526 1423 θυμότερος,
1561 1370 1620 1407 καὶ
1655 1368 1786 1416 πολλὴν
1814 1367 1987 1421 καρπώσῃ
2023 1369 2086 1416 τὴν
2117 1370 2258 1418 ἡδονὴν,
2290 1369 2351 1408 καὶ

1323 1431 1443 1483 πολλῷ
1465 1430 1605 1482 μείζονα
1626 1434 1694 1468 τῶν
1720 1431 1789 1469 ἀπὸ
1810 1430 1953 1484 θεάτρου
1981 1430 2274 1469 καταὸαινόντων.
2303 1432 2351 1468 Οἱ

1325 1491 1386 1543 μὲν
1407 1492 1474 1546 γὰρ
1491 1495 1618 1531 ἐκεῖθεν
1650 1491 1879 1540 ἀναστάντες,
1909 1491 2093 1544 φλέγονται
2113 1493 2179 1531 ὑπὸ
2198 1496 2260 1539 τῆς
2279 1494 2353 1530 ἐπι-

1324 1553 1449 1604 θυμίας
1464 1552 1770 1604 καιόμενοιῘΌταν
1784 1553 1851 1607 γὰρ
1865 1553 1965 1591 ἴδωσι
1983 1553 2044 1597 τὰς
2065 1553 2352 1606 ἀνεπτερωμένας

1324 1681 1450 1716 ἐκεῖθεν
1471 1677 1676 1729 τραύματα,
1694 1677 1870 1724 θαλάσσης
1884 1676 2118 1727 κυμαινούσης
2141 1675 2237 1713 οὐδὲν
2252 1675 2352 1727 ἄμει-

1322 1755 1378 1778 νον
1395 1738 1639 1784 διακείσονται,
1651 1743 1710 1776 τοῦ
1721 1738 1827 1777 τύπου
1841 1740 1909 1776 τῶν
1924 1738 2125 1790 ὅψεων,τῶν
2145 1737 2352 1789 σχημάτων,

1323 1803 1392 1839 τῶν
1419 1800 1598 1853 ῥημάτων,
1623 1804 1684 1847 τῆς
1709 1799 1877 1851 βαδίσεως
1889 1830 1898 1847 ,
1913 1801 1981 1837 τῶν
1999 1799 2113 1837 ἄλλων
2130 1800 2269 1837 πάντων
2286 1798 2354 1851 πρὸ

1323 1865 1390 1900 τῶν
1410 1863 1597 1913 ὀφθαλμῶν
1615 1861 1823 1912 ἱσταμένων,
1841 1861 1900 1899 καὶ
1922 1860 1984 1908 τὴν
2004 1861 2118 1913 ψυχὴν
2149 1862 2264 1904 αὐτοῖς
2288 1877 2354 1899 πο-

1322 1923 1563 1977 λιορκούντων.
1579 1925 1624 1961 Οἱ
1639 1922 1674 1960 δὲ
1689 1925 1840 1961 ἐντεῦθεν
1856 1923 2064 1970 ἐξελθόντες,
2085 1922 2178 1961 οὐδὲν
2200 1921 2353 1968 ὑποστή-

1325 2000 1442 2022 σονται
1463 1989 1627 2032 τοιοῦτον,
1650 1983 1740 2022 ἀλλὰ
1755 1983 1886 2031 πολλὴν
1903 1983 2150 2037 καρπώσονται
2166 1982 2228 2030 τὴν
2246 1983 2356 2035 γαλή-

1324 2061 1384 2092 νην
1404 2045 1463 2083 καὶ
1486 2045 1548 2092 τὴν
1570 2045 1772 2099 ἀταραξίαν.
1793 2045 1837 2083 ‘H
1865 2045 1932 2098 γὰρ
1961 2045 2144 2090 κατάνυξις
2168 2049 2189 2093 ἡ
2225 2048 2264 2084 ἐκ
2292 2049 2355 2092 τ’ῆς

1323 2107 1433 2159 ὅψεως
1449 2110 1516 2144 τῶν
1537 2106 1726 2158 δεδεμένων
1744 2106 1950 2159 ἐγγενομένη
1964 2137 1973 2155 ,
1999 2107 2091 2145 ἅπαν
2118 2109 2228 2145 έκεῖνο
2248 2106 2353 2145 ‹saiv-

1325 2185 1401 2206 νυσι
1428 2168 1467 2206 τὸ
1493 2173 1576 2221 πῦρ.
1608 2167 1681 2206 Κᾶν
1709 2168 1892 2220 ἀπαντήσῃ
1920 2167 2004 2220 γυνὴ
2033 2167 2268 2222 πορνευομένη
2295 2167 2356 2206 καὶ

1324 2229 1515 2273 ἀκόλαστος
1530 2228 1699 2272 ἐξελθόντι
1716 2231 1782 2266 τῶν
1800 2231 2001 2279 δεσμωτῶν,
2023 2229 2118 2268 οὐδὲν
2136 2232 2238 2267 αὐτον
2255 2229 2357 2281 ἐργά-

1326 2307 1423 2330 σεται
1449 2289 1615 2342 χαλεπόν.
1636 2289 1698 2333 ςΩς
1719 2289 1787 2342 γὰρ
1814 2290 1991 2334 ἄπλαστος
2017 2290 2137 2328 λοιπὸν
2157 2290 2356 2342 γενόμενος,

1279 2363 1302 2393 Β
1327 2351 1434 2396 οὕτως
1456 2354 1520 2404 οὐχ
1539 2350 1711 2389 ἁλώσεται
1732 2357 1803 2394 τοῖς
1821 2351 1968 2394 δικτύοις
1986 2354 2048 2397 τῆς
2073 2351 2182 2403 ὅψεως
2198 2351 2354 2399 ἐκείνης,

1328 2413 1404 2452 ἀντὶ
1423 2417 1484 2460 τῆς
1504 2413 1613 2464 ὄψεως
1628 2415 1691 2458 τῆς
1709 2412 1915 2458 ἀκολάστου,
1934 2417 1994 2450 τοῦ
2010 2411 2116 2464 φόὸου
2133 2414 2195 2458 τῆς
2211 2412 2358 2465 κρίσεως

1327 2474 1395 2526 πρὸ
1423 2476 1609 2526 ὀφθαλμῶν
1640 2474 1734 2525 αὐτῷ
1753 2472 1830 2510 τότε
1852 2472 2023 2523 κειμένου.
2045 2473 2112 2511 Διὰ
2132 2478 2232 2512 τοῦτο
2260 2473 2320 2512 καὶ
2342 2477 2359 2512 ὁ

1327 2543 1396 2574 πᾶν
1418 2529 1503 2580 εἶδος
1519 2539 1649 2588 τρυφῆς
1665 2533 1817 2573 ἐπελθὼν
1835 2534 1949 2586 ἔλεγεν
1961 2550 1968 2557 ·
1986 2533 2127 2586 Ἀγαθὸν
2148 2539 2359 2587 πορευθῆναι

1329 2599 1376 2641 εἷς
1402 2590 1492 2635 οἶκον
1522 2596 1686 2643 πένθους,
1709 2594 1731 2641 ἢ
1753 2599 1964 2648 πορευθῆναι
1995 2598 2041 2639 εἷς
2075 2590 2166 2634 οἶκον
2195 2596 2356 2648 γέλωτος,

1331 2658 1401 2697 Καὶ
1421 2660 1567 2696 ἐνταῦθα
1597 2657 1657 2708 μὲν
1681 2655 1850 2703 τοσαύτην
1869 2656 2030 2700 ἐπιδείξει
2056 2657 2118 2705 τὴν
2141 2657 2357 2710 φιλοσοφίαν,

1330 2723 1400 2759 ἐκεῖ
1423 2719 1458 2758 δὲ
1478 2719 1608 2772 ἀκούσῃ
1631 2718 1675 2757 τὰ
1693 2717 1822 2772 μυρίων
1844 2723 2078 2772 μακαρισμῶν
2102 2719 2180 2763 ἀξια
2203 2720 2357 2771 ῥήματα.

1331 2781 1393 2828 Μὴ
1409 2780 1519 2820 τοίνυν
1541 2782 1725 2831 ἀμελῶμεν
1746 2783 1808 2825 τῆς
1825 2779 1987 2826 τοιαύτης
2009 2779 2166 2833 πράξεως
2183 2780 2241 2818 καὶ
2262 2796 2357 2834 πρα-

1331 2842 1511 2894 γματείας.
1532 2841 1605 2880 Κᾶν
1622 2840 1690 2893 γὰρ
1712 2839 1760 2891 μὴ
1779 2841 1976 2891 δυνηθῶμεν
1995 2841 2122 2893 τροφὴν
2141 2844 2358 2893 εἰσενεγκεῖν,

1333 2903 1420 2955 μηδὲ
1449 2902 1608 2956 ἀργύριον
1634 2904 1804 2953 βοηθῆσαι
1838 2901 1969 2949 δόντες,
1992 2901 2082 2940 ἀλλὰ
2113 2902 2360 2955 παρακαλέσαι

1330 2964 1444 3017 λόγῳ,
1470 2964 1530 3002 καὶ
1559 2963 1621 3010 τὴν
1651 2962 1812 3013 κειμένην
1840 2964 2036 3009 ἀναστῆσαι
2064 2962 2178 3015 ψυχὴν
2214 2962 2359 3010 δυνησό-

1333 3031 1439 3078 μεθα,
1467 3026 1527 3065 καὶ
1547 3025 1649 3079 ἕτερα
1672 3027 1899 3077 ἐπικουρῆσαι
1919 3024 2050 3073 πολλὰ,
2078 3025 2139 3063 καὶ
2164 3031 2235 3069 τοῖς
2255 3025 2362 3075 ἐμὸα-

1330 3089 1427 3127 λοῧσι
1449 3086 1707 3138 διαλεγόμενοι,
1731 3085 1790 3123 καὶ
1809 3084 1886 3129 τοὺς
1907 3087 2101 3137 ἐφεστῶτας
2122 3084 2363 3139 ἡμερωτέρους

1330 3154 1506 3193 ποιοῦντες
1521 3179 1530 3196 ,
1549 3149 1608 3187 καὶ
1636 3147 1658 3193 ἢ
1685 3145 1844 3199 μικρὸνῆ
1868 3146 1958 3198 μέγα
1977 3147 2117 3190 πάντως
2143 3145 2361 3199 ἐργασόμεθα

271 3211 359 3248 mihi
381 3210 613 3249 necessarium
631 3209 727 3247 hunc
747 3208 884 3246 aditum
899 3210 1041 3261 probas.
1063 3211 1141 3248 Non
1162 3210 1256 3248 enim
1279 3219 1303 3249 C
1331 3210 1461 3265 κέρδος.
1489 3212 1533 3249 Ei
1554 3208 1589 3248 δὲ
1609 3209 1719 3260 λέγεις
1748 3207 1801 3247 ὅτι
1841 3209 1902 3245 οὐκ
1941 3206 2139 3259 εὐδαίμονές
2166 3209 2249 3246 εἰσιν
2271 3207 2364 3254 ἐκεῖ,

316 3348 327 3361 ³
355 3342 559 3378 γαληνοτάτου
575 3337 667 3369 deest
686 3337 717 3369 in
732 3335 931 3379 quibusdam
951 3337 1028 3368 Mss.

317 3390 332 3411 ὓ
358 3388 426 3431 [καί
443 3387 532 3431 quod
547 3387 642 3421 abest
660 3400 677 3420 a
698 3388 798 3420 Savil.
818 3396 850 3420 et
865 3387 974 3421 Codd.
1000 3390 1075 3430 705,
1096 3390 1170 3426 709,
1196 3391 1286 3421 uncis

1349 3337 1572 3378 inclusimus]
