2507 3673
570 211 615 240 ΙΝ
652 211 789 240 ILLUD
828 211 1091 253 EVANGFLH,

70 291 195 344 φέρων,
186 294 276 357 ,οὐχ
293 293 345 331 ὅτι
360 298 430 335 τοῖς
444 292 627 360 ἡμετέροις
645 293 743 339 ἤθεσι
758 293 1089 344 συμμεταὲάλλεται

68 347 86 382 ὁ
107 349 193 388 θεῖος
211 346 330 396 λογος,
353 347 429 383 ἀλλ’
446 345 500 383 ὅτι
518 348 564 389 ὡς
578 347 692 398 ἰατρὸς
709 345 903 409 ἁρμόζοντα
919 346 1090 398 φάρμακα

68 403 138 440 τοῖς
159 397 354 449 τραύμασιν
385 398 526 448 ἐπάγει,
560 400 620 437 ἰἐν
650 398 866 442 Ιουδαίοις’
852 399 923 444 εξετ
928 399 1091 448 αζόμενος

68 457 139 493 τοῖς
153 450 411 502 ἀπηρνημένοις
427 453 528 489 αὐτοῦ
547 453 584 489 οὐ
608 452 709 502 μόνον
728 451 792 497 τὴν
813 451 958 499 θεότητα
970 481 979 498 ,
999 450 1088 488 ἀλλὰ

68 503 127 540 καὶ
153 503 217 550 τὴν
237 503 501 555 ἀνθρωπόττπα.
523 504 709 551 Ἐννόησον
726 504 837 581 γὰρ,
841 504 922 544 ὅσον
943 507 1087 554 ἀπεῖχον

66 561 125 594 τοῦ
145 560 383 621 φαντασθῆναι
404 557 459 594 Υ
439 573 486 595 ιον
502 558 614 604 Θεοῦ,
636 574 688 595 οτι
711 574 787 596 0603
815 557 994 623 ἄνθρωπον
1019 572 1087 593 κα-

66 607 260 653 θεστηκότα
289 609 346 647 τὸν
378 609 504 662 Κύριον
535 610 794 661 ὑπελάμὸανον.
817 609 965 661 Ἔλεγον
999 607 1087 672 γὰρ,

65 660 252 711 Δαιμόνιον
282 662 378 713 ἔχει,
409 663 468 701 καὶ
497 665 730 729 δαιμονιῶντα
761 662 1006 713 ὑπελάμὸανον
1029 660 1086 698 τὸν

65 713 123 751 1‘
103 729 149 751 ιον
169 729 229 751 του
249 716 352 754 Θεου.
372 715 475 754 Ἐπεὶ
499 716 612 755 τοίνυν
639 715 730 768 ἑώρα
746 715 933 757 Ἰουδαίους
949 713 1067 751 ἀντιλ’
1052 729 1085 750 ε-

64 781 207 817 γοντας,
238 783 297 805 και
316 784 394 812 τους
415 772 535 807 εαυτου
557 769 716 820 μαθητὰς
734 771 779 811 ὡς
800 766 1000 837 ἀνθρώπους
1017 781 1086 804 πο-

65 821 179 870 λυπρα
182 824 393 870 γμονουντας
414 821 457 859 τὰ
478 822 666 872 μέλλοντα·
706 820 802 872 φίλον
836 836 905 888 γαρ
934 836 987 857 αει
1020 825 1089 862 τοῖς

64 871 258 922 ἀνθρώποις
270 903 279 920 ,
296 879 366 916 τοῖς
380 874 565 924 μέλλουσιν
578 873 771 920 ἐπιὸαλεῖν,
785 873 844 910 καὶ
857 873 900 910 τὰ
917 872 1089 923 μέλλοντα

65 924 281 990 προειδέναι·
304 911 426 976 ἀμέλει
446 942 526 977 γουν
550 942 610 964 και
631 929 663 964 ἐν
683 929 726 976 τῇ·
748 929 845 977 κοινῇ
851 928 1065 992 ἀναστροφῇ
1079 956 1088 974 ,

64 976 122 1014 ἐάν
157 977 282 1022 τις,αᾶ
303 979 514 1026 μανθάνουσι
545 979 673 1022 πάντες
703 978 792 1029 μετὰ
820 978 902 1029 μίαν
938 978 1088 1044 ἡμέραν,

62 1031 154 1081 προ)
157 1029 250 1067 neam
274 1031 367 1081 μάθῃ
383 1032 452 1082 πρὸ
472 1039 553 1082 μιᾶς
571 1031 726 1097 ἡμερας,
730 1030 860 1099 γαίρει
875 1034 921 1074 ὡς
942 1031 1032 1083 μέγα
1053 1047 1088 1069 τι

63 1082 237 1139 εὑρηκιι)ς,
259 1084 319 1121 καὶ
343 1083 467 1150 ὥσπερ
488 1087 505 1122 ὁ
532 1085 670 1122 πάντων
702 1083 764 1130 τὴν
796 1086 969 1135 γνωσιν)
955 1084 1086 1123 λαὲιῖ.)ν

63 1134 175 1172 Φίλον
194 1140 252 1173 οὖν
271 1143 340 1180 τοῖς
359 1137 553 1189 ἀνθρώποις
572 1137 616 1176 τὰ
633 1137 802 1188 μέλλοντα
818 1138 1003 1190 διερευνᾷν.
1025 1132 1088 1176 Εἰ-

65 1187 100 1224 δε
113 1187 226 1226 τοίνυν
247 1205 364 1227 τουτον
380 1190 438 1228 τὸν
461 1190 600 1228 πόθονέ
587 1207 620 1228 εν
646 1197 717 1233 τοῖς
743 1190 948 1233 ἀποστόλοις
969 1206 1044 1241 ακυ
1047 1207 1089 1229 α-

63 1242 195 1284 ζοντα’
183 1258 201 1278 ο
217 1242 366 1307 Σωτὴρ,
386 1244 444 1281 καὶ
464 1243 594 1311 ζέρντα
603 1244 660 1282 τὸν
677 1243 791 1309 ἔρωτα
819 1243 900 1295 περὶ
919 1242 981 1290 τὴν
1000 1246 1089 1294 γνῶ-

64 1309 118 1330 σιν
137 1310 205 1332 των
226 1297 374 1345 μελλοιτ
362 1313 435 1344 των,
456 1297 516 1334 καὶ
535 1297 557 1334 ἃ
576 1297 667 1348 ἔγει,
688 1299 864 1348 ἀρνεῖται,
889 1312 942 1334 ινα
955 1296 1087 1348 κολάσῃ

64 1345 126 1392 τὴν
148 1347 292 1400 ἄκαιρον
310 1349 507 1400 ἐπιθυμίαν.
529 1350 621 1388 Πότε
642 1349 892 1417 Ἀποκαθιστᾷς
904 1348 966 1395 τὶν
987 1352 1090 1399 βασι-

62 1398 159 1436 λείαν
177 1416 236 1438 του
254 1401 415 1453 Ισραήλ,
434 1397 479 1440 Εἶ
469 1419 523 1440 ιτα
538 1402 769 1451 ἐπιστομίζων
789 1401 852 1449 τὴν
869 1402 1089 1452 ἀνθρωπίνην

63 1467 281 1521 πρρπετειανΝ
293 1454 357 1499 τὴν
379 1454 592 1506 βουλομενην
615 1454 793 1492 ἓπιὸαλεῖν
810 1459 882 1498 τοῖς
911 1454 1090 1505 μέλλουσι,

64 1504 124 1541 καὶ
152 1504 195 1543 τὰ
221 1521 281 1544 του
307 1510 399 1545 Θεου
429 1507 736 1576 περιεργάζεσθαι,
769 1506 883 1558 λέγει·
900 1508 1090 1547 Οὐκέστιν

64 1560 160 1607 ὑμιι)ν
176 1562 305 1610 γνῶναι
326 1559 469 1612 γρόνους
493 1560 515 1606 ἢ
537 1559 700 1613 καιρούς·
726 1559 965 1611 υπερῧαίνειτ
954 1559 1009 1606 ὴν
1028 1563 1091 1597 ἀν-

65 1611 241 1661 Ορωπίνην
271 1612 370 1664 φύσιν
400 1613 440 1650 τὸ
467 1613 590 1664 μέτρον
612 1629 674 1660 της
703 1612 876 1663 γνώσεως.
896 1612 959 1658 Μὴ
983 1615 1092 1651 πολυ-

63 1664 260 1715 πραγμόνει
291 1665 335 1703 τὰ
367 1665 541 1716 μέλλοντα
569 1666 638 1719 πρὸ
662 1681 731 1703 των
757 1681 829 1731 πρα
831 1665 989 1717 γμάτων,
1013 1667 1091 1703 ἀλλ’

65 1716 207 1768 ἐκδέχου
239 1717 354 1768 μόνον,
383 1734 442 1756 και
477 1719 619 1757 πίστευε
647 1725 719 1762 τοῖς
754 1720 939 1769 μελλουσι·
971 1735 1091 1772 παρα-

64 1769 235 1808 σκεύασον
260 1770 404 1809 σεαυτὸν
435 1788 521 1824 προς
540 1771 603 1819 τὴν
632 1787 692 1809 του
721 1771 906 1822 μέλλοντος
927 1773 1091 1810 δικαστοῦ

64 1823 283 1874 παρουσίαν·
303 1825 401 1862 ἐκεῖ
394 1825 587 1889 φρόντισον,
617 1825 684 1875 οὐχ
715 1841 769 1862 ινα
799 1823 933 1876 μάθῃς,
964 1824 1050 1862 πότε
1069 1828 1091 1870 ἦ

64 1875 194 1943 ἡμέρα,
216 1878 317 1914 ἀλλ’
311 1877 365 1914 ι’να
381 1877 514 1928 μάθῃς,
533 1877 674 1923 ποταπή
691 1891 745 1914 σοι
761 1877 946 1928 ἀπαντήσῃ
963 1881 1031 1926 ἡμε
1024 1876 1091 1929 ’ρα.

64 1927 134 1965 Διὰ
149 1944 249 1967 τουτο
268 1933 286 1968 ὃ
310 1931 491 1982 προφήτης
518 1929 595 1972 τους
615 1931 992 1994 πολυπραγμονοῦντας
1011 1930 1092 1980 περὶ

63 1980 194 2028 ταύτης
225 1998 288 2028 της
315 1983 449 2036 ἡμέρας
481 1998 540 2021 και
568 1982 753 2048 λέγοντας,
783 1981 869 2020 πότε
877 1983 1039 2050 ἔρχεται
1068 1986 1089 2029 Γ,

64 2033 197 2087 κρίσις,
215 2035 300 2074 πότε
319 2052 339 2082 7,
361 2037 570 2083 ἀνάστασις;
593 2034 813 2103 μεμφόμενος
831 2051 889 2072 και
911 2035 1090 2085 ἐπιστομί-

64 2089 130 2131 ζων
157 2088 236 2139 ἔὶεγ
239 2104 292 2127 εν·
319 2089 411 2127 Οὐαι
431 2092 460 2128 οἷ
478 2092 657 2135 ζητουντες
686 2088 749 2134 τὴν
781 2087 917 2139 ἢμεραν
948 2072 1088 2155 Κυρίου.

62 2138 140 2178 Ἵνα
169 2141 204 2178 τί
233 2141 321 2189 αὕτη
345 2144 425 2191 ὑμῖν
445 2146 466 2188 7‘,
486 2145 556 2191 ἤμε
549 2141 603 2193 ’ρα
626 2157 686 2179 του
706 2140 852 2192 Κυρίου,
884 2140 976 2180 Ἀντι
1009 2145 1088 2188 τοῦ,

64 2192 121 2230 διὰ
135 2192 169 2230 τί
184 2196 419 2240 σπουδάζετε’
411 2196 492 2233 ιδεῖν
507 2194 602 2241 τὴν“
586 2210 720 2247 ηαεραν
743 2193 895 2246 Κυρίου,
910 2193 956 2232 H
971 2194 1087 2260 ἡυέρα

63 2246 193 2310 Κυρίου
215 2247 325 2299 πικρὰ
351 2249 411 2286 καὶ
439 2248 575 2314 σκληρὰ
600 2248 786 2294 τέτακται,
815 2246 941 2293 δυνατὴ
972 2246 1089 2298 ἣμερα

63 2301 188 2351 ὀργῆς,
209 2303 231 2346 ἡ
252 2300 403 2365 ἡμέρα
389 2301 521 2347 εκείνη,
553 2299 700 2352 θλίῖεως
726 2315 785 2338 και
817 2300 983 2351 ἀνάγκης
1016 2301 1087 2338 Τὸν

63 2352 169 2406 φόοον
188 2370 418 2419 παρεστησεν,
432 2353 489 2391 ἵνα
505 2353 636 2405 κολάσῃ
652 2352 715 2400 τὴν
731 2352 960 2420 προπέτειαν.
984 2352 1087 2391 Ἐπεὶ

63 2407 120 2442 οὖν
141 2405 282 2444 ἐπόθουν
305 2407 430 2445 εἰδέναι
450 2407 494 2445 τὰ
515 2406 688 2458 μέλλοντα
703 2422 766 2452 τ·Γ,ν
786 2405 1006 2473 ἀνθρωπίνην
1026 2405 1087 2444 τά·

65 2455 114 2500 ξιν
139 2459 414 2527 ὃπερὸαίνοντα,
432 2463 449 2497 ὃ
465 2459 592 2509 Σωτὴρ
611 2458 745 2509 ἔλεγεν·
773 2458 890 2497 Οὐκ”
871 2474 963 2497 εστιν
990 2462 1086 2510 {mov

63 2515 193 2561 γνῶναι
207 2512 351 2576 χρόνους
365 2511 386 2557 ἢ
404 2512 556 2564 καιρούς.
575 2511 693 2550 Ἀλλ
688 2510 741 2548 ι’να
761 2510 809 2561 μὴ
827 2515 975 2562 νομισθῃ
997 2511 1089 2550 κατὰ

63 2563 185 2614 φθόνον
206 2564 353 2602 κωλύειν
371 2565 434 2611 τὴν
455 2581 608 2616 γνωσιν,
599 2563 981 2630 συμπεριλαμὸάνει
968 2565 1088 2602 εαυτὸν

63 2622 135 2660 τοῖς
160 2618 351 2667 ἀγνοουσιν,
384 2634 438 2656 ινα
456 2617 766 2684 παραμυθήσηται
795 2632 863 2654 των
897 2617 1088 2668 ἀνθρώπιον

64 2668 128 2715 t7v
150 2670 302 2720 ἄγνοιαν.
325 2671 403 2708 Οὐκ
418 2670 550 2718 οἴδασι,
566 2670 683 2722 φησὶν,
703 2669 782 2707 οὔτε
810 2671 841 2707 οἱ
863 2669 1018 2723 ἄγγ.ελοι
1042 2669 1090 2707 Τί

65 2722 305 2772 φαντάζεσθε
293 2739 358 2761 υπε
364 2739 394 2799 ρ
401 2724 587 2775 ἀγγέλους,
606 2721 731 2761 Οὐδὲε
718 2739 735 2760 ο
754 2721 812 2759 Υ
791 2735 837 2764 ιος
857 2723 939 2759 οἶδε.
963 2721 1030 2759 Διὰ
1055 2721 1090 2760 τί

66 2792 130 2813 υπε
136 2790 152 2826 ρ
183 2775 244 2826 ἐμὲ
263 2777 437 2828 φαντάζῃ,
460 2776 615 2814 εΌταν
597 2774 632 2813 οε
652 2774 804 2826 ἀκούσης
822 2773 923 2818 Υἱὸν,
947 2774 1088 2827 μέρισον

64 2843 106 2880 τ·Γ,
128 2829 263 2867 οιανοία
281 2829 319 2867 τὸ
338 2836 422 2880 πρᾶ
421 2844 507 2880 (μα·
527 2829 597 2872 υἱὸς
610 2827 678 2894 γὰρ
690 2817 830 2876 λέγεται
847 2826 938 2865 κατὰ
952 2831 1089 2866 ἱὶκοινοῦ

64 2882 121 2919 καὶ
145 2884 167 2927 ἡ
194 2869 312 2928 θεότῃς
334 2897 394 2919 και
412 2886 434 2928 ἡ
456 2880 692 2949 ἀνθρωπότης.
723 2880 829 2918 Και
824 2897 878 2918 ινα
905 2879 1056 2932 μάθῃς
1037 2896 1089 2918 οτι

65 2935 121 2971 1““
102 2951 148 2972 ιον
170 2936 269 2972 καλεῖ
283 2937 304 2981 ἦ
329 2934 453 2987 Γραφὴ
469 2951 529 2974 και
546 2933 610 2981 τὴν
630 2933 745 2999 σάρκα
764 2948 823 2970 του
819 2933 1015 2998 Σωτῆρος,
1030 2932 1090 2970 καὶ

64 2988 127 3033 τ“Γ’,ν
144 2987 356 3036 οἰκονομίαν,
369 2988 465 3038 λεγει
479 2989 646 3039 ἀλλαγου·
662 2986 732 3025 Και
745 3001 785 3023 το
800 3001 888 3035 αιμα
898 2985 1014 3032 Ιησοῦ
1030 3001 1090 3024 του

66 3041 110 3077 1“
103 3056 152 3078 ιου
174 3043 276 3078 αὐτοῦ
303 3041 486 3092 καθαρίσει
504 3043 599 3091 ἧμας
621 3038 691 3078 ἀπο
708 3038 1021 3089 πάσηςὰμαρτίας.
1039 3038 1092 3075 'lb

67 3096 175 3144 αἱμα,
196 3110 232 3132 ου
259 3093 402 3140 θεότης,
420 3092 510 3131 ἀλλα
526 3091 784 3159 ἀνθρωπότης·
810 3090 901 3129 ούτω
929 3090 988 3128 καὶ
1027 3090 1091 3136 τὴν

67 3123 250 3198 ἀνθρωπότ
251 3146 389 3193 Γ,τα1”ε
368 3161 414 3184 ιον
427 3145 598 3196 ονομάζει.
613 3143 717 3183 Kou⁶¹
697 3160 778 3181 οταν
799 3142 993 3194 εἴπωμεν,ὁ
1009 3143 1067 3181 Υ“
1046 3158 1093 3185 ιος

113 3253 128 3267 *
152 3257 182 3286 ἐν
198 3252 337 3289 ἰουῧαίοις
359 3255 585 3292 ἐξεταζόμενος,
604 3248 696 3292 apud
711 3248 851 3280 Judaeos
866 3246 1073 3280 versabatur.

70 3307 125 3339 S‘c
142 3307 174 3337 in
190 3303 359 3337 Athanasii
377 3302 533 3346 Apologia
551 3309 670 3334 contra
685 3302 843 3339 Arianos,
857 3311 893 3342 p.
910 3299 986 3338 157,
999 3298 1077 3331 Sar-

70 3358 218 3390 ‹iicenses
235 3359 349 3389 Patres
371 3355 488 3388 dicunt
505 3353 692 3395 Arsenium,
708 3358 737 3387 ἐν
750 3361 810 3390 τοῖς
833 3360 918 3393 ζῶσιν
939 3356 1078 3392 ἐξετάζε-

71 3416 154 3451 σῦαι,
173 3411 259 3441 inter
282 3410 372 3441 vivos
395 3407 518 3439 versari
536 3405 586 3439 vel
609 3405 794 3446 numerari,
811 3401 902 3446 quod
920 3404 1078 3446 repetitur

1132 211 1252 250 QUOD
1290 211 1446 241 DICEBA
1457 213 1480 240 N
1490 213 1532 252 Τ,
1572 213 1671 242 ETC.

2051 200 2144 263 829

1163 305 1314 342 rumque
1345 290 1508 342 adaptat;
1526 306 1595 329 non
1619 292 1713 343 quod
1731 292 1895 332 divinum
1914 295 2063 334 veibum
2088 310 2143 333 se-

1161 344 1321 381 cundum
1344 357 1458 381 m01es
1479 353 1616 382 nostros
1640 354 1808 393 mutetur,
1825 347 1887 385 sed
1911 347 1993 405 quia
2015 358 2053 386 ut
2072 362 2144 386 me-

1160 396 1264 433 dicus
1291 395 1445 433 remedia
1474 396 1684 454 ι’1111161111115
1717 400 1945 458 congruentia
1978 414 2021 451 ap
2049 401 2143 450 enit,
2151 434 2155 437 .

1161 448 1258 500 apud
1269 447 1414 488 Judaeos
1433 447 1526 485 enim
1551 449 1767 498 v=‚c1sabatur
1783 450 1845 500 qui
1862 466 1929 488 non
1947 466 2002 489 mo
2033 467 2052 489 o
2068 454 2144 504 ejus

1159 501 1339 548 deitatem,
1353 501 1415 538 sed
1439 500 1545 538 etiam
1573 501 1830 540 humanitatem
1856 503 2041 555 negabant.
2060 505 2142 542 Per-

1160 553 1275 604 pende
1293 555 1387 592 enim
1406 563 1579 603 quantum
1597 555 1681 592 abet
1682 565 1732 605 at,
1755 565 1793 593 ut
1811 565 1976 607 putaient
1993 570 2066 594 esse
2083 557 2142 595 Fi-

1159 606 1249 643 lium
1272 607 1353 655 Dei,
1370 621 1431 657 qui
1448 620 1492 644 ne
1510 607 1690 645 hominem
1703 608 1845 659 quidem
1860 623 1932 646 esse
1947 610 2142 647 Dominum

1159 659 1442 710 suspicabantur.
1465 659 1638 698 Dicebant
1658 675 1773 710 enim,
1803 662 2048 699 Doemonium
2068 663 2140 699 ha-
2155 679 2245 707 Joan.
2269 688 2314 708 ,0‚

1160 714 1240 758 bet,
1267 721 1300 749 et
1324 712 1581 750 daemoniacum
1612 727 1685 751 esse
1711 713 1978 751 aihitrabanuu
2008 714 2142 753 Filium
2157 727 2207 748 20·

1159 765 1240 802 Dei.
1257 765 1351 811 Quia
1376 764 1486 815 igitur
1510 765 1656 803 xidebat
1682 766 1824 805 Judaeos
1850 767 2140 817 eontiadicentes,

1157 816 1421 875 discipulosque
1436 832 1531 863 suos,
1548 828 1669 870 utpote
1689 819 1859 867 immines,
1876 821 1993 857 futuia
2006 820 2142 858 cuiiose

1158 872 1398 921 inquirentes:
1414 871 1526 908 solent
1541 885 1673 923 quippe
1690 886 1830 924 semper
1842 873 2004 910 homines
2023 873 2143 911 futura

1158 933 1322 981 appetere
1339 933 1372 961 et
1396 938 1519 961 eorum
1537 924 1791 976 picescientiam
1808 926 2030 977 perquirere,
2051 935 2143 963 certe

1159 990 1194 1012 111
1216 977 1395 1014 communi
1420 991 1540 1014 reium
1572 977 1830 1026 vicissitudine,
1847 992 1875 1015 51
1901 992 1982 1028 quis
2002 992 2040 1016 ea
2064 993 2142 1030 quae

1159 1043 1279 1067 omnes
1308 1029 1480 1082 postridie
1505 1029 1627 1067 seituii
1656 1039 1750 1078 sunt,
1779 1045 1849 1068 uno
1875 1031 1976 1083 piius
2003 1031 2061 1069 die
2089 1031 2143 1069 di-

1158 1081 1298 1132 dicerit,
1317 1082 1448 1142 gaudet
1463 1097 1503 1120 ac
1521 1082 1550 1120 si
1573 1096 1741 1142 magnum
1762 1083 1850 1134 quid
1862 1084 2043 1136 repererit,
2057 1093 2090 1121 et
2105 1094 2144 1122 ut

1159 1135 1187 1171 si
1220 1137 1300 1186 quis
1327 1150 1489 1174 omnium
1521 1135 1687 1173 notitiam
1723 1146 1981 1195 assequeretm.
2018 1139 2145 1175 Amant

1158 1187 1276 1239 itaque
1296 1188 1457 1226 homines
1474 1188 1595 1226 futura
1616 1203 1830 1240 peiquirere.
1846 1189 2005 1229 Videbat
2024 1189 2144 1241 itaque

1159 1240 1328 1279 861·ιᾶ101
1345 1241 1521 1294 apostolos
1553 1242 1674 1279 fuluia
1703 1242 1945 1294 praenoscendi
1965 1242 2144 1281 deside1io

1159 1294 1287 1341 teneri3
1308 1304 1341 1332 et
1354 1309 1432 1345 quae
1449 1294 1559 1332 habet
1576 1308 1612 1332 se
1632 1294 1764 1332 babere
1782 1304 1901 1347 negat,
1919 1305 1959 1333 ut
1971 1295 2145 1348 imponu-

1160 1360 1246 1384 num
1259 1347 1475 1385 desideiium
1496 1347 1654 1398 castiget
1677 1324 1847 1394 Quandob
1865 1325 2054 1386 R⁷estitues
2085 1359 2330 1389 re—Act.1.6.

1157 1412 1274 1450 gnum
1290 1401 1443 1438 Israel?
1468 1400 1606 1438 Deinde
1624 1400 1809 1438 hominum
1839 1401 1960 1438 futura
1986 1415 2088 1439 nosse
2113 1411 2147 1440 et

1160 1465 1238 1501 quae
1258 1453 1326 1490 Dei
1347 1461 1429 1490 sunt
1454 1452 1631 1503 inquirere
1646 1453 1890 1505 appetentium
1913 1454 2146 1506 petulantiam

1161 1505 1352 1551 rfflenans,
1372 1505 1493 1542 dicit:
1519 1507 1610 1543 Νοη
1633 1514 1688 1543 est
1719 1515 1827 1544 vestr
1829 1521 1892 1544 um
1922 1521 2032 1545 nosse
2056 1516 2148 1545 tem-
2164 1519 2242 1548 lbid.
2264 1530 2289 1547 v.
2317 1528 2347 1556 7.

1159 1571 1231 1609 po]
1232 1572 1257 1595 α
1276 1559 1344 1595 ‘vel
1354 1567 1549 1596 momenta
1565 1558 1697 1609 :hujus
1717 1559 1929 1609 cognitionis
1942 1559 2071 1598 modus
2084 1560 2149 1597 hu-

1162 1625 1302 1648 manam
1326 1610 1466 1648 excedit
1484 1619 1660 1648 naturam.
1678 1612 1732 1649 Ne
1759 1612 1896 1649 curiose
1912 1611 2070 1662 inquiras
2088 1613 2147 1650 fu-

1162 1672 1241 1701 tura
1258 1673 1337 1701 ante
1358 1678 1478 1701 lerum
1497 1678 1539 1701 ev
1543 1672 1683 1710 entum3
1703 1664 1764 1701 sed
1785 1673 1949 1716 exspecta
1971 1665 2097 1713 solum,
2117 1675 2151 1703 et

1162 1717 1294 1754 futuris
1320 1716 1450 1754 crede:
1471 1729 1634 1775 prcepara
1656 1716 1811 1769 teipsum
1831 1717 1877 1755 ad
1898 1717 2061 1755 futurum
2080 1720 2150 1757 Ju-

1163 1769 1254 1807 (licis
1289 1769 1359 1808 ειιῖι
1363 1779 1510 1806 entum:
1529 1768 1569 1806 id
1600 1783 1685 1806 cura
1700 1800 1711 1819 ,
1745 1784 1814 1808 non
1854 1769 1997 1820 quando
2032 1770 2153 1809 veniet

1164 1822 1252 1871 (lies,
1271 1822 1332 1859 secl
1334 1822 1469 1881 'qualis
1489 1830 1637 1859 tentum
1654 1822 1699 1859 sit
1720 1821 1808 1860 dies.
1822 1822 1962 1861 ldeiico
1978 1823 2151 1875 p1opheta

1163 1874 1256 1923 illos,
1280 1875 1342 1925 qui
1363 1875 1407 1911 de
1430 1874 1490 1911 die
1511 1874 1575 1911 illa
1595 1874 1732 1912 curiose
1754 1875 1938 1926 inquirunt
1957 1885 1991 1913 et
2010 1875 2150 1923 dicunt,

1165 1928 1318 1973 Quando
1336 1927 1452 1966 veniet
1460 1926 1654 1977 judicium,
1674 1928 1817 1977 quando
1837 1929 2072 1966 r¹osur1ectio9
2091 1943 2148 1966 re-

1162 1979 1353 2031 piehendit
1364 1989 1398 2017 et
1408 1979 1561 2016 refrenat
1570 1979 1628 2016 his
1641 1980 1784 2018 verbis:
1805 1982 1896 2018 Vae'
1883 1984 1943 2027 zis,
1964 1984 2031 2033 qui
2047 1995 2149 2033 quoe-
2165 1993 2259 2021 Amos
2276 1994 2305 2023 5
2319 1992 2350 2023 8.

1161 2047 1181 2070 r
1184 2041 1253 2070 unt
1272 2033 1373 2070 diem
1389 2034 1561 2070 Domini.
1582 2034 1633 2069 Ut
1647 2033 1741 2084 quid
1754 2033 1827 2070 illa
1841 2035 1954 2070 vobis
1970 2035 2052 2071 dies
2067 2036 2148 2072 Do-

1161 2088 1283 2122 mini?
1302 2087 1352 2122 Ac
1375 2085 1403 2121 si
1429 2084 1586 2122 diceret:
1605 2084 1724 2130 Quare
1751 2085 1880 2137 optatis
1906 2085 2029 2123 videre
2051 2086 2148 2124 diem

1161 2138 1332 2175 Domini?
1348 2138 1443 2176 Dies
1468 2138 1630 2174 Domini
1655 2140 1796 2175 acerba
1826 2147 1863 2175 et
1885 2139 1985 2176 dura
2005 2142 2147 2177 consti-
2162 2149 2348 2187 S0p11011.1.

1160 2200 1247 2229 tnta
1273 2199 1363 2229 est:
1384 2199 1519 2242 potens
1548 2199 1604 2228 est
1637 2190 1711 2227 illa
1736 2191 1816 2228 dies
1842 2191 2083 2229 calamitatis
2110 2200 2147 2229 et
2166 2192 2212 2228 ¹4
2240 2192 2284 2222 15-

1160 2245 1410 2282 necessitatis.
1427 2244 1565 2281 Metum
1593 2243 1754 2290 incussit,
1776 2252 1815 2280 ut
1835 2243 2070 2295 petulantiam
2097 2244 2146 2281 il—

1158 2297 1229 2334 lam
1248 2295 1549 2347 castigaret.Quia
1563 2295 1675 2346 igitur
1689 2296 1860 2348 optabant
1875 2296 1998 2334 videre
2008 2297 2143 2345 futura,

1159 2364 1239 2400 quae
1253 2350 1441 2387 bominum
1460 2358 1603 2401 captum
1617 2349 1843 2400 superabant,
1859 2349 2002 2387 dicebat
2016 2349 2145 2388 Serva—

1158 2413 1213 2441 tor
1231 2419 1237 2439 :
1255 2404 1346 2441 ZVon
1366 2411 1421 2440 est
1441 2410 1614 2439 vestrum
1641 2416 1751 2439 nosse
1773 2410 1944 2453 tempora
1966 2402 2035 2439 vel
2059 2417 2143 2439 mo-
2162 2418 2275 2446 Mam„
2294 2419 2345 2457 24,

1158 2465 1300 2494 menta.
1319 2454 1392 2494 Sed
1408 2469 1450 2492 ne
1463 2454 1646 2493 videretur
1661 2468 1707 2491 ex
1727 2454 1866 2491 invidia
1881 2454 1926 2491 ab
1941 2453 2009 2491 hac
2021 2455 2144 2506 cogni·
2157 2458 2210 2489 36.

1156 2509 1253 2547 tione
1271 2522 1404 2555 arcere,
1426 2521 1462 2545 se
1480 2521 1561 2544 cum
1590 2506 1835 2565 ignorantibus
1857 2516 2079 2557 annumerat,
2105 2517 2145 2546 ut
2248 2513 2253 2516 “

1157 2561 1318 2599 homines
1329 2560 1373 2597 de
1385 2559 1471 2597 tali
1463 2559 1661 2610 ignorantia
1675 2560 1834 2597 consolai
1835 2569 1927 2597 etur
1944 2560 2016 2597 Nec
2027 2560 2145 2619 angeli

1160 2622 1388 2665 cognoscunt,
1421 2612 1481 2649 ait.
1512 2611 1613 2657 Quid
1627 2625 1711 2649 'seio
1733 2612 1827 2649 ultia
1846 2611 1988 2661 anoelos
2005 2614 2145 2664 cogita-

1158 2668 1228 2705 tis?
1245 2668 1297 2705 Ne
1316 2667 1342 2703 F
1347 2666 1430 2702 ilius
1445 2664 1591 2714 quidem
1609 2664 1722 2702 novit.
1748 2664 1848 2712 Quid
1865 2640 1961 2702 ultra
1974 2680 2030 2703 me
2048 2680 2144 2703 ima—

1160 2719 1318 2770 ginarisi'
1333 2719 1424 2756 Cum
1438 2717 1573 2754 Filium
1591 2716 1709 2764 audis,
1722 2732 1797 2755 iem
1812 2727 1928 2755 mente
1942 2717 2143 2769 distingue:

1158 2772 1256 2810 silius
1273 2771 1367 2809 enim
1382 2771 1419 2808 in
1438 2769 1620 2807 communi
1639 2748 1772 2807 dieitur
1787 2769 1832 2807 de
1844 2769 2033 2809 divinitate
2051 2779 2085 2809 et
2102 2771 2146 2810 de

1159 2824 1392 2863 humanitate.
1414 2824 1466 2860 Ut
1490 2837 1574 2861 velo
1601 2822 1718 2860 discas
1737 2823 1910 2861 Filium
1900 2838 1936 2861 in
1961 2824 2147 2876 Scriptura

1159 2877 1279 2917 mcmi
1309 2877 1533 2914 senatorem
1562 2875 1804 2923 incamatum,
1828 2876 1918 2914 dicit
1946 2877 2068 2914 alibi·
2092 2878 2146 2914 Ec
2164 2895 2191 2914 t.
2209 2887 2298 2915 loun.
2320 2895 2329 2913 ι

1160 2932 1320 2982 sanguis
1335 2930 1430 2967 Jesu
1445 2928 1543 2966 Filii
1557 2931 1638 2979 ejus
1650 2930 1878 2966 emundabit
1891 2943 1960 2967 nos
1978 2931 2028 2966 ab
2042 2932 2148 2967 omni
2161 2938 2191 2967 7·

1159 2991 1329 3034 peccato.
1344 2981 1498 3033 Sanguis
1518 2995 1588 3019 non
1605 2980 1845 3030 divinitatem,
1861 2981 1923 3019 sed
1941 2982 2148 3020 humanita-

1161 3046 1231 3074 tem
1254 3043 1412 3094 spectat:
1430 3034 1481 3072 sic
1495 3043 1528 3072 et
1543 3034 1658 3087 ipsam
1674 3034 1871 3073 humanam
1895 3044 2062 3072 naturam
2087 3035 2149 3072 Fi-

1161 3089 1252 3126 lium
1269 3087 1440 3126 nominat.
1456 3086 1505 3125 Et
1521 3101 1603 3125 cum
1623 3087 1790 3136 dicimus,
1807 3086 1922 3125 Filius
1942 3087 2008 3125 Dei
2023 3100 2148 3141 passus

1160 3150 1227 3192 est,
1249 3140 1341 3192 quid
1366 3139 1548 3193 passibile,
1570 3139 1659 3192 quid
1684 3139 1904 3193 impassibile
1922 3140 1979 3190 sit,
2007 3140 2150 3179 confite-

1141 3247 1242 3278 etiam
1259 3244 1394 3278 inferius
1409 3270 1416 3285 ,
1432 3256 1467 3287 p.
1485 3246 1559 3279 ⁴60.

1189 3308 1202 3322 Β
1225 3298 1327 3331 Savii.
1346 3303 1424 3331 κατὰ
1449 3307 1554 3341 καινῷ,
1574 3298 1655 3341 Reg.
1684 3303 1762 3331 κατὰ
1783 3303 1885 3331 κοινοῦ.
1914 3295 2015 3329 Savil.
2042 3295 2150 3339 legen—

1145 3349 1224 3382 dum
1244 3358 1338 3393 putat
1356 3355 1434 3384 κατὰ
1449 3356 1551 3383 κοινόν.
