2481 3678
86 1228 204 1256 Manli.
220 1230 249 1258 6.

90 1271 135 1306 14.
153 1270 199 1299 15.

99 1489 229 1515 Paen'uen
236 1488 272 1514 lia

83 1539 149 1557 vera
165 1539 238 1565 quae.

83 1613 112 1632 2.
136 1604 204 1631 Pet.
219 1611 248 1631 2.

83 1653 132 1673 21.
160 1653 213 1675 22.

85 2454 222 2498 Philipp.
240 2454 269 2494 4.

86 2498 115 2525 5.
134 2499 162 2526 6.

87 2894 174 2921 Putat
185 2893 273 2931 Clu-y-

87 2945 130 2962 SOS
136 2941 161 2961 [0
167 2945 192 2961 nl
197 2944 228 2961 [IS

89 2986 144 3002 uon
194 2976 276 3010 longe

327 222 349 234 Π

296 233 383 265 230
417 230 421 231 ⁷
773 238 811 267 S.
849 238 1029 268 JOANMS
1065 237 1306 267 CllRYSOST.

291 331 324 359 et
354 322 559 361 hominibus
588 323 743 362 occultas
768 325 784 361 ἶ)
823 329 865 363 At
901 326 975 364 Deo
1009 339 1077 363 non
1109 325 1273 363 occultas.

292 382 339 420 Et
368 392 484 421 tamen
515 383 604 420 nihil
631 398 750 433 curas,
783 384 903 422 oculos
947 394 1064 422 autem
1090 384 1276 422 hominum

292 445 471 483 formidas.
487 445 608 496 Cogita
637 459 718 497 ergo
743 455 773 483 te
799 460 865 484 non
895 446 1052 484 homines
1074 447 1181 484 latere
1202 460 1276 498 pos-

291 520 326 543 se
358 507 393 543 in
423 506 481 543 die
517 506 590 543 illo.
625 506 754 543 Omnia
790 507 883 544 enim
918 506 1019 557 quasi
1048 507 1084 544 in
1123 507 1278 558 imagine

290 575 373 604 tunc
406 567 549 604 stabunt
585 576 663 604 ante
694 567 815 604 oculos
839 576 997 615 nostros,
1019 576 1058 604 ut
1083 567 1274 618 unusquis-

290 642 357 677 que
371 637 490 665 contra
508 642 543 665 se
559 628 645 665 serat
661 628 887 677 sententiam3
903 628 997 679 quod
1023 643 1067 666 ex
1086 628 1198 667 divite
1214 643 1276 680 pa-

288 687 359 726 lam
376 698 437 726 est.
456 689 597 726 Etenim
610 703 803 741 pauperem
819 689 922 726 illum
937 703 1043 740 quem
1056 689 1276 741 despexerat,

290 751 459 788 Lazarum
474 750 567 796 dico,
589 750 634 788 ob
658 751 778 789 oculos
807 760 956 789 stantem
980 751 1082 790 dives
1105 751 1212 801 Vidit,
1244 760 1277 789 et

286 825 391 862 quem
406 826 485 849 cum
504 812 648 850 horrore
663 811 847 864 depulerat
858 812 1010 864 digitum
1022 813 1097 864 jam
1113 821 1213 863 rogat
1232 812 1277 850 si-

287 873 324 910 bi
347 873 472 911 solatio
487 888 570 911 csse.
593 874 693 925 Rogo
714 873 835 924 igitur,
862 874 925 911 etsi
957 888 1059 911 nemo
1081 882 1197 911 nostra
1225 873 1277 911 vi-

289 934 383 984 deat,
399 935 531 987 singuli
543 935 577 972 in
591 950 691 973 suam
706 935 956 972 conscientiam
968 935 1225 986 ingrediantur,
1243 943 1276 971 et

283 996 526 1047 ι1111110011151111
547 996 718 1034 rationem
739 996 967 1045 constituant,
987 1005 1129 1048 peccata
1146 996 1180 1033 in
1203 1010 1275 1033 me-

285 1056 386 1094 dium
401 1067 519 1109 agant.
542 1057 589 1095 Et
609 1057 675 1094 uisi
695 1057 807 1095 velint
833 1070 871 1094 ea
889 1057 924 1094 in
949 1056 1009 1094 die
1036 1057 1098 1094 illa
1123 1056 1275 1094 terribili

289 1118 525 1169 promulgari,
544 1117 758 1168 poenitentiae
771 1116 926 1153 remedia
939 1125 1128 1168 apponant,
1140 1129 1181 1153 ae
1193 1116 1274 1155 vul-

286 1190 367 1214 nera
380 1187 513 1215 sanent.
530 1178 647 1214 Potest
670 1176 775 1225 enim,
790 1185 904 1228 potest
916 1177 1080 1226 quisque,
1097 1176 1161 1213 etsi
1175 1176 1276 1214 mille

287 1239 400 1291 plagis
409 1248 569 1286 onustus,
581 1252 688 1276 sanus
699 1238 809 1275 abire.
823 1238 912 1275 Nam
924 1238 963 1276 Si
975 1238 1210 1284 dimiseritis,
1226 1237 1275 1274 in-

285 1300 375 1350 quit,
386 1310 549 1352 peecata
570 1302 816 1337 dimittentur
834 1302 971 1344 vobis5
988 1301 1022 1337 si
1034 1313 1112 1336 non
1122 1300 1276 1337 dimise-

285 1365 385 1409 ritis,
413 1377 490 1400 non
512 1365 767 1400 dimittentur.
797 1360 1111 1409 Quemadmodum
1131 1361 1276 1399 enimin

284 1423 496 1475 baptismate
506 1424 625 1461 abluta
638 1433 779 1475 peccata
790 1437 858 1460 uon
867 1423 1021 1475 amplius
1032 1432 1214 1475 apparent:
1228 1422 1275 1459 ita

287 1495 319 1522 et
335 1486 410 1523 haec
428 1486 654 1535 delebuntur,
672 1485 699 1523 si
721 1486 963 1537 poenitentiam
979 1499 1137 1536 agamus.
1153 1485 1192 1522 ln
1211 1485 1276 1522 hoe

288 1556 405 1584 aulem
425 1546 632 1598 poenitentia
656 1545 720 1583 sita
742 1555 807 1596 est,
822 1560 865 1583 110
881 1545 1002 1583 eadem
1035 1545 1111 1597 ipsa
1134 1555 1274 1597 patren-

287 1607 481 1642 tueram
498 1608 564 1657 qui
578 1606 632 1642 ud
642 1613 805 1655 peccata
824 1606 1039 1649 revertitur,
1064 1604 1200 1641 similis
1221 1612 1276 1641 est

287 1670 377 1704 cani
393 1668 448 1703 ad
462 1669 653 1703 vomitum
674 1680 783 1703 suum
801 1666 975 1702 redeunti
984 1680 998 1708 ,0
1015 1678 1149 1702 necnon
1165 1664 1195 1702 01
1215 1665 1275 1715 qui

285 1728 481 1765 seeundum
496 1727 726 1779 proverbium
745 1726 864 1777 ignem
885 1726 1060 1774 verberat,
1082 1735 1115 1763 et
1139 1726 1174 1763 in
1193 1740 1274 1778 per-

285 1798 365 1826 tuso
384 1788 481 1826 dolio
502 1788 634 1825 haurit.
665 1789 814 1839 Oportet
839 1801 922 1838 ergo
944 1796 977 1825 ct
1002 1801 1038 1824 re
1061 1796 1094 1824 et
1114 1787 1232 1825 animo
1253 1802 1273 1825 a

1348 237 1555 268 aucillizl‘.
1594 239 1763 269 CONSTA
1774 241 1958 270 NTffioP.

1350 323 1530 379 Ἔπραξάς
1545 342 1577 363 τι
1595 327 1757 380 πονηρὸν,
1777 326 1798 374 ἢ
1820 328 2019 377 ἐνενόησας,
2040 329 2097 367 καὶ
2128 330 2290 381 κρύπτεις
2312 332 2368 370 οἴν-

1349 389 1503 440 θρωπον,
1522 387 1626 425 Ἀλλὰ
1641 388 1696 426 τὸν
1717 387 1805 426 Θεὸν
1825 391 1863 426 οὐ
1881 388 2052 442 κρύπτεις.
2075 389 2164 427 Ἀλλ’
2180 390 2273 429 οὐδὲν
2293 393 2367 431 τού-

1347 463 1414 485 των
1436 462 1489 485 σοι
1512 447 1630 498 μέλει·
1649 451 1680 486 οἱ
1699 448 1733 486 δὲ
1753 450 1924 500 ὀφθαλμοὶ
1952 453 2019 487 τῶν
2048 449 2249 501 ἀνθρώπων,
2268 451 2368 490 τοῦτό

1347 524 1400 547 σοι
1420 507 1533 560 φόὸος.
1556 511 1690 547 Οὐκοῦν
1704 509 1862 556 ἐννόησον
1878 510 1930 548 ὅτι
1945 509 2020 548 οὐδὲ
2037 509 2236 563 ἀνθρώπους
2252 514 2368 550 λαθεῖν

1348 569 1477 621 δυνήσῃ
1506 570 1598 608 κατὰ
1617 569 1679 616 τὴν
1696 569 1830 622 ἡμέραν
1856 570 2004 616 ἐκείνην.
2027 572 2150 609 Πάντα
2168 572 2235 624 γὰρ
2263 575 2308 616 ὡς
2334 576 2368 612 ἐν

1347 629 1453 668 εἰκόνι
1473 630 1550 668 τότε
1570 630 1738 677 στήσεται
1758 633 1834 669 κατ’
1857 631 2049 683 ὀφθαλμοὺς
2066 636 2180 683 ἡμῶν,
2202 636 2248 676 ὡς
2266 636 2367 672 αὐτο-

1347 691 1556 743 κατάκριτον
1586 692 1731 730 ἕκαστον
1765 692 1933 744 γενέσθαι.
1965 692 2034 730 Καὶ
2065 698 2167 731 τοῦτο
2192 695 2293 740 δῆλον
2309 695 2368 732 καὶ

1348 752 1416 790 ἀπὸ
1435 757 1494 790 τοῦ
1509 752 1688 791 πλουσίου.
1704 753 1773 790 Καὶ
1789 753 1856 804 γὰρ
1886 753 1944 790 καὶ
1973 753 2031 791 τὸν
2048 754 2283 806 ὑπεροφθέντα
2300 755 2366 792 πέ-

1347 828 1453 861 νητα,
1469 814 1526 852 τὸν
1545 813 1704 866 Λάζαρον
1715 813 1825 864 λέγω,
1842 813 1909 866 πρὸ
1927 816 2112 865 ὀφθαλμῶν
2131 809 2218 852 οἶδεν
2233 818 2369 853 ἑστῶτα

1346 874 1363 909 ὁ
1390 872 1568 919 πλούσιος,
1589 873 1648 910 καὶ
1681 872 1716 910 ὃν
1745 873 1913 916 πολλάκις
1949 873 2153 918 ἐίδελύξατο
2188 873 2367 920 δάκτυλον,

1346 938 1467 972 τοῦτον
1497 937 1694 986 παρακαλεῖ
1721 933 1945 986 παραμυθίαν
1967 936 2060 985 αὐτῷ
2088 934 2246 985 γενέσθαι
2280 934 2368 973 τότε.

1346 996 1550 1048 Παρακαλῶ
1565 996 1689 1043 τοίνυν,
1705 995 1768 1033 κᾶν
1783 996 1903 1046 μηδεὶς
1915 995 1969 1046 ἴδῃ
1986 995 2028 1032 τὰ
2042 995 2206 1048 ἡμέτερα,
2223 995 2368 1033 ἕκαστον

1345 1059 1444 1105 ἡμῶν
1472 1058 1519 1099 εἷς
1544 1057 1583 1095 τὸ
1614 1059 1737 1094 ἑαυτοῦ
1765 1057 1915 1100 συνειδὸς
1947 1058 2121 1104 εἰσελθεῖν,
2139 1057 2198 1094 καὶ
2228 1056 2370 1095 καθίσαι

1345 1119 1458 1168 ἑαυτῷ
1475 1117 1642 1163 δικαστὴν
1659 1118 1716 1155 τὸν
1732 1118 1911 1169 λογισμὸν,
1933 1118 1992 1156 καὶ
2012 1120 2059 1161 εἷς
2085 1118 2190 1168 μέσον
2211 1118 2304 1169 ἄγειν
2326 1118 2369 1156 τὰ

1345 1177 1696 1226 πεπλημμελημένα·
1725 1178 1784 1214 καὶ
1823 1180 1851 1215 εἷ
1883 1177 1931 1228 μὴ
1957 1177 1973 1197 ¹³
1992 1178 2148 1229 βούλοιτο
2175 1181 2370 1229 ἐκπομπευ-

1346 1239 1447 1283 θῆναι
1463 1240 1496 1275 ἐν
1512 1239 1553 1288 τῇ
1573 1238 1688 1290 ἡμέρᾳ
1713 1241 1755 1289 τῇ
1779 1238 1921 1290 φοὸερᾷ,
1939 1238 2120 1276 ἐπιτιθέτω
2138 1239 2181 1276 τὰ
2202 1241 2370 1291 φάρμακα

1346 1302 1408 1345 τῆς
1434 1298 1639 1349 μετανοίας,
1667 1299 1726 1337 καὶ
1746 1298 1901 1337 ἷασά;()ιι1
1934 1298 1979 1336 τὰ
2006 1299 2201 1352 τραύματα.
2230 1300 2371 1344 >Έξεστι

1347 1358 1431 1412 γὰρ,
1472 1358 1582 1402 ἔξεστι
1610 1359 1741 1412 μυρίων
1776 1359 1928 1410 γέμοντα
1956 1359 2177 1413 τραυμάτων,
2213 1362 2370 1399 ἀπελθεῖν

1347 1419 1557 1471 ὑγιαίνοντα.
1585 1420 1670 1459 Ἐὰν
1695 1421 1764 1474 γὰρ
1785 1423 1916 1473 ἀφῆτε,
1938 1420 2055 1472 φησὶν,
2073 1420 2246 1472 ἀφέωνται
2274 1424 2371 1471 ὑμῶν

1348 1484 1384 1519 αἱ
1403 1481 1590 1535 ἁμαρτίαι·
1609 1481 1666 1520 ἐὰν
1683 1481 1717 1520 δὲ
1735 1481 1783 1533 μὴ
1805 1484 1931 1533 ἀφῆτε,
1952 1484 2013 1519 οὐκ
2027 1483 2213 1534 ἀφέωνται.
2233 1482 2372 1535 (Ὠσπερ

1347 1542 1414 1595 γὰρ
1443 1544 1477 1579 ἓν
1496 1545 1546 1594 τῷ
1573 1542 1791 1593 βαπτίσματι
1821 1541 2119 1594 καταχωννύμενα
2148 1543 2189 1581 τὰ
2211 1543 2371 1594 ἁμαρτή-

1349 1619 1443 1653 ματα
1462 1605 1523 1641 οὐκ
1550 1603 1599 1640 ἔτι
1619 1603 1798 1656 φαίνεται·
1813 1603 1902 1642 οὕτω
1922 1603 1981 1641 καὶ
1999 1608 2111 1641 ταῦτα
2140 1604 2371 1655 ἀφανισθήσε-

1345 1681 1423 1712 ται,
1441 1665 1500 1703 ἐὰν
1517 1665 1717 1715 θελήσωμεν
1736 1667 1962 1715 μετανοῆσαι.
1978 1663 2082 1703 ’Έστι
2098 1666 2133 1703 δὲ
2150 1664 2317 1714 μετάνοια
2333 1666 2372 1703 τὸ

1347 1725 1501 1775 μηκέτιο
1520 1725 1564 1764 τὰ
1588 1725 1676 1763 αὐτὰ
1699 1732 1822 1764 ποιεῖν.
1846 1725 1890 1763 ‘O
1906 1726 1973 1778 γὰρ
2000 1732 2071 1769 τοῖς
2094 1728 2207 1769 αὐτοῖς
2235 1729 2371 1777 ἐπιχει-

1349 1788 1428 1839 ρῶν,
1458 1786 1547 1824 ἔοικε
1580 1789 1630 1838 τῷ
1655 1786 1731 1824 κυνὶ
1760 1789 1809 1838 τῷ
1840 1786 1927 1839 πρὸς
1950 1786 2007 1824 τὸν
2033 1786 2116 1824 ἴδιον
2144 1785 2264 1837 ἔμετον
2289 1789 2371 1825 ἐπα-

284 1850 476 1888 sceleribus
495 1849 683 1898 abstinere,
703 1858 807 1900 atque
826 1849 1000 1887 contraria
1016 1849 1168 1901 peccatis
1199 1849 1273 1887 sin-
1287 1847 1469 1903 2οΟνιόντι,
1487 1847 1546 1885 καὶ
1566 1848 1615 1898 τῷ
1634 1847 1726 1885 κατὰ
1744 1847 1807 1894 τὴν
1839 1846 2031 1900 παροιμίαν
2051 1849 2098 1889 εἷς
2123 1850 2193 1899 πῦρ
2223 1846 2372 1891 ξαίνοντι

284 1911 379 1962 gulis
398 1911 554 1949 remedia
575 1924 760 1962 apponere.
780 1910 946 1962 Exempli
964 1924 1082 1959 causa,
1109 1909 1272 1962 rapuisti,
1297 1915 1323 1945 A
1344 1906 1404 1945 καὶ
1436 1909 1483 1951 εἷς
1501 1907 1710 1961 τετρημένον
1740 1910 1918 1946 ἀντλοῦντι
1937 1907 2047 1946 πίθον.
2068 1909 2130 1946 Δεῖ
2157 1908 2268 1946 τοίνυν
2294 1908 2371 1961 ἀφί-

283 1982 316 2010 01
329 1986 458 2012 avarus
478 1972 601 2009 fuisti?
616 1973 643 2007 A
665 1971 788 2023 rapina
808 1971 959 2020 abstine,
978 1980 1011 2008 et
1041 1971 1272 2023 eleemosynae

283 2033 478 2070 remedium
500 2031 640 2071 vulneri
660 2031 821 2069 admove.
843 2031 1052 2069 Fornicatus
1069 2032 1129 2069 es‘?
1148 2033 1175 2068 A
1201 2032 1271 2070 for-

284 2094 457 2131 nicatione
488 2092 631 2140 absiste,
661 2101 693 2129 01
722 2091 863 2131 vulneri
891 2092 1089 2129 castitatem
1118 2106 1267 2144 appone.

283 2155 417 2191 Fratris
433 2154 484 2191 tui
498 2155 629 2190 famam
643 2153 750 2192 verbo
773 2152 907 2202 laesisti,
935 2153 1074 2205 ipsique
1094 2153 1270 2191 nocuisti?

284 2218 312 2252 A
332 2214 530 2253 maledictis
549 2214 700 2263 abstine,
734 2223 765 2250 et
799 2213 955 2251 caritatis
984 2213 1184 2251 remedium
1210 2228 1271 2266 ap—

283 2291 383 2329 pone.
424 2277 476 2313 Ita
507 2290 569 2327 per
592 2274 731 2327 singula
756 2274 943 2325 faciamus,
977 2289 1088 2325 neque
1130 2285 1271 2327 peccata

284 2345 578 2374 transcurramus.
611 2336 704 2372 Nam
729 2334 835 2372 instat
859 2334 1016 2381 demum,
1050 2335 1156 2373 instat
1182 2345 1273 2373 certe

284 2397 429 2434 rationis
450 2395 641 2434 reddendae
658 2405 807 2448 tempus.
839 2394 922 2433 Ideo
950 2395 1082 2433 Paulus
1101 2395 1241 2434 dicebat
1263 2412 1269 2432 τ

286 2460 477 2497 Dominus
501 2472 618 2510 prope
641 2465 695 2495 est
705 2476 719 2503 ,·
753 2458 853 2495 nihil
880 2457 1039 2495 solliciti
1074 2460 1170 2495 sitis.
1203 2458 1271 2496 Sed

285 2522 385 2560 uobis
403 2523 492 2559 forte
522 2529 643 2558 contra
671 2519 866 2558 dicendum
890 2529 953 2569 est,
986 2520 1164 2557 Dominus
1190 2534 1272 2572 pro-

285 2597 328 2634 pe
348 2591 413 2631 est,
432 2582 575 2619 solliciti
594 2590 711 2628 estote.
742 2581 802 2618 Illi
830 2575 982 2630 fiamque
1010 2589 1095 2618 tunc
1122 2581 1274 2633 pulchre

284 2643 491 2691 audiebant,
530 2642 642 2681 Nihil
677 2642 834 2680 solliciti
870 2644 967 2687 silis,
1013 2641 1074 2692 qui
1107 2642 1142 2679 in
1183 2656 1273 2679 seru·
1300 2646 1321 2676 B

286 2705 393 2752 mnis,
415 2704 612 2754 laboribus,
630 2702 883 2741 certaminibus
900 2702 1085 2753 degebant.
1109 2703 1183 2750 Qui
1211 2717 1274 2740 au-

286 2775 356 2803 tem
371 2765 407 2802 in
420 2764 553 2816 rapinis
576 2773 773 2813 versantur,
795 2763 831 2800 in
853 2763 1046 2815 voluptate,
1067 2763 1127 2813 qui
1151 2777 1276 2816 graves

287 2825 463 2864 reddituri
479 2834 558 2862 sunt
577 2825 739 2873 rationes,
757 2838 825 2862 non
844 2824 925 2873 hoc,
954 2824 1015 2862 sed
1036 2823 1131 2861 illud
1150 2824 1275 2862 merito

288 2887 478 2934 audierint,
496 2886 670 2923 Dominus
685 2899 792 2937 prope
806 2894 874 2922 est:
897 2885 1039 2922 solliciti
1059 2894 1176 2923 estote.
1197 2886 1276 2923 Non

290 2949 382 2986 enim
399 2948 501 2999 longe
516 2961 534 2983 a
555 2946 855 2984 consummatione
871 2945 1055 2996 absumus,
1078 2945 1141 2984 sed
1163 2945 1208 2983 ad
1232 2946 1275 2984 fi—

88 3026 148 3042 esse
191 3016 275 3044 finem
291 3023 369 3046 110111
384 3009 459 3061 jam
475 3005 629 3045 mundus
655 3005 781 3057 vergit.
813 3005 887 3042 Iloc
909 3006 1147 3057 praenuntiant
1169 3006 1275 3056 bella,

89 3057 201 3084 muudi.

290 3083 465 3118 zerulunae,
480 3078 578 3107 terrae
599 3075 727 3114 motus,
747 3066 813 3102 1100
828 3066 1001 3104 exstincta
1021 3067 1159 3105 caritas.
1175 3067 1276 3105 Sicut

291 3131 384 3169 enim
405 3144 533 3182 corpus
552 3128 736 3179 exspirans
760 3135 788 3163 01
819 3125 922 3163 1110111
945 3126 1151 3177 proximum
1177 3126 1276 3164 mille

289 3192 472 3229 doloribus
487 3188 656 3238 afficitur,
677 3197 707 3225 et
728 3187 865 3224 ruitura
897 3185 1023 3223 domus
1051 3187 1162 3224 multa
1187 3201 1276 3239 prae-

337 3323 350 3342 t,
367 3320 518 3361 [βουλοιτο
535 3324 603 3350 τότε
618 3321 681 3350 &trr-
706 3321 734 3348 ἐν
752 3320 844 3358 ἐκείνῃ
862 3322 899 3359 τῇ
912 3320 964 3357 hp.-
988 3330 1015 3347 τ.
1036 3330 1079 3359 μ,
1100 3320 1228 3348 ἱασαῖοθω
1243 3318 1295 3352 ἤδη

292 3378 329 3403 τά
349 3387 415 3404 το..
438 3373 589 3404 ἐπι-τιθέτω
605 3375 642 3401 τὰ
660 3382 689 3412 ρ,
710 3383 736 3400 τ.
757 3383 792 3409 μ..
812 3366 912 3400 Savll.
937 3364 1090 3398 ctCOdd.
1111 3365 1245 3408 nosti-L]

336 3432 347 3445 t
365 3421 509 3461 Quidam
527 3419 649 3452 habent
666 3426 760 3453 ταῦτα.
777 3427 876 3453 meu-1.
895 3418 997 3450 Paulo
1017 3426 1091 3460 post
1105 3418 1205 3450 Savil.
1228 3424 1298 3452 ἐτεκ-

1343 1973 1493 2007 στασθαι
1509 1968 1567 2006 καὶ
1586 1971 1628 2020 τῇ
1649 1967 1773 2020 πράξει
1798 1968 1857 2006 καὶ
1877 1971 1920 2020 τῇ
1940 1967 2063 2020 γνώμῃ
2090 1971 2155 2006 τῶν
2182 1969 2372 2020 τολμηθέν-

1341 2046 1422 2076 των,
1443 2030 1502 2067 καὶ
1529 2029 1748 2073 ἀποστάντας
1778 2030 1948 2081 φάρμακα
1974 2031 2142 2067 ἐπιθεῖνπ
2169 2035 2239 2073 τοῖς
2265 2030 2369 2081 τραύ-

1345 2107 1432 2142 μασι
1459 2090 1502 2129 τὰ
1522 2090 1662 2130 ἐναντία
1683 2093 1752 2128 τῶν
1781 2091 2060 2143 ἁμαρτημάτων.
2076 2085 2128 2128 (siv
2144 2105 2161 2127 ν
2189 2107 2224 2128 τι
2258 2090 2348 2142 λέγω
2363 2107 2370 2113 ·

1342 2153 1505 2204 ἥρπασας
1527 2152 1585 2190 καὶ
1601 2152 1875 2199 ἐπλεονέκτησας
1889 2168 1898 2199 ;
1910 2151 2097 2197 Ἀπόστηθι
2111 2154 2173 2197 τ’ῆς
2189 2152 2350 2203 ἁρπαγῆς
2362 2182 2371 2199 ,

1342 2213 1400 2250 καὶ
1421 2213 1534 2256 ἐπίθες
1560 2212 1795 2263 ἐλεημοσύνην
1815 2214 1865 2264 τῷ
1894 2211 2080 2264 τραύματι.
2113 2211 2371 2264 ἾΞπόρνευσας,

1343 2273 1530 2320 Ἀπόστηθι
1549 2277 1610 2320 τῆς
1626 2272 1807 2325 πορνείας,
1825 2272 1885 2310 καὶ
1906 2271 2020 2316 ἐπίθες
2039 2272 2177 2323 ἁγνείαν
2194 2275 2243 2324 τῷ
2264 2271 2371 2311 ἕλκει.

1900 2332 1907 2345 ἱ

1344 2337 1471 2377 Κακῶς
1489 2328 1581 2377 εἶπες
1606 2334 1663 2372 τὸν
1690 2333 1835 2385 ἀδελφὸν
1853 2349 1913 2370 και
1932 2332 2104 2384 ἔὲλαψαςς
2122 2333 2267 2370 Παῦσαι
2281 2336 2293 2352 ³
2305 2349 2371 2370 κα-

1344 2398 1512 2447 κηγορῶν,
1539 2396 1598 2433 καὶ
1620 2394 1732 2437 ἐπίθες
1751 2393 2016 2446 φιλοφροσύνην.
2036 2393 2106 2431 Καὶ
2134 2394 2211 2430 καθ’
2224 2393 2370 2432 ἕκαστον

1344 2455 1433 2494 οὕτω
1453 2459 1607 2506 ποιῶμεν
1639 2458 1706 2493 τῶν
1727 2453 2083 2505 πεπλ·ι]μμελημε’νιι)ν
2105 2458 2203 2504 ἡμῖν,
2230 2454 2289 2492 καὶ
2322 2454 2369 2505 μὴ

1344 2517 1462 2560 ἁπλῶς
1482 2516 1761 2569 παρατρέχωμεν
1777 2514 1821 2553 τὰ
1841 2514 2084 2565 ἁμαρτήματα
2096 2529 2103 2537 ·
2121 2513 2288 2566 ἐφέστηκε
2304 2514 2371 2567 γὰρ

1343 2579 1475 2626 λοιπὸν,
1495 2577 1682 2629 ἐφέστηκεν
1710 2580 1728 2614 ὅ
1757 2579 1824 2614 τῶν
1856 2578 2000 2614 εὐθυνῶν
2022 2575 2152 2628 καιρός.
2173 2575 2237 2613 Διὸ
2263 2575 2322 2613 καὶ
2354 2580 2372 2614 ὃ

1344 2640 1483 2682 Παῦλος
1510 2638 1645 2690 ἔλεγενι
1665 2638 1710 2676 ‘O
1732 2637 1858 2691 Κύριος
1887 2635 2004 2688 ἐγγὺς,
2029 2636 2134 2686 μηδὲν
2169 2643 2369 2688 μεριμνᾶτε.

1344 2699 1434 2738 Ἀλλ’
1450 2704 1534 2751 ἡμῖν
1560 2699 1655 2751 τάχα
1673 2698 1866 2737 τούναντίον
1889 2697 1979 2735 ἐστὶν
2003 2696 2191 2748 ἐπιλέγειν·
2212 2701 2230 2735 ὃ
2246 2696 2371 2748 Κύριος

1345 2761 1464 2813 ἐγγὺς,
1498 2767 1700 2812 μεριμνᾶτε.
1721 2759 1872 2797 Ἐκεῖνοι
1903 2756 1963 2808 μὲν
1995 2756 2062 2808 γὰρ
2095 2758 2211 2800 καλῶς
2233 2756 2370 2803 ἤκουον,

1345 2821 1464 2869 Μηδὲν
1499 2823 1757 2873 μεριμνᾶτε,ἐν
1781 2820 1894 2870 θλίψει
1925 2817 1984 2855 καὶ
2013 2816 2128 2860 πόνοις
2161 2817 2220 2854 καὶ
2241 2819 2369 2868 ἀγῶσιν

1345 2883 1456 2926 ὄντες·
1476 2885 1507 2920 οἱ
1525 2880 1560 2919 δὲ
1577 2883 1610 2918 ἐν
1626 2882 1800 2933 ἁρπαγαῖς
1819 2881 1942 2922 ζῶντες
1963 2877 2022 2916 καὶ
2039 2878 2072 2914 ἐν
2095 2881 2203 2930 τρυφῇ
2219 2908 2228 2925 ,
2245 2880 2276 2915 οἱ
2298 2894 2369 2929 χα-

1345 2942 1452 2985 λεπὰς
1467 2941 1604 2984 εὐθύνας
1620 2941 1800 2991 μέλλοντες
1812 2938 1965 2986 διδόναι,
1979 2940 2017 2976 οὗ
2032 2943 2143 2986 τοῦτο,
2171 2939 2246 2976 ἀλλ’
2263 2941 2371 2976 ἐκεῖνο

1347 2999 1387 3037 ἂν
1410 2997 1591 3037 ἀκούσαιεν
1620 2997 1780 3040 εἰκότως·
1813 2999 1830 3033 ὁ
1859 2995 1985 3049 Κύριος
2020 2995 2138 3047 ἐγγὺς,
2168 3002 2368 3048 μεριμνᾶτε.

1347 3058 1439 3098 Οὐδὲ
1458 3058 1525 3110 γὰρ
1546 3057 1650 3101 πολὺς
1676 3057 1833 3096 λείπεται
1863 3060 1924 3102 τῆς
1953 3056 2147 3100 συντελείας
2176 3059 2193 3094 ὃ
2228 3055 2369 3109 χρόνος,

1348 3120 1437 3158 ἀλλὰ
1450 3120 1534 3171 πρὸς
1556 3118 1594 3156 τὸ
1612 3117 1707 3161 τέλος
1732 3118 1850 3155 λοιπὸν
1872 3120 1889 3154 ὁ
1908 3117 2037 3168 κόσμος
2053 3117 2239 3168 ἐπείγεται.
2257 3118 2370 3155 Τοῦτο

1347 3189 1377 3224 οἱ
1397 3186 1543 3236 πόλεμοι
1577 3186 1737 3232 δηλοῦσι,
1764 3188 1863 3222 τοῦτο
1891 3186 1927 3222 αἱ
1946 3183 2076 3235 θλίψεις
2089 3215 2098 3232 ,
2119 3188 2219 3222 τοῦτο
2247 3185 2277 3221 οἱ
2299 3199 2368 3221 σει-

1363 3322 1448 3348 viduari
1464 3325 1469 3331 ·
1486 3317 1527 3347 δεῖ
1542 3317 1635 3346 τοίνυν
1647 3317 1840 3355 ἀφίστασθαι,
1860 3319 1892 3343 et
1908 3312 1954 3343 510
1970 3310 2104 3354 quidam
2122 3311 2198 3344 Mss.
2214 3309 2274 3343 Alii
2291 3321 2368 3343 vero

1365 3377 1423 3399 uec
1438 3366 1608 3408 pauciores
1630 3363 1840 3405 011110101105,
1861 3372 1895 3395 ut
1913 3363 2084 3397 edidimus-

1408 3428 1419 3442 e
1442 3416 1542 3450 50111.
1560 3426 1741 3462 κατηγορῶν.
