2522 3683
368 187 461 248 <348

368 286 417 333 ri,
447 284 614 337 periculis
626 313 636 332 ,
670 282 888 333 carceribus,
911 280 1200 331 abductionibuS,
1235 289 1345 317 sarta-

367 338 525 389 ginibus,
551 336 707 380 insidiis,
736 336 898 388 populis,
930 335 1087 385 regibus,
1119 332 1344 380 domesticis,

366 390 502 438 alienis,
522 390 619 427 falsis
640 389 808 426 fratribus
826 387 1087 431 insidiantibus,
1105 386 1273 423 fratribus
1292 384 1346 422 in-

367 443 496 491 firmis,
521 442 644 480 alienis
665 441 949 489 abscedentibus,
982 438 1236 485 familiaribus,
1264 452 1348 489 sup-

366 496 555 548 plantatis?
578 494 753 545 quomodo
776 507 914 544 corpus,
934 492 1110 542 quomodo
1130 491 1247 528 anima
1275 489 1347 527 suf-

367 549 470 587 ficere
487 548 644 600 poterat?
662 546 803 583 Catenis
822 545 1138 595 constringebatur,
1158 544 1193 580 in
1214 556 1349 580 carcere

366 601 563 643 habitabat,
584 599 750 651 epistolas
781 597 955 635 scribebat
973 626 983 645 ,
1009 596 1093 633 hinc
1115 596 1347 647 ejiciebatur,

365 654 439 691 illic
459 652 596 690 insidiis
609 651 848 702 appetebatur,
867 650 950 686 hinc
966 649 1081 700 angeli
1100 657 1239 695 satanae,
1252 647 1351 685 illinc

367 706 512 757 angelus
533 714 631 742 satan
650 719 656 739 :
681 703 786 740 multi
813 702 927 751 angeli
953 710 1098 749 satanae,
1121 701 1157 737 hi
1178 701 1213 738 in
1234 714 1350 737 carce-

367 773 442 796 rem
459 789 467 805 ,
488 757 540 795 illi
561 758 594 794 in
621 755 813 793 tribunalia
834 752 1030 793 trahebant.
1051 755 1129 791 Non
1151 753 1351 791 sufficiebat
1374 757 1397 787 C

367 811 452 859 illis,
468 810 619 862 peribat,
637 808 754 846 anima
781 808 1020 845 cruciabatur.
1040 808 1150 845 Canes
1166 820 1234 843 non
1253 804 1350 844 vide-

367 864 443 913 bat,
465 872 498 901 et
516 862 756 907 mordebatur,
779 860 915 898 insidiis
934 860 1090 910 undique
1109 859 1350 911 appetebatur.

369 916 426 953 Ad
445 918 561 954 Deum
578 914 714 952 accedit
734 913 891 965 dicitque
915 929 922 949 :
944 914 1044 963 Rogo
1067 921 1112 961 te,
1132 912 1280 962 paulum
1299 924 1353 947 re-

370 969 501 1021 spirem
522 985 528 1004 :
551 967 729 1019 quomodo
748 966 802 1003 his
823 965 1030 1003 sufficiam?
1050 964 1204 1014 Angelus
1223 972 1352 1000 satanae

370 1022 472 1073 pellit
491 1036 565 1068 me,
592 1020 746 1067 inimici,
774 1018 1011 1065 insidiatores,
1037 1016 1196 1067 gentiles,
1220 1015 1352 1063 Judaei,

371 1075 451 1112 falsi
470 1075 612 1119 fratreS,
634 1071 766 1109 infirmi
793 1071 938 1107 fratres:
959 1068 1118 1120 parturio
1139 1077 1173 1105 et
1191 1068 1355 1104 abortum

371 1128 499 1164 faciam
526 1142 533 1162 :
555 1139 625 1162 non
644 1125 771 1175 gigno,
796 1131 829 1160 et
849 1122 911 1159 alii
931 1121 1143 1159 insidiantur
1166 1135 1173 1156 ε
1195 1119 1302 1157 hodie
1320 1119 1356 1156 in

373 1193 522 1229 carcere,
542 1192 617 1215 cras
634 1178 669 1214 in
689 1176 797 1223 mari,
814 1174 942 1212 deiude
967 1174 1003 1211 in
1024 1174 1148 1226 pelago
1162 1203 1171 1220 ,
1193 1172 1228 1210 in
1248 1173 1355 1221 fame,

373 1233 408 1269 in
429 1232 502 1277 siti,
525 1232 560 1268 in
578 1229 795 1276 nuditate,in
816 1227 1069 1278 sartaginibus,
1088 1226 1125 1263 in
1145 1225 1306 1273 caminis,
1321 1224 1358 1261 in

373 1285 572 1322 itineribus.
597 1281 787 1331 Quomodo
807 1281 850 1319 iis
877 1280 1081 1319 sufficiam?
1104 1280 1184 1317 Una
1213 1287 1263 1316 est
1281 1277 1357 1315 ani-

374 1351 445 1382 ma,
462 1351 573 1374 unum
595 1350 733 1387 corpus.
751 1336 850 1385 Rogo
869 1343 916 1383 te,
932 1347 988 1370 me
1008 1342 1118 1379 tuere,
1138 1346 1180 1369 ne
1200 1330 1359 1383 colaphis

375 1390 498 1428 caedar.
520 1389 620 1427 Nihil
642 1389 696 1426 illi
718 1389 814 1425 Deus
829 1386 1023 1438 respondit.
1041 1385 1097 1422 Ad
1117 1385 1221 1422 illum
1240 1383 1358 1421 denuo

374 1443 530 1481 accedit:
552 1442 702 1480 Dimitte
727 1455 783 1478 me
796 1470 806 1488 ,
827 1454 944 1491 quaeso
958 1469 967 1487 ,
989 1439 1138 1491 paulum
1163 1437 1356 1489 respirem:

374 1497 481 1534 homo
503 1510 581 1533 sum
601 1509 707 1543 unus,
729 1503 761 1531 et
785 1494 906 1531 orbem
925 1492 1015 1530 mihi
1039 1490 1246 1529 commisisti
1267 1506 1274 1526 :
1295 1491 1358 1527 ho-

375 1563 434 1586 mo
445 1563 523 1586 sum
537 1562 644 1593 unus,
657 1557 690 1585 et
705 1547 750 1584 ab
763 1546 928 1583 omnibus
947 1545 1103 1595 undique
1122 1543 1200 1580 telis
1215 1543 1356 1580 obruor.

378 1601 523 1639 Accedit
542 1602 670 1639 iterum
685 1599 731 1636 ad
750 1599 883 1650 ipsum,
907 1607 940 1635 et
969 1598 1041 1635 ait:
1065 1598 1164 1647 Rogo
1190 1605 1236 1639 te,
1261 1604 1359 1633 tuere
1384 1607 1407 1635 D

377 1668 446 1697 me,
464 1668 505 1691 ne
528 1654 734 1706 colaphizer.
752 1652 854 1688 Nihil
876 1650 943 1701 ipsi
959 1652 1054 1687 Deus
1074 1648 1275 1701 respondit:
1295 1650 1360 1685 Ac-

378 1707 479 1745 cessit
493 1706 607 1744 denuo
627 1704 671 1742 ad
687 1719 782 1752 eum,
798 1703 941 1741 fastidio
956 1703 1101 1740 affectus
1120 1702 1216 1740 velut
1229 1701 1360 1738 athleta

377 1759 525 1809 quidam
550 1758 723 1797 sexcentis
739 1758 896 1809 objectus
923 1756 1003 1794 aliis
1017 1787 1025 1803 ,
1048 1755 1110 1806 qui
1130 1755 1248 1807 ipsum
1267 1768 1360 1791 mor-

378 1812 483 1850 deant
504 1822 536 1850 et
562 1821 667 1864 caput
696 1811 771 1862 ejus
792 1810 953 1847 tundant.
981 1808 1148 1847 Secunda}
1169 1806 1362 1859 precationi

380 1866 470 1902 nihil
485 1865 673 1917 respondit.
690 1863 843 1900 Accescit
862 1862 978 1911 tertie,
995 1871 1027 1899 et
1039 1870 1124 1898 tunc
1142 1860 1334 1912 respondit.

434 1921 468 1956 5.
491 1920 564 1955 Cur
581 1916 744 1955 distulit?
764 1918 812 1953 Ut
838 1914 965 1962 discas,
986 1928 1054 1952 non
1076 1913 1195 1951 statim
1214 1927 1287 1951 esse
1304 1926 1361 1949 re-

380 1970 595 2019 cedendum,
613 1979 652 2007 ut
669 1969 800 2018 discas,
818 1968 847 2005 si
865 1967 953 2018 quid
968 1976 1064 2019 petas
1082 1966 1179 2017 quod
1194 1980 1263 2003 non
1283 1979 1364 2018 pro-

381 2024 447 2071 sit,
468 2032 501 2060 ct
523 2022 739 2060 contrarium
762 2020 915 2073 accipias
931 2051 939 2067 ,
968 2034 1037 2057 non
1064 2033 1156 2071 aegre
1180 2019 1362 2056 ferendum

381 2091 464 2113 esse.
495 2076 588 2113 Petis
617 2089 709 2127 saepe
732 2074 769 2111 id
789 2073 885 2124 quod
903 2074 1130 2125 profuturum
1149 2081 1251 2124 putas
1270 2103 1278 2120 ,
1302 2085 1364 2109 nec

381 2129 535 2181 prodest.
554 2130 651 2166 Deus
670 2141 738 2165 non
759 2127 936 2178 lacrymas
954 2124 1116 2174 attendit,
1139 2124 1199 2163 sed
1227 2139 1263 2162 ea
1285 2139 1364 2175 quoe

382 2182 475 2219 mala
490 2191 583 2219 sunt.
604 2183 695 2219 Puer
712 2193 863 2230 namque
879 2193 970 2230 szepe
986 2191 1112 2231 panem
1134 2192 1154 2215 a
1178 2187 1288 2215 matre
1306 2193 1365 2229 pe-

383 2234 427 2272 tit
447 2251 453 2270 :
475 2244 511 2272 at
530 2234 558 2272 si
578 2233 666 2284 quid
684 2246 815 2270 noxam
833 2232 981 2269 asserens
996 2239 1105 2282 petat,
1123 2244 1192 2268 non
1209 2230 1270 2267 dat
1290 2231 1365 2279 illa,

383 2301 447 2325 nec
474 2287 652 2324 dolentem
678 2294 802 2331 curat,
823 2284 886 2321 sed
912 2283 1102 2321 utilitatem
1123 2283 1277 2334 respicit.
1302 2284 1367 2320 Fe-

382 2340 554 2377 bricitans
584 2353 722 2390 quoque
752 2337 889 2375 medico
918 2351 1008 2388 saepe
1042 2336 1212 2373 molestus
1238 2345 1314 2384 est,
1331 2344 1370 2372 ut

383 2393 553 2443 frigidam
566 2393 744 2444 potionem
762 2390 835 2438 det,
853 2403 966 2439 neque
985 2389 1045 2426 ille
1065 2387 1242 2426 concedit:
1259 2402 1370 2438 neque

384 2447 479 2483 enim
503 2445 665 2497 praesenti
687 2444 800 2481 noxia:
826 2441 1014 2494 cupiditati
1038 2440 1199 2489 attendit,
1228 2440 1289 2478 sed
1314 2441 1369 2477 fu-

386 2508 472 2536 turae
488 2498 683 2536 valetudini
702 2496 831 2534 studet.
844 2497 897 2533 Ita
917 2503 950 2532 et
969 2494 1102 2531 Paulus
1117 2493 1154 2531 id
1172 2493 1268 2544 quod
1284 2493 1370 2531 utile
1395 2513 1417 2543 E

387 2560 476 2588 essct
505 2560 619 2602 petere
647 2549 833 2587 nesciebat.
855 2549 935 2594 Qua
964 2561 1046 2599 ergo
1066 2546 1170 2585 venia
1189 2546 1288 2597 digni
1311 2561 1369 2584 511-

388 2604 494 2641 mus?
514 2603 699 2653 Siquidem
722 2602 882 2639 animum
901 2599 1136 2651 despondens,
1160 2599 1304 2637 accessit
1322 2599 1370 2636 ad

389 2656 493 2694 illum
508 2656 628 2693 dicens
650 2671 657 2691 z
676 2655 869 2692 Paululum
888 2653 1071 2704 respirem,
1094 2667 1113 2689 a
1132 2652 1298 2703 periculis
1326 2651 1372 2688 li-

389 2709 502 2755 berer,
519 2709 703 2760 p÷mlulum
723 2707 810 2745 mihi
826 2705 954 2757 quietis
975 2704 1124 2743 concede
1140 2721 1147 2740 ε
1165 2705 1258 2742 solus
1275 2718 1368 2752 sum,

393 2770 425 2797 et
454 2761 541 2797 milii
567 2770 680 2798 totum
706 2761 828 2797 orbem
848 2758 1067 2797 commisisti.
1089 2757 1208 2795 Primo
1229 2758 1374 2795 accessit

394 2813 440 2850 ad
461 2828 554 2855 eum,
575 2823 607 2850 ct
633 2813 722 2850 nihil
747 2812 948 2864 respondit:
967 2809 1119 2848 secundo
1135 2820 1167 2847 01
1187 2810 1289 2848 tertio
1317 2824 1374 2847 ac-

196 2891 226 2909 2.
246 2882 378 2907 (201212.
396 2866 524 2902 cessit:
554 2868 718 2916 Propter
756 2866 860 2916 quod
891 2874 947 2902 ter
977 2865 1189 2901 Dominum
1227 2865 1373 2914 rogavi.

398 2918 542 2964 Quare?
569 2920 617 2954 Ut
638 2917 837 2955 abscederet
856 2932 874 2954 a
902 2931 957 2954 me
988 2916 1134 2966 angelus
1163 2925 1305 2963 satanze,
1341 2915 1377 2952 id

396 2980 458 3019 cst,
478 2970 768 3007 ;1‹tv‹=1·s;.1·ii.‹1m·
785 2970 858 3006 ita?
875 2971 923 3007 Ut
943 2969 1016 3007 sine
1034 2969 1155 3006 labore
1173 2967 1377 3020 praedicem,

398 3033 437 3060 ut
454 3038 495 3060 ne
513 3022 753 3059 insidiatorem
772 3022 939 3068 babeam,
962 3036 1005 3058 ne
1025 3022 1189 3058 inimicus
1206 3020 1312 3065 adsit,
1337 3034 1379 3057 ne

1328 199 1501 228 SPURtA.

1418 279 1584 331 λοτρίοις,
1601 277 1846 330 ψευδαδέλφοις
1862 276 2156 324 ἔπιδουλεύουσιν,
2172 276 2327 327 ἀδελφοῖς
2345 276 2442 314 ἀσθε-

1417 337 1545 379 νοῦσιν,
1571 329 1764 382 ἀλλοτρίοις
1795 329 2066 382 ἀπερχομένοις,
2097 335 2166 371 τοῖς
2186 329 2345 373 οἰκείοις,
2372 334 2443 371 τοῖς

1418 383 1723 433 ἃσκελιζομένοις,
1755 386 1821 420 ποῧ
1842 382 1942 434 ἤρκει
1972 382 2011 420 τὸ
2039 384 2161 431 σῶμα,
2194 384 2259 419 ποῦ
2291 380 2391 433 ἤρκει
2422 383 2444 425 ἦ

1420 437 1537 488 ψυχή,
1560 436 1698 474 Ἅλυσιν
1720 434 1915 487 περιέκειτο
1932 466 1941 481 ,
1967 434 2205 485 δεσμωτήριον
2232 433 2334 485 ᾤκει,
2364 434 2446 470 ἐπι-

1423 489 1546 533 στολὰς
1578 488 1744 540 ἔγραφεν·
1771 487 1863 526 ἔνθεν
1897 487 2120 533 ἐξεὸάλλετο,
2148 489 2276 524 ἐκεῖθεν
2298 485 2447 523 &2600-

1422 542 1560 580 λεύετο·
1582 541 1673 578 ἔνθεν
1692 541 1831 591 ἄγγελοι
1855 548 1977 584 σατᾶν,
2002 543 2129 578 ἐκεῖθεν
2152 540 2296 591 ἅγγελος
2315 544 2423 576 σατᾶν
2439 553 2446 560 ·

1423 595 1546 633 πολλοὶ
1564 594 1704 646 ἄγγελοι
1722 597 1781 631 τοῦ
1802 599 1924 638 σατᾶν,
1944 595 1974 630 οἱ
1996 592 2057 643 μὲν
2081 595 2128 635 εἰς
2148 591 2400 643 δεσμωτήριον,
2417 593 2447 628 οἳ

1425 647 1460 685 δὲ
1491 650 1537 692 εἰς
1565 645 1783 697 δικαστήρια.
1813 648 1890 683 Οὐκ
1916 645 2037 697 ἤρκει,
2068 644 2275 691 ἀπώλλυτο,
2303 647 2324 690 ἦ
2350 643 2446 696 ψυχὴ

1425 700 1636 738 διεκόπτετο.
1671 698 1762 742 Τοὺς
1785 698 1890 740 κύνας
1923 701 1988 749 οὐχ
2019 696 2131 748 ἑώρα,
2168 697 2227 734 καὶ
2262 696 2446 739 ἐδάκνετο,

1425 753 1671 790 ἐπεδουλεύετο
1686 750 1915 803 πανταχόθεν.
1932 749 2175 803 Προσέρχεται
2193 752 2241 801 τῷ
2263 751 2346 800 Θεῷ
2359 777 2368 794 ,
2389 748 2447 786 καὶ

1424 806 1517 857 λέγει
1547 807 1662 857 αὐτῷ·
1691 804 1814 854 δέομαί
1841 818 1922 851 σου,
1951 802 2156 841 ἀναπνεύσω
2196 803 2330 853 μικρόν.
2371 802 2448 839 Ποῦ

1426 859 1583 910 ἀρκέσω,
1605 858 1649 896 Ὁ
1671 857 1814 908 ἅγγελος
1834 860 1892 894 τοῦ
1911 864 2020 895 σατᾶν
2040 855 2161 906 βάλλει
2181 871 2242 905 με,
2261 856 2292 892 οἱ
2312 854 2448 906 ἐχθροὶ,

1426 914 1457 949 οἱ
1473 911 1668 958 ἐπίὸουλοι,
1684 912 1715 948 οἱ
1733 909 1906 956 Ἕλληνες
1923 939 1932 955 ,
1950 913 1980 947 οἱ
2002 909 2179 954 Ἰουδαῖοι,
2201 907 2449 959 ψευδάδελφοι,

1429 966 1580 1007 ἀσθενεῖς
1613 962 1776 1014 ἀδελφοί·
1805 962 1917 1000 ὠδίνω
1931 991 1940 1006 ,
1966 961 2024 999 καὶ
2046 961 2179 1012 γίνεται
2205 960 2369 1011 ἕκτρωμα
2383 975 2390 982 ·
2412 964 2449 999 οὐ

1427 1019 1556 1066 γεννῶ;
1576 1016 1635 1054 καὶ
1652 1016 1751 1053 ἄλλοι
1770 1014 2048 1053 ἐπιδουλεύουσι·
2070 1014 2222 1065 σήμερον
2240 1015 2288 1055 εἷς
2309 1013 2449 1063 δεσμω-

1428 1068 1559 1123 τῇριον,
1576 1071 1624 1111 εἷς
1644 1068 1822 1106 θάλασσαν
1843 1067 1975 1119 αὔριον,
2005 1069 2078 1117 μετ’
2100 1067 2186 1104 αὐτὰ
2208 1069 2254 1109 εἷς
2273 1064 2423 1114 πέλαγος
2440 1098 2448 1111 ,

1430 1125 1506 1158 εἶτα
1522 1124 1569 1164 εἷς
1584 1121 1699 1170 λιμὸν,
1720 1121 1766 1162 εἷς
1788 1120 1902 1170 δῖψαν,
1924 1122 1971 1162 εἰς
1987 1118 2209 1170 γυμνότητα,
2232 1121 2278 1160 εἰς
2297 1117 2451 1168 τήγανα,

1430 1176 1478 1217 εἷς
1496 1173 1681 1224 καμίνους,
1703 1174 1751 1215 εἷς
1772 1171 1879 1215 ὁδούς.
1902 1174 1977 1210 Ποῦ
2004 1171 2159 1223 ἀρκέσω,
2182 1171 2258 1208 Μία
2274 1171 2393 1222 ψυχὴ,
2417 1172 2452 1210 ἓν

1430 1228 1545 1276 σῶμα.
1576 1225 1710 1276 Δέομαί
1732 1241 1814 1270 σου,
1835 1225 1912 1267 ἄνες
1942 1240 2019 1274 μοι,
2053 1223 2109 1260 ἵνα
2130 1223 2178 1274 μὴ
2198 1223 2451 1276 κολαφίζωμαι.

1430 1279 1540 1317 Οὐδὲν
1571 1281 1663 1331 αὐτῷ
1696 1282 1714 1316 ὁ
1742 1277 1831 1320 Θεὸς
1863 1276 2088 1330 ἀπεκρίνατο.
2124 1278 2328 1329 Προσῆλθεν
2359 1279 2454 1316 αὐτῶ

1431 1332 1587 1383 δεύτερον
1602 1347 1609 1355 ·
1637 1331 1714 1374 ἄνες
1736 1346 1814 1379 μοι,
1839 1330 1961 1380 δέομαί
1981 1345 2062 1378 σου,
2085 1328 2288 1368 ἀναπνεύσω
2310 1319 2453 1383 μικρόν,-

1431 1384 1609 1437 ὀίνθρωπός
1626 1387 1698 1434 εἰμι
1717 1381 1764 1426 εἷς
1777 1412 1786 1428 ,
1806 1383 1866 1422 καὶ
1879 1383 1941 1430 τὴν
1961 1382 2166 1432 οἰκουμένην
2197 1398 2255 1432 μοι
2278 1383 2312 1419 ἐν
2321 1383 2453 1436 εγείρι-

1432 1452 1492 1480 σας
1509 1453 1516 1460 ·
1539 1437 1716 1489 ἄνθρωπός
1736 1439 1807 1487 εἰμι
1823 1431 1882 1482 εἷς,
1899 1435 1957 1473 καὶ
1977 1435 2103 1479 πάντες
2118 1434 2336 1486 πανταχόθεν
2357 1429 2452 1488 1βάλ-

1431 1492 1530 1529 λουσι
1557 1490 1652 1540 βέλη,
1679 1490 1883 1541 Προσῆλθεν
1902 1490 1996 1540 αὐτῷ
2016 1487 2108 1531 ἅπαξ
2125 1519 2131 1534 ,
2151 1487 2210 1525 καὶ
2229 1487 2322 1538 λέγει
2339 1492 2453 1541 αὐτῷ·

1433 1543 1555 1584 δέομαί
1582 1559 1666 1588 σου,
1695 1543 1773 1585 ὁίνες
1799 1557 1879 1592 μοι,
1907 1541 1962 1578 Γι’νοι
1984 1539 2032 1590 μὴ
2059 1540 2314 1592 κολαφίζωμαι.
2344 1542 2456 1581 Οὐδὲν

1433 1598 1526 1647 αὐτῷ
1548 1594 1789 1647 ἀπεκρίνατοὸ
1809 1593 1909 1637 Θεός.
1942 1595 2145 1645 Προσῆλθεν
2177 1595 2270 1642 αὐτῷ
2300 1596 2455 1633 δεύτερον

1433 1652 1579 1687 ναυτιῶν
1593 1665 1600 1672 ·
1627 1647 1783 1697 καθάπερ
1803 1647 1869 1699 γὰρ
1891 1646 2177 1698 παγκρατιαστὴς
2208 1644 2346 1697 μυρίους
2366 1636 2457 1700 ἔχων

1435 1702 1620 1744 δάκνοντας
1639 1702 1697 1738 καὶΙ
1720 1701 1911 1751 βάλλοντας
1936 1699 1999 1745 τὴν
2019 1698 2185 1750 κεφαλήν.
2206 1700 2282 1736 Οὐκ
2310 1693 2458 1752 ἀπεκρί-

1435 1770 1518 1792 νατο
1534 1757 1625 1805 αὐτῷ
1652 1754 1691 1792 τὸ
1718 1753 1885 1804 δεύτερον.
1906 1753 2110 1803 Προσῆλθεν
2141 1753 2234 1803 αὐτῷ
2259 1752 2298 1790 τὸ
2319 1752 2434 1804 τρίτον
2450 1770 2457 1776 ·

1435 1807 1513 1845 τότε
1535 1809 1629 1859 αὐτῷ
1651 1805 1871 1858 ἀπεκρίνατο.

1492 1912 1559 1951 Διὰ
1578 1913 1611 1951 τί
1627 1916 1647 1960 ἠ
1666 1913 1839 1961 ἀναδολή,
1853 1912 1929 1951 Ἵνα
1944 1910 1984 1950 σὺ
2002 1911 2188 1962 παιδευθῇς
2204 1912 2244 1948 ἐκ
2259 1911 2398 1964 πρώτης
2411 1912 2459 1962 μὴ

1440 1968 1650 2018 ἀναχωρεῖν·
1676 1965 1733 2004 ἵνα
1760 1965 1801 2004 σὺ
1831 1966 2036 2015 παιδευθῇς,
2067 1963 2130 2001 κᾶν
2151 1963 2297 2016 αἰτήσῃς
2326 1980 2360 2001 τι
2393 1968 2459 2003 τῶν

1440 2019 1665 2071 ἀσυμφόρων,
1686 2019 1745 2057 καὶ
1773 2019 1813 2057 τὸ
1843 2019 1995 2057 ἐναντίον
2014 2017 2145 2068 λάῧῃς,
2169 2016 2216 2066 μὴ
2247 2019 2457 2063 λυπηθῆναι.

1441 2074 1557 2115 Αἷτεῖς
1582 2072 1770 2118 πολλάκις,
1791 2072 1808 2110 ὃ
1826 2071 1975 2121 νομίζεις
2006 2069 2204 2121 συμφέρειν,
2230 2072 2268 2107 οὐ
2295 2070 2462 2123 συμφέρει

1441 2126 1488 2164 δέ.
1510 2124 1554 2163 Ὁ
1574 2124 1663 2169 Θεὸς
1683 2127 1720 2162 οὐ
1742 2130 1812 2168 τοῖς
1839 2122 1982 2177 δάκρυσί
2010 2138 2069 2160 σου
2093 2121 2278 2173 προσέχει,
2308 2122 2398 2160 ἀλλὰ
2417 2128 2460 2170 τῆ

1442 2177 1619 2229 δυστυχίᾳ.
1657 2178 1759 2215 Ἐπεὶ
1788 2177 1846 2215 καὶ
1883 2175 2020 2213 παιδίον
2050 2175 2217 2217 πολλάκις
2252 2177 2340 2213 αἰτεῖ
2367 2168 2464 2229 παρδι

1441 2233 1504 2275 τῆς
1518 2230 1648 2282 μητρὸς
1664 2230 1768 2280 ἄρτον
1782 2246 1790 2253 ·
1810 2230 1887 2267 ἀλλ’
1904 2228 1978 2266 εἴτι
2000 2227 2184 2280 βλαὲερὸν,
2208 2227 2225 2265 ὃ
2242 2229 2279 2264 οὔ
2300 2229 2350 2265 δεῖ
2365 2231 2464 2275 αἰτῆ-

1443 2298 1522 2329 σαι,
1554 2285 1591 2320 οὗ
1621 2282 1759 2320 δίδωσιν
1773 2286 1794 2327 ἦ
1812 2281 1951 2332 μήτηρ,
1984 2279 2061 2317 οὔτε
2079 2283 2120 2330 τῇ
2138 2279 2238 2329 ὀδύνῃ
2271 2279 2437 2332 προσέχει
2453 2311 2463 2327 ,

1444 2334 1533 2372 ἀλλὰ
1555 2338 1597 2385 τῇ
1624 2334 1783 2386 ὠφελείᾳ.
1807 2334 1875 2372 Καὶ
1904 2335 2012 2383 ἰατρῷ
2031 2333 2240 2385 παρενοχλεῖ
2268 2326 2419 2384 συνεχῶς
2448 2336 2465 2371 ὁ

1444 2387 1624 2440 πυρέττων
1646 2388 1879 2438 προσδοθῆναι
1900 2386 1993 2436 αὐτῷ
2013 2384 2157 2436 ψυχρὸν,
2182 2383 2241 2421 καὶ
2261 2387 2297 2422 οὐ
2327 2378 2466 2424 δίδωσιν

1445 2443 1461 2478 ὃ
1484 2439 1598 2491 ἰατρός
1613 2455 1620 2462 ·
1641 2442 1677 2478 οὐ
1694 2440 1761 2492 γὰρ
1777 2443 1818 2490 τῇ
1835 2439 1920 2490 πρὸς
1938 2437 1977 2475 τὸ
1993 2438 2102 2488 παρὸν
2124 2437 2324 2488 βλαπτούσῃ
2346 2440 2465 2476 ἐπιθυ-

1447 2493 1510 2544 μίᾳ
1530 2492 1716 2544 προσέχει,
1751 2492 1840 2530 ἀλλὰ
1863 2495 1906 2543 τῇ
1925 2490 2010 2543 πρὸς
2031 2490 2069 2527 τὸ
2096 2489 2221 2540 μέλλον
2241 2490 2466 2537 λυσιτελούση

1443 2545 1555 2597 ὑγεία.
1571 2545 1676 2582 Οὕτω
1691 2545 1750 2582 καὶ
1766 2548 1783 2582 ὃ
1800 2546 1939 2586 Παῦλος
1955 2542 2128 2595 συμφέρον
2144 2544 2205 2580 οὐκ
2221 2542 2296 2594 ᾔδει
2313 2536 2467 2590 αἷτῆσαί.

1445 2598 1556 2636 Ποίαν
1587 2602 1689 2648 ἡμεῖς
1712 2597 1920 2650 συγγνώμην
1942 2595 2090 2647 ἔχομεν,
2125 2597 2153 2632 εἰ
2177 2593 2239 2645 μὲν
2267 2595 2469 2641 ἀπονοηθεὶς

1443 2652 1637 2704 προσῆλθεν
1670 2652 1785 2702 αὐτῷ,
1820 2650 1914 2701 λέγει
1942 2650 2053 2699 αὐτῷ’
2087 2646 2290 2686 ἅναπνεύσω
2329 2647 2468 2701 μικρὸν,

1447 2706 1557 2742 ἀνεόῶ
1576 2706 1645 2740 τῶν
1672 2703 1850 2750 κινδύνων,
1879 2702 1934 2745 δός
1966 2716 2024 2751 μοι
2055 2700 2172 2738 ἄδειαν
2201 2701 2348 2751 μικράν·
2370 2701 2470 2752 μόνος

1448 2757 1520 2807 εἰμὶ
1534 2787 1542 2803 ,
1576 2757 1635 2794 καὶ
1667 2755 1728 2803 τὴν
1764 2754 1967 2804 οἰκουμένην
2003 2768 2062 2800 μοι
2098 2752 2322 2804 ἐνεχείρισας.
2359 2752 2470 2797 Ἅπαξ

1448 2811 1641 2861 προσῆλθεν
1662 2811 1775 2860 αὐτῷ,
1798 2808 1856 2845 καὶ
1876 2806 1971 2845 οὐδὲν
1992 2801 2087 2844 εἷπε·
2107 2805 2261 2855 δεύτερον
2281 2808 2471 2857 προσῆλθε,

1449 2862 1563 2914 τρίτον
1581 2863 1774 2913 προσῆλθεν
1789 2877 1796 2884 ·
1826 2859 1937 2912 (Υπὲρ
1951 2858 2072 2897 τούτου
2091 2858 2165 2909 τρὶς
2184 2859 2240 2896 τὸν
2261 2858 2386 2911 Κύριον
2405 2874 2474 2896 πα-

1453 2913 1634 2966 ρεκάλεσα.
1659 2913 1738 2950 Ἵνα
1764 2912 1816 2958 τί,
1836 2911 1915 2950 Ἵνα
1943 2913 2078 2961 ἀποστῇ
2100 2913 2158 2949 ἀπ’
2181 2913 2264 2960 ἐμοῦ
2285 2914 2302 2948 ὃ
2330 2910 2474 2961 ἅγγελος

1452 2971 1511 3005 τοῦ
1533 2973 1653 3011 σατᾶν,
1676 2969 1706 3003 οἱ
1727 2965 1969 3015 ἀντικείμενοι.
1985 2964 2032 3002 Τί
2052 2966 2166 3011 ἐστιν,
2186 2962 2265 3001 Ἵνα
2284 2962 2474 3015 ἀπραγμό-

1453 3035 1518 3062 νως
1542 3018 1580 3056 τὸ
1608 3019 1772 3070 κήρυγμα
1798 3017 1956 3068 κηρύξω,
1977 3017 2033 3054 ἵνα
2059 3016 2107 3066 μὴ
2124 3015 2193 3068 ἔχω
2210 3015 2404 3060 ἐπίὸουλον,
2421 3015 2476 3052 ἵνα

398 3077 558 3117 verbera,
577 3089 617 3111 ne
637 3074 804 3125 pericula,
826 3089 867 3110 110
887 3088 1054 3118 carceres,
1076 3088 1117 3110 ne
1132 3073 1375 3120 abductiones,
1402 3098 1442 3121 32,
1457 3072 1504 3123 μὴ
1537 3071 1606 3123 ἔχω
1627 3071 1761 3122 ἐχθρὸν,
1782 3070 1837 3108 ἵνα
1859 3070 1905 3121 μὴ
1928 3069 2093 3120 μάστιγες
2107 3099 2115 3115 ,
2146 3070 2202 3106 ἵνα
2225 3067 2273 3118 μὴ
2308 3067 2475 3113 κίνδυνοι,

402 3144 443 3166 110
463 3128 613 3166 nuditas.
631 3127 714 3164 idco
738 3126 864 3163 act-edo
881 3156 889 3169 ,
911 3127 975 3163 hoc
995 3140 1091 3175 rogo.
1112 3127 1302 3172 Laboravi,
1324 3141 1381 3163 su-
1407 3137 1430 3165 Α
1455 3125 1511 3162 ἵνα
1531 3124 1579 3173 μὴ
1601 3123 1841 3174 δεσμωτήρια,
1872 3122 1928 3159 ἵνα
1949 3122 1996 3172 μὴ
2027 3120 2230 3172 ἀπαγωγαὶ,
2251 3119 2306 3157 ἵνα
2337 3119 2385 3169 μὴ
2412 3135 2477 3169 γυ-

401 3182 498 3230 davi,
514 3180 664 3218 miseriis
675 3180 820 3215 alliu-tus
833 3193 911 3214 sum
924 3208 934 3226 ,
946 3178 1102 3227 undique
1114 3179 1254 3228 ejectus.
1264 3178 1378 3227 Quid,

401 3248 534 3285 quasso,
558 3231 743 3284 respondet
765 3230 814 3267 illi
835 3230 954 3267 Deus?
972 3231 1049 3266 Non
1066 3230 1189 3266 anuuit
1208 3231 1383 3281 petitioni,

204 3305 234 3324 2.
251 3292 324 3319 Cor·
340 3297 386 3318 ¹2-
404 3301 472 3325 non
491 3285 590 3324 dedit
611 3285 645 3322 id
665 3283 762 3335 quod
783 3283 940 3335 petebat5
961 3281 1022 3319 scd
1040 3281 1133 3319 dixit
1155 3282 1209 3319 ei:
1229 3283 1384 3335 Sufficit

204 3346 235 3375 9.

1457 3177 1595 3228 μνότης.
1612 3175 1735 3228 Τούτῳ
1748 3175 2007 3227 προσέρχομαι,
2024 3178 2124 3211 τοῦτο
2139 3174 2346 3225 παρακαλῶ.
2365 3171 2478 3210 ’Ἑκα-

1459 3245 1554 3279 μνον,
1571 3228 1725 3275 ἐπόνησα
1736 3257 1745 3274 ,
1765 3227 2068 3278 ἐταλαιπωρήθην,
2084 3224 2300 3278 πανταχόθεν
2313 3224 2476 3271 ἐὸλήθην.

1457 3282 1504 3320 Τί
1524 3277 1581 3320 οῧν
1611 3283 1705 3333 αὐτῷ
1732 3281 1825 3332 λέγει
1843 3283 1860 3318 ὁ
1880 3279 1986 3327 Θεὸς,
2016 3277 2089 3316 εἰπέ
2119 3293 2202 3328 μοι,
2228 3277 2273 3316 ‘O
2298 3276 2387 3319 Θεὸς
2416 3278 2480 3314 οὐκ

451 3412 463 3425 ³
489 3403 774 3442 lwmsszkrssosoe'voig
789 3409 892 3440 marg.
912 3395 1010 3429 Savil.
1036 3397 1071 3427 Et
1092 3407 1167 3428 mox
1191 3400 1332 3430 ἑέάὶὶετο
1350 3407 1410 3438 pro
1428 3396 1630 3437 §stem-2574]
