<?xml version="1.0" encoding="UTF-8"?>
<!DOCTYPE html PUBLIC "-//W3C//DTD XHTML 1.0 Transitional//EN"
    "http://www.w3.org/TR/xhtml1/DTD/xhtml1-transitional.dtd">
<html xmlns="http://www.w3.org/1999/xhtml" xml:lang="en" lang="en">
 <head>
  <title>
</title>
<meta http-equiv="Content-Type" content="text/html;charset=utf-8" />
  <meta name='ocr-system' content='tesseract 3.04.00' />
  <meta name='ocr-capabilities' content='ocr_page ocr_carea ocr_par ocr_line ocrx_word'/>
</head>
<body>
  <div class='ocr_page' id='page_1' title='image "./operaomniaquaeex08johnuoft/operaomniaquaeex08johnuoft_0046.png"; bbox 0 0 2481 3678; ppageno 0'>
   <div class='ocr_carea' id='block_1_1' title="bbox 293 203 1289 237">
    <p class='ocr_par' dir='ltr' id='par_1_1' title="bbox 293 203 1289 237">
     <span class='ocr_line' id='line_1_1' title="bbox 293 203 1289 237; baseline 0.004 -4"><span class='ocrx_word' id='word_1_1' title='bbox 293 203 350 233; x_wconf 82' lang='lat'>20</span> <span class='ocrx_word' id='word_1_2' title='bbox 748 204 786 235; x_wconf 88' lang='lat' dir='ltr'>S.</span> <span class='ocrx_word' id='word_1_3' title='bbox 824 205 1011 235; x_wconf 75' lang='lat' dir='ltr'>JOANNIS</span> <span class='ocrx_word' id='word_1_4' title='bbox 1046 205 1289 237; x_wconf 77' lang='lat' dir='ltr'><strong>CHRYSOST·</strong></span> 
     </span>
    </p>
   </div>
   <div class='ocr_carea' id='block_1_2' title="bbox 95 283 1280 2109">
    <p class='ocr_par' dir='ltr' id='par_1_2' title="bbox 95 283 1280 2052">
     <span class='ocr_line' id='line_1_2' title="bbox 289 283 1271 338; baseline 0.002 -16"><span class='ocrx_word' id='word_1_5' title='bbox 289 285 366 322; x_wconf 90' lang='lat' dir='ltr'>lum</span> <span class='ocrx_word' id='word_1_6' title='bbox 380 283 613 335; x_wconf 77' lang='lat' dir='ltr'><strong>frequentant,</strong></span> <span class='ocrx_word' id='word_1_7' title='bbox 632 298 700 323; x_wconf 87' lang='lat' dir='ltr'>non</span> <span class='ocrx_word' id='word_1_8' title='bbox 719 285 842 336; x_wconf 87' lang='lat' dir='ltr'>ingens</span> <span class='ocrx_word' id='word_1_9' title='bbox 855 286 1048 338; x_wconf 79' lang='lat' dir='ltr'><strong>quodpiam</strong></span> <span class='ocrx_word' id='word_1_10' title='bbox 1066 286 1200 324; x_wconf 89' lang='lat' dir='ltr'>bonum</span> <span class='ocrx_word' id='word_1_11' title='bbox 1219 300 1271 324; x_wconf 91' lang='lat' dir='ltr'>se-</span> 
     </span>
     <span class='ocr_line' id='line_1_3' title="bbox 289 345 1272 397; baseline 0.003 -15"><span class='ocrx_word' id='word_1_12' title='bbox 289 359 372 383; x_wconf 79' lang='lat' dir='ltr'>eum</span> <span class='ocrx_word' id='word_1_13' title='bbox 390 345 540 383; x_wconf 86' lang='lat' dir='ltr'>referant</span> <span class='ocrx_word' id='word_1_14' title='bbox 552 362 562 395; x_wconf 82' lang='lat'>3</span> <span class='ocrx_word' id='word_1_15' title='bbox 584 346 658 384; x_wconf 80' lang='lat' dir='ltr'>sive</span> <span class='ocrx_word' id='word_1_16' title='bbox 687 346 829 384; x_wconf 86' lang='lat' dir='ltr'>tandem</span> <span class='ocrx_word' id='word_1_17' title='bbox 847 347 918 396; x_wconf 73' lang='lat' dir='ltr'>vir,</span> <span class='ocrx_word' id='word_1_18' title='bbox 939 348 1014 385; x_wconf 78' lang='lat' dir='ltr'>sive</span> <span class='ocrx_word' id='word_1_19' title='bbox 1034 347 1176 397; x_wconf 89' lang='lat' dir='ltr'>mulier,</span> <span class='ocrx_word' id='word_1_20' title='bbox 1199 347 1272 386; x_wconf 86' lang='lat' dir='ltr'>sive</span> 
     </span>
     <span class='ocr_line' id='line_1_4' title="bbox 288 406 1269 459; baseline 0.002 -16"><span class='ocrx_word' id='word_1_21' title='bbox 288 406 430 458; x_wconf 86' lang='lat' dir='ltr'>juvenis</span> <span class='ocrx_word' id='word_1_22' title='bbox 446 406 490 443; x_wconf 91' lang='lat' dir='ltr'>sit</span> <span class='ocrx_word' id='word_1_23' title='bbox 510 406 539 444; x_wconf 87' lang='lat' dir='ltr'>is</span> <span class='ocrx_word' id='word_1_24' title='bbox 557 407 616 457; x_wconf 90' lang='lat' dir='ltr'>qui</span> <span class='ocrx_word' id='word_1_25' title='bbox 637 407 745 459; x_wconf 73' lang='lat' dir='ltr'>liujus</span> <span class='ocrx_word' id='word_1_26' title='bbox 762 421 889 445; x_wconf 83' lang='lat' dir='ltr'>mensae</span> <span class='ocrx_word' id='word_1_27' title='bbox 909 407 1083 459; x_wconf 83' lang='lat' dir='ltr'>particeps</span> <span class='ocrx_word' id='word_1_28' title='bbox 1104 407 1269 445; x_wconf 86' lang='lat' dir='ltr'>efficitur.</span> 
     </span>
     <span class='ocr_line' id='line_1_5' title="bbox 291 466 1271 518; baseline 0.001 -13"><span class='ocrx_word' id='word_1_29' title='bbox 291 468 384 505; x_wconf 88' lang='lat' dir='ltr'>Nam</span> <span class='ocrx_word' id='word_1_30' title='bbox 406 466 434 504; x_wconf 91' lang='lat' dir='ltr'>si</span> <span class='ocrx_word' id='word_1_31' title='bbox 462 468 553 504; x_wconf 89' lang='lat' dir='ltr'>feras</span> <span class='ocrx_word' id='word_1_32' title='bbox 578 468 688 505; x_wconf 74' lang='lat' dir='ltr'>verbo</span> <span class='ocrx_word' id='word_1_33' title='bbox 716 467 867 505; x_wconf 86' lang='lat' dir='ltr'>domitas</span> <span class='ocrx_word' id='word_1_34' title='bbox 898 467 1119 517; x_wconf 84' lang='lat' dir='ltr'>cicuramus,</span> <span class='ocrx_word' id='word_1_35' title='bbox 1140 477 1271 518; x_wconf 89' lang='lat' dir='ltr'>quanto</span> 
     </span>
     <span class='ocr_line' id='line_1_6' title="bbox 293 528 1274 580; baseline 0.001 -13"><span class='ocrx_word' id='word_1_36' title='bbox 293 530 406 580; x_wconf 87' lang='lat' dir='ltr'>magis</span> <span class='ocrx_word' id='word_1_37' title='bbox 428 529 586 566; x_wconf 90' lang='lat' dir='ltr'>homines</span> <span class='ocrx_word' id='word_1_38' title='bbox 610 529 677 566; x_wconf 86' lang='lat' dir='ltr'>hae</span> <span class='ocrx_word' id='word_1_39' title='bbox 695 528 874 580; x_wconf 83' lang='lat' dir='ltr'>spirituali</span> <span class='ocrx_word' id='word_1_40' title='bbox 895 528 1055 566; x_wconf 85' lang='lat' dir='ltr'>doctrina</span> <span class='ocrx_word' id='word_1_41' title='bbox 1073 528 1118 566; x_wconf 88' lang='lat' dir='ltr'>ad</span> <span class='ocrx_word' id='word_1_42' title='bbox 1134 529 1274 580; x_wconf 82' lang='lat' dir='ltr'><strong>frugem</strong></span> 
     </span>
     <span class='ocr_line' id='line_1_7' title="bbox 292 588 1273 641; baseline 0 -13"><span class='ocrx_word' id='word_1_43' title='bbox 292 590 522 639; x_wconf 82' lang='lat' dir='ltr'>deducemus,</span> <span class='ocrx_word' id='word_1_44' title='bbox 544 603 623 627; x_wconf 90' lang='lat' dir='ltr'>cum</span> <span class='ocrx_word' id='word_1_45' title='bbox 643 589 731 626; x_wconf 89' lang='lat' dir='ltr'>inter</span> <span class='ocrx_word' id='word_1_46' title='bbox 752 588 965 626; x_wconf 77' lang='lat' dir='ltr'>medicinam</span> <span class='ocrx_word' id='word_1_47' title='bbox 984 598 1017 627; x_wconf 88' lang='lat' dir='ltr'>et</span> <span class='ocrx_word' id='word_1_48' title='bbox 1032 603 1113 627; x_wconf 88' lang='lat' dir='ltr'>eum</span> <span class='ocrx_word' id='word_1_49' title='bbox 1128 590 1191 641; x_wconf 89' lang='lat' dir='ltr'>qui</span> <span class='ocrx_word' id='word_1_50' title='bbox 1212 605 1273 628; x_wconf 87' lang='lat' dir='ltr'>cu-</span> 
     </span>
     <span class='ocr_line' id='line_1_8' title="bbox 295 650 1274 702; baseline 0.001 -13"><span class='ocrx_word' id='word_1_51' title='bbox 295 661 393 690; x_wconf 86' lang='lat' dir='ltr'>ratur</span> <span class='ocrx_word' id='word_1_52' title='bbox 422 661 558 689; x_wconf 86' lang='lat' dir='ltr'>tantum</span> <span class='ocrx_word' id='word_1_53' title='bbox 588 651 633 689; x_wconf 92' lang='lat' dir='ltr'>sit</span> <span class='ocrx_word' id='word_1_54' title='bbox 664 650 884 688; x_wconf 72' lang='lat' dir='ltr'>discrimen?</span> <span class='ocrx_word' id='word_1_55' title='bbox 911 652 1032 702; x_wconf 85' lang='lat' dir='ltr'>Neque</span> <span class='ocrx_word' id='word_1_56' title='bbox 1063 652 1158 690; x_wconf 89' lang='lat' dir='ltr'>enim</span> <span class='ocrx_word' id='word_1_57' title='bbox 1177 661 1274 690; x_wconf 86' lang='lat' dir='ltr'>tanta</span> 
     </span>
     <span class='ocr_line' id='line_1_9' title="bbox 294 711 1275 762; baseline 0.001 -12"><span class='ocrx_word' id='word_1_58' title='bbox 294 713 395 750; x_wconf 87' lang='lat' dir='ltr'>nobis</span> <span class='ocrx_word' id='word_1_59' title='bbox 424 713 511 749; x_wconf 89' lang='lat' dir='ltr'>inest</span> <span class='ocrx_word' id='word_1_60' title='bbox 540 712 678 760; x_wconf 84' lang='lat' dir='ltr'>feritas,</span> <span class='ocrx_word' id='word_1_61' title='bbox 700 720 829 762; x_wconf 84' lang='lat' dir='ltr'>quanta</span> <span class='ocrx_word' id='word_1_62' title='bbox 850 711 1005 749; x_wconf 88' lang='lat' dir='ltr'>belluis:</span> <span class='ocrx_word' id='word_1_63' title='bbox 1024 726 1106 750; x_wconf 90' lang='lat' dir='ltr'>nam</span> <span class='ocrx_word' id='word_1_64' title='bbox 1128 713 1206 751; x_wconf 88' lang='lat' dir='ltr'>haee</span> <span class='ocrx_word' id='word_1_65' title='bbox 1230 728 1275 751; x_wconf 81' lang='lat' dir='ltr'>ex</span> 
     </span>
     <span class='ocr_line' id='line_1_10' title="bbox 294 773 1274 826; baseline 0.001 -14"><span class='ocrx_word' id='word_1_66' title='bbox 294 784 432 823; x_wconf 82' lang='lat' dir='ltr'>natura,</span> <span class='ocrx_word' id='word_1_67' title='bbox 452 774 513 812; x_wconf 86' lang='lat' dir='ltr'>illa</span> <span class='ocrx_word' id='word_1_68' title='bbox 532 788 576 812; x_wconf 74' lang='lat' dir='ltr'>ex</span> <span class='ocrx_word' id='word_1_69' title='bbox 602 773 751 811; x_wconf 88' lang='lat' dir='ltr'>arbitrio</span> <span class='ocrx_word' id='word_1_70' title='bbox 779 773 1043 825; x_wconf 83' lang='lat' dir='ltr'>proficiscitur:</span> <span class='ocrx_word' id='word_1_71' title='bbox 1064 788 1174 826; x_wconf 88' lang='lat' dir='ltr'>neque</span> <span class='ocrx_word' id='word_1_72' title='bbox 1192 790 1274 814; x_wconf 80' lang='lat' dir='ltr'>ver-</span> 
     </span>
     <span class='ocr_line' id='line_1_11' title="bbox 294 835 1275 876; baseline 0 -1"><span class='ocrx_word' id='word_1_73' title='bbox 294 838 422 876; x_wconf 87' lang='lat' dir='ltr'>borum</span> <span class='ocrx_word' id='word_1_74' title='bbox 437 836 558 874; x_wconf 86' lang='lat' dir='ltr'>cadem</span> <span class='ocrx_word' id='word_1_75' title='bbox 576 835 632 874; x_wconf 82' lang='lat' dir='ltr'>vis</span> <span class='ocrx_word' id='word_1_76' title='bbox 647 843 708 873; x_wconf 86' lang='lat' dir='ltr'>est.</span> <span class='ocrx_word' id='word_1_77' title='bbox 729 835 795 873; x_wconf 89' lang='lat' dir='ltr'>Illa</span> <span class='ocrx_word' id='word_1_78' title='bbox 815 835 910 872; x_wconf 90' lang='lat' dir='ltr'>enim</span> <span class='ocrx_word' id='word_1_79' title='bbox 928 849 972 873; x_wconf 83' lang='lat' dir='ltr'>ex</span> <span class='ocrx_word' id='word_1_80' title='bbox 988 836 1144 874; x_wconf 87' lang='lat' dir='ltr'>humana</span> <span class='ocrx_word' id='word_1_81' title='bbox 1160 846 1275 875; x_wconf 90' lang='lat' dir='ltr'>mente</span> 
     </span>
     <span class='ocr_line' id='line_1_12' title="bbox 295 896 1276 952; baseline 0 -15"><span class='ocrx_word' id='word_1_82' title='bbox 295 899 429 952; x_wconf 89' lang='lat' dir='ltr'>prodit,</span> <span class='ocrx_word' id='word_1_83' title='bbox 446 898 522 935; x_wconf 81' lang='lat' dir='ltr'>haec</span> <span class='ocrx_word' id='word_1_84' title='bbox 543 912 587 935; x_wconf 74' lang='lat' dir='ltr'>ex</span> <span class='ocrx_word' id='word_1_85' title='bbox 606 896 761 949; x_wconf 83' lang='lat' dir='ltr'>Spiritus</span> <span class='ocrx_word' id='word_1_86' title='bbox 785 896 917 935; x_wconf 77' lang='lat' dir='ltr'>virtute</span> <span class='ocrx_word' id='word_1_87' title='bbox 935 906 968 935; x_wconf 90' lang='lat' dir='ltr'>et</span> <span class='ocrx_word' id='word_1_88' title='bbox 987 897 1110 948; x_wconf 87' lang='lat' dir='ltr'>gratia.</span> <span class='ocrx_word' id='word_1_89' title='bbox 1139 899 1178 937; x_wconf 87' lang='lat' dir='ltr'>Si</span> <span class='ocrx_word' id='word_1_90' title='bbox 1196 899 1276 950; x_wconf 90' lang='lat' dir='ltr'>quis</span> 
     </span>
     <span class='ocr_line' id='line_1_13' title="bbox 296 958 1274 1013; baseline 0 -15"><span class='ocrx_word' id='word_1_91' title='bbox 296 961 405 1013; x_wconf 83' lang='lat' dir='ltr'>igitur</span> <span class='ocrx_word' id='word_1_92' title='bbox 415 959 459 997; x_wconf 91' lang='lat' dir='ltr'>de</span> <span class='ocrx_word' id='word_1_93' title='bbox 480 974 515 998; x_wconf 91' lang='lat' dir='ltr'>se</span> <span class='ocrx_word' id='word_1_94' title='bbox 529 959 702 1011; x_wconf 89' lang='lat' dir='ltr'>desperet,</span> <span class='ocrx_word' id='word_1_95' title='bbox 714 967 912 997; x_wconf 87' lang='lat' dir='ltr'>mansuetas</span> <span class='ocrx_word' id='word_1_96' title='bbox 931 958 1011 996; x_wconf 89' lang='lat' dir='ltr'>illas</span> <span class='ocrx_word' id='word_1_97' title='bbox 1025 959 1116 997; x_wconf 89' lang='lat' dir='ltr'>feras</span> <span class='ocrx_word' id='word_1_98' title='bbox 1132 960 1274 1012; x_wconf 82' lang='lat' dir='ltr'>cogitet,</span> 
     </span>
     <span class='ocr_line' id='line_1_14' title="bbox 297 1019 1277 1073; baseline -0.001 -13"><span class='ocrx_word' id='word_1_99' title='bbox 297 1031 330 1060; x_wconf 89' lang='lat' dir='ltr'>et</span> <span class='ocrx_word' id='word_1_100' title='bbox 349 1035 529 1072; x_wconf 85' lang='lat' dir='ltr'>nunquam</span> <span class='ocrx_word' id='word_1_101' title='bbox 548 1020 584 1057; x_wconf 91' lang='lat' dir='ltr'>in</span> <span class='ocrx_word' id='word_1_102' title='bbox 602 1019 882 1072; x_wconf 81' lang='lat' dir='ltr'>desperationem</span> <span class='ocrx_word' id='word_1_103' title='bbox 908 1019 1040 1058; x_wconf 83' lang='lat' dir='ltr'>incidet</span> <span class='ocrx_word' id='word_1_104' title='bbox 1055 1036 1062 1056; x_wconf 94' lang='lat'><strong>:</strong></span> <span class='ocrx_word' id='word_1_105' title='bbox 1079 1035 1170 1073; x_wconf 67' lang='lat' dir='ltr'>saepe</span> <span class='ocrx_word' id='word_1_106' title='bbox 1186 1021 1277 1059; x_wconf 85' lang='lat' dir='ltr'>hanc</span> 
     </span>
     <span class='ocr_line' id='line_1_15' title="bbox 297 1079 1278 1133; baseline -0.001 -12"><span class='ocrx_word' id='word_1_107' title='bbox 297 1083 633 1121; x_wconf 82' lang='lat' dir='ltr'>medicamentorum</span> <span class='ocrx_word' id='word_1_108' title='bbox 665 1080 845 1118; x_wconf 84' lang='lat' dir='ltr'>officinam</span> <span class='ocrx_word' id='word_1_109' title='bbox 871 1079 995 1130; x_wconf 87' lang='lat' dir='ltr'>adeat,</span> <span class='ocrx_word' id='word_1_110' title='bbox 1027 1080 1167 1120; x_wconf 88' lang='lat' dir='ltr'>divinas</span> <span class='ocrx_word' id='word_1_111' title='bbox 1184 1082 1278 1133; x_wconf 88' lang='lat' dir='ltr'>leges</span> 
     </span>
     <span class='ocr_line' id='line_1_16' title="bbox 297 1139 1277 1195; baseline -0.005 -12"><span class='ocrx_word' id='word_1_112' title='bbox 297 1145 567 1195; x_wconf 87' lang='lat' dir='ltr'>omnitempore</span> <span class='ocrx_word' id='word_1_113' title='bbox 591 1141 733 1189; x_wconf 84' lang='lat' dir='ltr'>audiat,</span> <span class='ocrx_word' id='word_1_114' title='bbox 762 1150 795 1178; x_wconf 91' lang='lat' dir='ltr'>et</span> <span class='ocrx_word' id='word_1_115' title='bbox 822 1139 970 1178; x_wconf 88' lang='lat' dir='ltr'>domum</span> <span class='ocrx_word' id='word_1_116' title='bbox 1002 1154 1180 1191; x_wconf 76' lang='lat' dir='ltr'>reversus,</span> <span class='ocrx_word' id='word_1_117' title='bbox 1199 1156 1277 1192; x_wconf 86' lang='lat' dir='ltr'>quae</span> 
     </span>
     <span class='ocr_line' id='line_1_17' title="bbox 297 1201 1278 1255; baseline -0.005 -11"><span class='ocrx_word' id='word_1_118' title='bbox 297 1205 452 1255; x_wconf 76' lang='lat' dir='ltr'>audivit,</span> <span class='ocrx_word' id='word_1_119' title='bbox 468 1206 503 1242; x_wconf 89' lang='lat' dir='ltr'>in</span> <span class='ocrx_word' id='word_1_120' title='bbox 523 1212 638 1241; x_wconf 85' lang='lat' dir='ltr'>mente</span> <span class='ocrx_word' id='word_1_121' title='bbox 655 1201 852 1239; x_wconf 88' lang='lat' dir='ltr'>describat:</span> <span class='ocrx_word' id='word_1_122' title='bbox 867 1201 986 1251; x_wconf 76' lang='lat' dir='ltr'>sicque</span> <span class='ocrx_word' id='word_1_123' title='bbox 1007 1201 1043 1238; x_wconf 92' lang='lat' dir='ltr'>in</span> <span class='ocrx_word' id='word_1_124' title='bbox 1060 1202 1153 1239; x_wconf 88' lang='lat' dir='ltr'>bona</span> <span class='ocrx_word' id='word_1_125' title='bbox 1170 1216 1231 1253; x_wconf 89' lang='lat' dir='ltr'>spe</span> <span class='ocrx_word' id='word_1_126' title='bbox 1245 1211 1278 1239; x_wconf 91' lang='lat' dir='ltr'>et</span> 
     </span>
     <span class='ocr_line' id='line_1_18' title="bbox 297 1261 1278 1314; baseline -0.004 -10"><span class='ocrx_word' id='word_1_127' title='bbox 297 1267 482 1304; x_wconf 87' lang='lat' dir='ltr'>securitate</span> <span class='ocrx_word' id='word_1_128' title='bbox 509 1263 757 1310; x_wconf 87' lang='lat' dir='ltr'>constituetur,</span> <span class='ocrx_word' id='word_1_129' title='bbox 775 1271 809 1299; x_wconf 88' lang='lat' dir='ltr'>et</span> <span class='ocrx_word' id='word_1_130' title='bbox 837 1261 1055 1313; x_wconf 83' lang='lat' dir='ltr'>experientia</span> <span class='ocrx_word' id='word_1_131' title='bbox 1081 1262 1278 1314; x_wconf 84' lang='lat' dir='ltr'>profectum</span> 
     </span>
     <span class='ocr_line' id='line_1_19' title="bbox 298 1322 1277 1373; baseline -0.003 -8"><span class='ocrx_word' id='word_1_132' title='bbox 298 1327 431 1365; x_wconf 85' lang='lat' dir='ltr'>sentiet.</span> <span class='ocrx_word' id='word_1_133' title='bbox 453 1326 543 1363; x_wconf 89' lang='lat' dir='ltr'>Cum</span> <span class='ocrx_word' id='word_1_134' title='bbox 562 1324 654 1361; x_wconf 92' lang='lat' dir='ltr'>enim</span> <span class='ocrx_word' id='word_1_135' title='bbox 683 1322 847 1360; x_wconf 85' lang='lat' dir='ltr'>diabolus</span> <span class='ocrx_word' id='word_1_136' title='bbox 874 1322 989 1373; x_wconf 83' lang='lat' dir='ltr'>legem</span> <span class='ocrx_word' id='word_1_137' title='bbox 1016 1322 1082 1360; x_wconf 87' lang='lat' dir='ltr'>Dei</span> <span class='ocrx_word' id='word_1_138' title='bbox 1104 1322 1140 1360; x_wconf 92' lang='lat' dir='ltr'>in</span> <span class='ocrx_word' id='word_1_139' title='bbox 1160 1324 1277 1362; x_wconf 84' lang='lat' dir='ltr'>anima</span> 
     </span>
     <span class='ocr_line' id='line_1_20' title="bbox 296 1383 1277 1439; baseline -0.002 -13"><span class='ocrx_word' id='word_1_140' title='bbox 296 1388 510 1439; x_wconf 82' lang='lat' dir='ltr'>descriptam</span> <span class='ocrx_word' id='word_1_141' title='bbox 527 1385 679 1434; x_wconf 83' lang='lat' dir='ltr'>videbit,</span> <span class='ocrx_word' id='word_1_142' title='bbox 700 1393 733 1421; x_wconf 91' lang='lat' dir='ltr'>et</span> <span class='ocrx_word' id='word_1_143' title='bbox 749 1383 887 1422; x_wconf 85' lang='lat' dir='ltr'>tabulas</span> <span class='ocrx_word' id='word_1_144' title='bbox 903 1397 976 1421; x_wconf 88' lang='lat' dir='ltr'>esse</span> <span class='ocrx_word' id='word_1_145' title='bbox 993 1397 1051 1421; x_wconf 92' lang='lat' dir='ltr'>cor</span> <span class='ocrx_word' id='word_1_146' title='bbox 1067 1383 1165 1422; x_wconf 88' lang='lat' dir='ltr'>illius</span> <span class='ocrx_word' id='word_1_147' title='bbox 1176 1415 1186 1435; x_wconf 84' lang='lat'>,</span> <span class='ocrx_word' id='word_1_148' title='bbox 1209 1399 1277 1424; x_wconf 91' lang='lat' dir='ltr'>non</span> 
     </span>
     <span class='ocr_line' id='line_1_21' title="bbox 297 1444 1278 1495; baseline -0.003 -8"><span class='ocrx_word' id='word_1_149' title='bbox 297 1449 437 1487; x_wconf 81' lang='lat' dir='ltr'>accedet</span> <span class='ocrx_word' id='word_1_150' title='bbox 463 1447 622 1485; x_wconf 90' lang='lat' dir='ltr'>ulterius.</span> <span class='ocrx_word' id='word_1_151' title='bbox 643 1445 716 1483; x_wconf 85' lang='lat' dir='ltr'>Ubi</span> <span class='ocrx_word' id='word_1_152' title='bbox 746 1444 839 1482; x_wconf 90' lang='lat' dir='ltr'>enim</span> <span class='ocrx_word' id='word_1_153' title='bbox 867 1444 978 1481; x_wconf 82' lang='lat' dir='ltr'>literae</span> <span class='ocrx_word' id='word_1_154' title='bbox 1007 1444 1128 1495; x_wconf 82' lang='lat' dir='ltr'>regiae,</span> <span class='ocrx_word' id='word_1_155' title='bbox 1151 1459 1220 1483; x_wconf 89' lang='lat' dir='ltr'>non</span> <span class='ocrx_word' id='word_1_156' title='bbox 1241 1447 1278 1484; x_wconf 90' lang='lat' dir='ltr'>in</span> 
     </span>
     <span class='ocr_line' id='line_1_22' title="bbox 297 1504 1279 1562; baseline -0.003 -13"><span class='ocrx_word' id='word_1_157' title='bbox 297 1525 386 1549; x_wconf 76' lang='lat' dir='ltr'>aereo</span> <span class='ocrx_word' id='word_1_158' title='bbox 405 1509 509 1562; x_wconf 84' lang='lat' dir='ltr'>cippo</span> <span class='ocrx_word' id='word_1_159' title='bbox 525 1507 685 1559; x_wconf 59' lang='lat' dir='ltr'>sculptae,</span> <span class='ocrx_word' id='word_1_160' title='bbox 705 1505 765 1543; x_wconf 90' lang='lat' dir='ltr'>sed</span> <span class='ocrx_word' id='word_1_161' title='bbox 781 1505 816 1542; x_wconf 92' lang='lat' dir='ltr'>in</span> <span class='ocrx_word' id='word_1_162' title='bbox 836 1504 1000 1555; x_wconf 80' lang='lat' dir='ltr'>religioso</span> <span class='ocrx_word' id='word_1_163' title='bbox 1019 1505 1137 1543; x_wconf 90' lang='lat' dir='ltr'>animo</span> <span class='ocrx_word' id='word_1_164' title='bbox 1153 1521 1173 1544; x_wconf 89' lang='lat' dir='ltr'>a</span> <span class='ocrx_word' id='word_1_165' title='bbox 1191 1507 1279 1559; x_wconf 89' lang='lat' dir='ltr'>Spi-</span> 
     </span>
     <span class='ocr_line' id='line_1_23' title="bbox 297 1564 1280 1617; baseline -0.002 -8"><span class='ocrx_word' id='word_1_166' title='bbox 297 1572 367 1609; x_wconf 84' lang='lat' dir='ltr'>ritu</span> <span class='ocrx_word' id='word_1_167' title='bbox 399 1578 518 1609; x_wconf 87' lang='lat' dir='ltr'>sancto</span> <span class='ocrx_word' id='word_1_168' title='bbox 551 1568 743 1605; x_wconf 77' lang='lat' dir='ltr'>efformatae</span> <span class='ocrx_word' id='word_1_169' title='bbox 773 1564 885 1602; x_wconf 84' lang='lat' dir='ltr'>multa</span> <span class='ocrx_word' id='word_1_170' title='bbox 915 1565 1051 1616; x_wconf 83' lang='lat' dir='ltr'>fulgent</span> <span class='ocrx_word' id='word_1_171' title='bbox 1071 1567 1198 1617; x_wconf 88' lang='lat' dir='ltr'>gratia,</span> <span class='ocrx_word' id='word_1_172' title='bbox 1218 1582 1280 1607; x_wconf 89' lang='lat' dir='ltr'>nec</span> 
     </span>
     <span class='ocr_line' id='line_1_24' title="bbox 297 1625 1280 1682; baseline -0.003 -11"><span class='ocrx_word' id='word_1_173' title='bbox 297 1641 416 1671; x_wconf 87' lang='lat' dir='ltr'>contra</span> <span class='ocrx_word' id='word_1_174' title='bbox 448 1630 619 1682; x_wconf 83' lang='lat' dir='ltr'>respicere</span> <span class='ocrx_word' id='word_1_175' title='bbox 653 1627 715 1664; x_wconf 90' lang='lat' dir='ltr'>ille</span> <span class='ocrx_word' id='word_1_176' title='bbox 744 1626 871 1678; x_wconf 88' lang='lat' dir='ltr'>poterit</span> <span class='ocrx_word' id='word_1_177' title='bbox 886 1656 895 1674; x_wconf 90' lang='lat'>,</span> <span class='ocrx_word' id='word_1_178' title='bbox 928 1625 990 1663; x_wconf 89' lang='lat' dir='ltr'>sed</span> <span class='ocrx_word' id='word_1_179' title='bbox 1020 1628 1145 1679; x_wconf 89' lang='lat' dir='ltr'>procul</span> <span class='ocrx_word' id='word_1_180' title='bbox 1177 1630 1280 1668; x_wconf 90' lang='lat' dir='ltr'>nobis</span> 
     </span>
     <span class='ocr_line' id='line_1_25' title="bbox 201 1686 1279 1745; baseline -0.004 -13"><span class='ocrx_word' id='word_1_181' title='bbox 201 1715 283 1742; x_wconf 74' lang='lat' dir='ltr'>Mens</span> <span class='ocrx_word' id='word_1_182' title='bbox 297 1703 393 1745; x_wconf 86' lang='lat' dir='ltr'>terga</span> <span class='ocrx_word' id='word_1_183' title='bbox 416 1699 539 1731; x_wconf 70' lang='lat' dir='ltr'>vertet.</span> <span class='ocrx_word' id='word_1_184' title='bbox 559 1688 661 1727; x_wconf 85' lang='lat' dir='ltr'>Nihil</span> <span class='ocrx_word' id='word_1_185' title='bbox 681 1686 773 1726; x_wconf 89' lang='lat' dir='ltr'>enim</span> <span class='ocrx_word' id='word_1_186' title='bbox 791 1687 838 1724; x_wconf 87' lang='lat' dir='ltr'>ita</span> <span class='ocrx_word' id='word_1_187' title='bbox 864 1687 1089 1726; x_wconf 82' lang='lat' dir='ltr'>formidabile</span> <span class='ocrx_word' id='word_1_188' title='bbox 1108 1698 1158 1726; x_wconf 89' lang='lat' dir='ltr'>est</span> <span class='ocrx_word' id='word_1_189' title='bbox 1177 1699 1210 1727; x_wconf 87' lang='lat' dir='ltr'>et</span> <span class='ocrx_word' id='word_1_190' title='bbox 1226 1690 1279 1728; x_wconf 89' lang='lat' dir='ltr'>illi</span> 
     </span>
     <span class='ocr_line' id='line_1_26' title="bbox 96 1748 1279 1805; baseline -0.004 -11"><span class='ocrx_word' id='word_1_191' title='bbox 96 1757 283 1804; x_wconf 37' lang='lat' dir='ltr'>qumanana</span> <span class='ocrx_word' id='word_1_192' title='bbox 299 1764 332 1793; x_wconf 90' lang='lat' dir='ltr'>et</span> <span class='ocrx_word' id='word_1_193' title='bbox 359 1751 633 1805; x_wconf 80' lang='lat' dir='ltr'>cogitationibus</span> <span class='ocrx_word' id='word_1_194' title='bbox 663 1749 709 1787; x_wconf 86' lang='lat' dir='ltr'>ab</span> <span class='ocrx_word' id='word_1_195' title='bbox 728 1748 789 1785; x_wconf 88' lang='lat' dir='ltr'>illo</span> <span class='ocrx_word' id='word_1_196' title='bbox 809 1748 995 1796; x_wconf 83' lang='lat' dir='ltr'>immissis,</span> <span class='ocrx_word' id='word_1_197' title='bbox 1025 1758 1064 1786; x_wconf 92' lang='lat' dir='ltr'>ut</span> <span class='ocrx_word' id='word_1_198' title='bbox 1082 1764 1180 1788; x_wconf 90' lang='lat' dir='ltr'>mens</span> <span class='ocrx_word' id='word_1_199' title='bbox 1199 1766 1279 1802; x_wconf 77' lang='lat' dir='ltr'>quae</span> 
     </span>
     <span class='ocr_line' id='line_1_27' title="bbox 96 1799 1280 1866; baseline -0.003 -12"><span class='ocrx_word' id='word_1_200' title='bbox 96 1799 284 1866; x_wconf 41' lang='grc' dir='ltr'>ἶῖἶῖζῖζῖἱῖῗζξ,</span> <span class='ocrx_word' id='word_1_201' title='bbox 298 1815 419 1854; x_wconf 83' lang='lat' dir='ltr'>divina</span> <span class='ocrx_word' id='word_1_202' title='bbox 433 1812 637 1860; x_wconf 83' lang='lat' dir='ltr'>meditatur,</span> <span class='ocrx_word' id='word_1_203' title='bbox 650 1819 682 1848; x_wconf 90' lang='lat' dir='ltr'>et</span> <span class='ocrx_word' id='word_1_204' title='bbox 697 1809 782 1847; x_wconf 88' lang='lat' dir='ltr'>huic</span> <span class='ocrx_word' id='word_1_205' title='bbox 796 1823 932 1860; x_wconf 87' lang='lat' dir='ltr'>semper</span> <span class='ocrx_word' id='word_1_206' title='bbox 944 1808 1052 1847; x_wconf 78' lang='lat' dir='ltr'>haeret</span> <span class='ocrx_word' id='word_1_207' title='bbox 1066 1810 1164 1848; x_wconf 87' lang='lat' dir='ltr'>fonti.</span> <span class='ocrx_word' id='word_1_208' title='bbox 1179 1812 1280 1850; x_wconf 86' lang='lat' dir='ltr'>Hanc</span> 
     </span>
     <span class='ocr_line' id='line_1_28' title="bbox 98 1870 1278 1925; baseline -0.002 -10"><span class='ocrx_word' id='word_1_209' title='bbox 98 1880 244 1907; x_wconf 60' lang='lat' dir='ltr'>mutabilis</span> <span class='ocrx_word' id='word_1_210' title='bbox 298 1877 396 1915; x_wconf 90' lang='lat' dir='ltr'>nulla</span> <span class='ocrx_word' id='word_1_211' title='bbox 428 1888 547 1913; x_wconf 86' lang='lat' dir='ltr'>rerum</span> <span class='ocrx_word' id='word_1_212' title='bbox 578 1871 805 1925; x_wconf 86' lang='lat' dir='ltr'>praesentium</span> <span class='ocrx_word' id='word_1_213' title='bbox 835 1870 1017 1920; x_wconf 88' lang='lat' dir='ltr'>turbabit,</span> <span class='ocrx_word' id='word_1_214' title='bbox 1048 1875 1278 1922; x_wconf 85' lang='lat' dir='ltr'>quantumvis</span> 
     </span>
     <span class='ocr_line' id='line_1_29' title="bbox 95 1927 1278 1983; baseline -0.003 -6"><span class='ocrx_word' id='word_1_215' title='bbox 95 1927 147 1947; x_wconf 50' lang='grc' dir='ltr'>Μ’</span> <span class='ocrx_word' id='word_1_216' title='bbox 298 1938 442 1977; x_wconf 88' lang='lat' dir='ltr'>molesta</span> <span class='ocrx_word' id='word_1_217' title='bbox 462 1935 522 1981; x_wconf 91' lang='lat' dir='ltr'>sit,</span> <span class='ocrx_word' id='word_1_218' title='bbox 544 1934 643 1972; x_wconf 91' lang='lat' dir='ltr'>nulla</span> <span class='ocrx_word' id='word_1_219' title='bbox 662 1931 801 1970; x_wconf 86' lang='lat' dir='ltr'>inflabit</span> <span class='ocrx_word' id='word_1_220' title='bbox 818 1940 851 1969; x_wconf 87' lang='lat' dir='ltr'>et</span> <span class='ocrx_word' id='word_1_221' title='bbox 872 1931 1029 1981; x_wconf 80' lang='lat' dir='ltr'>extollet,</span> <span class='ocrx_word' id='word_1_222' title='bbox 1049 1936 1278 1983; x_wconf 86' lang='lat' dir='ltr'>quantumvis</span> 
     </span>
     <span class='ocr_line' id='line_1_30' title="bbox 297 1993 1277 2052; baseline -0.004 -15"><span class='ocrx_word' id='word_1_223' title='bbox 297 2013 463 2052; x_wconf 89' lang='lat' dir='ltr'>prospera</span> <span class='ocrx_word' id='word_1_224' title='bbox 482 1995 610 2034; x_wconf 86' lang='lat' dir='ltr'>fuerit:</span> <span class='ocrx_word' id='word_1_225' title='bbox 628 1993 688 2032; x_wconf 89' lang='lat' dir='ltr'>sed</span> <span class='ocrx_word' id='word_1_226' title='bbox 705 1994 741 2030; x_wconf 90' lang='lat' dir='ltr'>in</span> <span class='ocrx_word' id='word_1_227' title='bbox 760 2001 856 2030; x_wconf 81' lang='lat' dir='ltr'>tanta</span> <span class='ocrx_word' id='word_1_228' title='bbox 875 1993 1026 2044; x_wconf 88' lang='lat' dir='ltr'>procella</span> <span class='ocrx_word' id='word_1_229' title='bbox 1046 2003 1078 2031; x_wconf 92' lang='lat' dir='ltr'>et</span> <span class='ocrx_word' id='word_1_230' title='bbox 1093 2003 1277 2046; x_wconf 87' lang='lat' dir='ltr'>tempesta-</span> 
     </span>
    </p>

    <p class='ocr_par' dir='ltr' id='par_1_3' title="bbox 296 2055 921 2109">
     <span class='ocr_line' id='line_1_31' title="bbox 296 2055 921 2109; baseline -0.013 -11"><span class='ocrx_word' id='word_1_231' title='bbox 296 2071 340 2108; x_wconf 88' lang='lat' dir='ltr'>te,</span> <span class='ocrx_word' id='word_1_232' title='bbox 356 2058 610 2109; x_wconf 83' lang='lat' dir='ltr'>tranquillitate</span> <span class='ocrx_word' id='word_1_233' title='bbox 626 2068 754 2106; x_wconf 86' lang='lat' dir='ltr'>magna</span> <span class='ocrx_word' id='word_1_234' title='bbox 775 2055 921 2092; x_wconf 85' lang='lat' dir='ltr'>fruetur.</span> 
     </span>
    </p>
   </div>
   <div class='ocr_carea' id='block_1_3' title="bbox 296 2301 1278 3210">
    <p class='ocr_par' dir='ltr' id='par_1_4' title="bbox 296 2301 1278 3210">
     <span class='ocr_line' id='line_1_32' title="bbox 349 2301 1275 2356; baseline -0.004 -13"><span class='ocrx_word' id='word_1_235' title='bbox 349 2309 385 2344; x_wconf 63' lang='grc' dir='ltr'>Ξ).</span> <span class='ocrx_word' id='word_1_236' title='bbox 415 2306 536 2356; x_wconf 87' lang='lat' dir='ltr'>Neque</span> <span class='ocrx_word' id='word_1_237' title='bbox 563 2304 658 2342; x_wconf 86' lang='lat' dir='ltr'>enim</span> <span class='ocrx_word' id='word_1_238' title='bbox 689 2317 734 2341; x_wconf 82' lang='lat' dir='ltr'>ex</span> <span class='ocrx_word' id='word_1_239' title='bbox 765 2316 884 2341; x_wconf 90' lang='lat' dir='ltr'>rerum</span> <span class='ocrx_word' id='word_1_240' title='bbox 915 2310 1041 2339; x_wconf 86' lang='lat' dir='ltr'>natura</span> <span class='ocrx_word' id='word_1_241' title='bbox 1070 2301 1275 2352; x_wconf 83' lang='lat' dir='ltr'>turbamur,</span> 
     </span>
     <span class='ocr_line' id='line_1_33' title="bbox 297 2362 1277 2406; baseline -0.005 0"><span class='ocrx_word' id='word_1_242' title='bbox 297 2366 358 2406; x_wconf 80' lang='lat' dir='ltr'>sed</span> <span class='ocrx_word' id='word_1_243' title='bbox 385 2381 429 2404; x_wconf 80' lang='lat' dir='ltr'>ex</span> <span class='ocrx_word' id='word_1_244' title='bbox 459 2365 569 2403; x_wconf 91' lang='lat' dir='ltr'>animi</span> <span class='ocrx_word' id='word_1_245' title='bbox 588 2364 698 2403; x_wconf 88' lang='lat' dir='ltr'>nostri</span> <span class='ocrx_word' id='word_1_246' title='bbox 717 2363 933 2401; x_wconf 84' lang='lat' dir='ltr'>infirmitate.</span> <span class='ocrx_word' id='word_1_247' title='bbox 954 2363 1046 2400; x_wconf 89' lang='lat' dir='ltr'>Nam</span> <span class='ocrx_word' id='word_1_248' title='bbox 1061 2362 1090 2400; x_wconf 91' lang='lat' dir='ltr'>si</span> <span class='ocrx_word' id='word_1_249' title='bbox 1109 2375 1154 2400; x_wconf 77' lang='lat' dir='ltr'>ex</span> <span class='ocrx_word' id='word_1_250' title='bbox 1172 2363 1277 2401; x_wconf 88' lang='lat' dir='ltr'>rebus</span> 
     </span>
     <span class='ocr_line' id='line_1_34' title="bbox 297 2423 1277 2480; baseline -0.005 -13"><span class='ocrx_word' id='word_1_251' title='bbox 297 2444 375 2480; x_wconf 85' lang='lat' dir='ltr'>quae</span> <span class='ocrx_word' id='word_1_252' title='bbox 403 2427 566 2466; x_wconf 87' lang='lat' dir='ltr'>accidunt</span> <span class='ocrx_word' id='word_1_253' title='bbox 599 2426 839 2471; x_wconf 86' lang='lat' dir='ltr'>turbaremur,</span> <span class='ocrx_word' id='word_1_254' title='bbox 870 2437 990 2462; x_wconf 89' lang='lat' dir='ltr'>omnes</span> <span class='ocrx_word' id='word_1_255' title='bbox 1016 2423 1177 2462; x_wconf 86' lang='lat' dir='ltr'>homines</span> <span class='ocrx_word' id='word_1_256' title='bbox 1202 2434 1277 2462; x_wconf 88' lang='lat' dir='ltr'>tur-</span> 
     </span>
     <span class='ocr_line' id='line_1_35' title="bbox 296 2485 1277 2537; baseline -0.005 -9"><span class='ocrx_word' id='word_1_257' title='bbox 296 2492 375 2529; x_wconf 86' lang='lat' dir='ltr'>bari</span> <span class='ocrx_word' id='word_1_258' title='bbox 412 2504 549 2527; x_wconf 90' lang='lat' dir='ltr'>necesse</span> <span class='ocrx_word' id='word_1_259' title='bbox 588 2497 687 2527; x_wconf 89' lang='lat' dir='ltr'>esset.</span> <span class='ocrx_word' id='word_1_260' title='bbox 720 2488 851 2525; x_wconf 89' lang='lat' dir='ltr'>Omnes</span> <span class='ocrx_word' id='word_1_261' title='bbox 883 2485 977 2523; x_wconf 88' lang='lat' dir='ltr'>enim</span> <span class='ocrx_word' id='word_1_262' title='bbox 1009 2485 1103 2523; x_wconf 88' lang='lat' dir='ltr'>idem</span> <span class='ocrx_word' id='word_1_263' title='bbox 1130 2486 1277 2537; x_wconf 86' lang='lat' dir='ltr'>naviga-</span> 
     </span>
     <span class='ocr_line' id='line_1_36' title="bbox 298 2547 1277 2602; baseline -0.005 -13"><span class='ocrx_word' id='word_1_264' title='bbox 298 2566 377 2589; x_wconf 86' lang='lat' dir='ltr'>mus</span> <span class='ocrx_word' id='word_1_265' title='bbox 405 2550 566 2602; x_wconf 86' lang='lat' dir='ltr'>pelagus,</span> <span class='ocrx_word' id='word_1_266' title='bbox 597 2563 709 2598; x_wconf 88' lang='lat' dir='ltr'>neque</span> <span class='ocrx_word' id='word_1_267' title='bbox 734 2548 811 2586; x_wconf 89' lang='lat' dir='ltr'>fieri</span> <span class='ocrx_word' id='word_1_268' title='bbox 845 2556 980 2599; x_wconf 87' lang='lat' dir='ltr'>potest,</span> <span class='ocrx_word' id='word_1_269' title='bbox 1013 2556 1052 2584; x_wconf 90' lang='lat' dir='ltr'>ut</span> <span class='ocrx_word' id='word_1_270' title='bbox 1083 2556 1183 2585; x_wconf 75' lang='lat' dir='ltr'>extra</span> <span class='ocrx_word' id='word_1_271' title='bbox 1211 2547 1277 2584; x_wconf 91' lang='lat' dir='ltr'>flu-</span> 
     </span>
     <span class='ocr_line' id='line_1_37' title="bbox 297 2607 1276 2660; baseline -0.002 -12"><span class='ocrx_word' id='word_1_272' title='bbox 297 2621 374 2649; x_wconf 87' lang='lat' dir='ltr'>ctus</span> <span class='ocrx_word' id='word_1_273' title='bbox 402 2619 435 2648; x_wconf 92' lang='lat' dir='ltr'>et</span> <span class='ocrx_word' id='word_1_274' title='bbox 462 2617 683 2660; x_wconf 86' lang='lat' dir='ltr'>tempestates</span> <span class='ocrx_word' id='word_1_275' title='bbox 713 2622 904 2647; x_wconf 86' lang='lat' dir='ltr'>versemur.</span> <span class='ocrx_word' id='word_1_276' title='bbox 937 2607 1043 2654; x_wconf 91' lang='lat' dir='ltr'>Quod</span> <span class='ocrx_word' id='word_1_277' title='bbox 1073 2607 1103 2645; x_wconf 89' lang='lat' dir='ltr'>si</span> <span class='ocrx_word' id='word_1_278' title='bbox 1131 2607 1276 2658; x_wconf 85' lang='lat' dir='ltr'>quidam</span> 
     </span>
     <span class='ocr_line' id='line_1_38' title="bbox 297 2668 1276 2722; baseline -0.002 -13"><span class='ocrx_word' id='word_1_279' title='bbox 297 2681 395 2709; x_wconf 84' lang='lat' dir='ltr'>extra</span> <span class='ocrx_word' id='word_1_280' title='bbox 416 2678 657 2722; x_wconf 85' lang='lat' dir='ltr'>tempestatem</span> <span class='ocrx_word' id='word_1_281' title='bbox 686 2668 966 2706; x_wconf 86' lang='lat' dir='ltr'>etfuribundum</span> <span class='ocrx_word' id='word_1_282' title='bbox 996 2682 1093 2706; x_wconf 87' lang='lat' dir='ltr'>mare</span> <span class='ocrx_word' id='word_1_283' title='bbox 1123 2669 1276 2720; x_wconf 88' lang='lat' dir='ltr'>degant,</span> 
     </span>
     <span class='ocr_line' id='line_1_39' title="bbox 299 2730 1277 2785; baseline -0.001 -15"><span class='ocrx_word' id='word_1_284' title='bbox 299 2733 416 2785; x_wconf 87' lang='lat' dir='ltr'>palam</span> <span class='ocrx_word' id='word_1_285' title='bbox 434 2740 484 2769; x_wconf 89' lang='lat' dir='ltr'>est</span> <span class='ocrx_word' id='word_1_286' title='bbox 510 2737 753 2782; x_wconf 83' lang='lat' dir='ltr'>tempestatem</span> <span class='ocrx_word' id='word_1_287' title='bbox 784 2743 850 2765; x_wconf 91' lang='lat' dir='ltr'>non</span> <span class='ocrx_word' id='word_1_288' title='bbox 874 2744 893 2766; x_wconf 89' lang='lat' dir='ltr'>a</span> <span class='ocrx_word' id='word_1_289' title='bbox 921 2730 1069 2779; x_wconf 85' lang='lat' dir='ltr'>negotiis</span> <span class='ocrx_word' id='word_1_290' title='bbox 1094 2730 1194 2778; x_wconf 92' lang='lat' dir='ltr'>oriri,</span> <span class='ocrx_word' id='word_1_291' title='bbox 1216 2732 1277 2770; x_wconf 87' lang='lat' dir='ltr'>sed</span> 
     </span>
     <span class='ocr_line' id='line_1_40' title="bbox 298 2789 1277 2844; baseline -0.001 -13"><span class='ocrx_word' id='word_1_292' title='bbox 298 2808 317 2831; x_wconf 88' lang='lat' dir='ltr'>a</span> <span class='ocrx_word' id='word_1_293' title='bbox 337 2802 427 2831; x_wconf 89' lang='lat' dir='ltr'>statu</span> <span class='ocrx_word' id='word_1_294' title='bbox 460 2790 587 2829; x_wconf 89' lang='lat' dir='ltr'>mentis</span> <span class='ocrx_word' id='word_1_295' title='bbox 606 2798 742 2827; x_wconf 84' lang='lat' dir='ltr'>nostrae.</span> <span class='ocrx_word' id='word_1_296' title='bbox 763 2789 799 2826; x_wconf 84' lang='lat' dir='ltr'>Si</span> <span class='ocrx_word' id='word_1_297' title='bbox 820 2789 911 2826; x_wconf 88' lang='lat' dir='ltr'>hanc</span> <span class='ocrx_word' id='word_1_298' title='bbox 939 2790 1047 2839; x_wconf 85' lang='lat' dir='ltr'>igitur</span> <span class='ocrx_word' id='word_1_299' title='bbox 1068 2791 1116 2828; x_wconf 92' lang='lat' dir='ltr'>ita</span> <span class='ocrx_word' id='word_1_300' title='bbox 1135 2805 1277 2844; x_wconf 85' lang='lat' dir='ltr'>compa-</span> 
     </span>
     <span class='ocr_line' id='line_1_41' title="bbox 300 2850 1278 2902; baseline -0.001 -10"><span class='ocrx_word' id='word_1_301' title='bbox 300 2868 433 2901; x_wconf 88' lang='lat' dir='ltr'>remus,</span> <span class='ocrx_word' id='word_1_302' title='bbox 457 2862 496 2890; x_wconf 90' lang='lat' dir='ltr'>ut</span> <span class='ocrx_word' id='word_1_303' title='bbox 513 2851 629 2889; x_wconf 88' lang='lat' dir='ltr'>omnia</span> <span class='ocrx_word' id='word_1_304' title='bbox 648 2850 751 2888; x_wconf 83' lang='lat' dir='ltr'>facile</span> <span class='ocrx_word' id='word_1_305' title='bbox 775 2850 882 2898; x_wconf 80' lang='lat' dir='ltr'>serat,</span> <span class='ocrx_word' id='word_1_306' title='bbox 904 2850 992 2887; x_wconf 89' lang='lat' dir='ltr'>nulli</span> <span class='ocrx_word' id='word_1_307' title='bbox 1013 2851 1160 2902; x_wconf 83' lang='lat' dir='ltr'>fluctus,</span> <span class='ocrx_word' id='word_1_308' title='bbox 1180 2854 1278 2891; x_wconf 90' lang='lat' dir='ltr'>nulla</span> 
     </span>
     <span class='ocr_line' id='line_1_42' title="bbox 299 2910 1276 2967; baseline 0 -14"><span class='ocrx_word' id='word_1_309' title='bbox 299 2924 505 2967; x_wconf 85' lang='lat' dir='ltr'>tempestas,</span> <span class='ocrx_word' id='word_1_310' title='bbox 523 2912 584 2951; x_wconf 89' lang='lat' dir='ltr'>sed</span> <span class='ocrx_word' id='word_1_311' title='bbox 604 2911 843 2962; x_wconf 85' lang='lat' dir='ltr'>tranquillitas</span> <span class='ocrx_word' id='word_1_312' title='bbox 864 2910 965 2948; x_wconf 87' lang='lat' dir='ltr'>nobis</span> <span class='ocrx_word' id='word_1_313' title='bbox 996 2924 1132 2963; x_wconf 85' lang='lat' dir='ltr'>semper</span> <span class='ocrx_word' id='word_1_314' title='bbox 1153 2913 1276 2953; x_wconf 85' lang='lat' dir='ltr'>aderit.</span> 
     </span>
     <span class='ocr_line' id='line_1_43' title="bbox 298 2971 1276 3026; baseline -0.003 -10"><span class='ocrx_word' id='word_1_315' title='bbox 298 2980 435 3017; x_wconf 81' lang='lat' dir='ltr'>¹Verum</span> <span class='ocrx_word' id='word_1_316' title='bbox 449 2975 644 3026; x_wconf 85' lang='lat' dir='ltr'>nescioquo</span> <span class='ocrx_word' id='word_1_317' title='bbox 657 2982 854 3026; x_wconf 85' lang='lat' dir='ltr'>pacto,cum</span> <span class='ocrx_word' id='word_1_318' title='bbox 867 2971 957 3009; x_wconf 87' lang='lat' dir='ltr'>nihil</span> <span class='ocrx_word' id='word_1_319' title='bbox 972 2971 1100 3009; x_wconf 86' lang='lat' dir='ltr'>horum</span> <span class='ocrx_word' id='word_1_320' title='bbox 1114 2973 1229 3012; x_wconf 84' lang='lat' dir='ltr'>dicere</span> <span class='ocrx_word' id='word_1_321' title='bbox 1241 2976 1276 3013; x_wconf 91' lang='lat' dir='ltr'>in</span> 
     </span>
     <span class='ocr_line' id='line_1_44' title="bbox 299 3032 1276 3091; baseline -0.002 -16"><span class='ocrx_word' id='word_1_322' title='bbox 299 3039 477 3091; x_wconf 85' lang='lat' dir='ltr'>proposito</span> <span class='ocrx_word' id='word_1_323' title='bbox 492 3037 674 3085; x_wconf 84' lang='lat' dir='ltr'>haberem,</span> <span class='ocrx_word' id='word_1_324' title='bbox 694 3034 728 3071; x_wconf 89' lang='lat' dir='ltr'>in</span> <span class='ocrx_word' id='word_1_325' title='bbox 755 3043 890 3071; x_wconf 89' lang='lat' dir='ltr'>tantam</span> <span class='ocrx_word' id='word_1_326' title='bbox 917 3032 1192 3071; x_wconf 86' lang='lat' dir='ltr'>admonitionem</span> <span class='ocrx_word' id='word_1_327' title='bbox 1216 3035 1276 3073; x_wconf 91' lang='lat' dir='ltr'>de—</span> 
     </span>
     <span class='ocr_line' id='line_1_45' title="bbox 299 3093 1277 3149; baseline -0.007 -11"><span class='ocrx_word' id='word_1_328' title='bbox 299 3099 465 3137; x_wconf 82' lang='lat' dir='ltr'>venerim.</span> <span class='ocrx_word' id='word_1_329' title='bbox 486 3097 673 3149; x_wconf 82' lang='lat' dir='ltr'>Ignoscite,</span> <span class='ocrx_word' id='word_1_330' title='bbox 695 3109 825 3145; x_wconf 73' lang='lat' dir='ltr'>quzeso,</span> <span class='ocrx_word' id='word_1_331' title='bbox 847 3093 1115 3144; x_wconf 84' lang='lat' dir='ltr'>longitudinem.</span> <span class='ocrx_word' id='word_1_332' title='bbox 1135 3094 1277 3132; x_wconf 90' lang='lat' dir='ltr'>Etenim</span> 
     </span>
     <span class='ocr_line' id='line_1_46' title="bbox 300 3154 1275 3210; baseline -0.006 -11"><span class='ocrx_word' id='word_1_333' title='bbox 300 3176 431 3210; x_wconf 66' lang='lat' dir='ltr'>vereor,</span> <span class='ocrx_word' id='word_1_334' title='bbox 446 3170 478 3198; x_wconf 90' lang='lat' dir='ltr'>et</span> <span class='ocrx_word' id='word_1_335' title='bbox 493 3157 686 3197; x_wconf 82' lang='lat' dir='ltr'>admodum</span> <span class='ocrx_word' id='word_1_336' title='bbox 703 3170 834 3205; x_wconf 79' lang='lat' dir='ltr'>vercor,</span> <span class='ocrx_word' id='word_1_337' title='bbox 852 3164 889 3192; x_wconf 91' lang='lat' dir='ltr'>ut</span> <span class='ocrx_word' id='word_1_338' title='bbox 903 3155 970 3192; x_wconf 88' lang='lat' dir='ltr'>hoe</span> <span class='ocrx_word' id='word_1_339' title='bbox 984 3154 1143 3193; x_wconf 88' lang='lat' dir='ltr'>studium</span> <span class='ocrx_word' id='word_1_340' title='bbox 1159 3169 1275 3193; x_wconf 88' lang='lat' dir='ltr'>meum</span> 
     </span>
    </p>
   </div>
   <div class='ocr_carea' id='block_1_4' title="bbox 300 3290 1294 3437">
    <p class='ocr_par' dir='ltr' id='par_1_5' title="bbox 300 3290 1294 3437">
     <span class='ocr_line' id='line_1_47' title="bbox 343 3290 772 3334; baseline -0.005 -13"><span class='ocrx_word' id='word_1_341' title='bbox 343 3293 357 3314; x_wconf 49' lang='grc' dir='ltr'>θ’</span> <span class='ocrx_word' id='word_1_342' title='bbox 383 3290 441 3321; x_wconf 85' lang='lat' dir='ltr'>Alii</span> <span class='ocrx_word' id='word_1_343' title='bbox 459 3300 500 3333; x_wconf 75' lang='grc' dir='ltr'>τῷ</span> <span class='ocrx_word' id='word_1_344' title='bbox 515 3293 588 3334; x_wconf 70' lang='grc' dir='ltr'>παρ’</span> <span class='ocrx_word' id='word_1_345' title='bbox 605 3293 672 3330; x_wconf 70' lang='grc' dir='ltr'>ἡμῖν</span> <span class='ocrx_word' id='word_1_346' title='bbox 686 3291 772 3330; x_wconf 68' lang='grc' dir='ltr'>λόγῳ.</span> 
     </span>
     <span class='ocr_line' id='line_1_48' title="bbox 340 3335 1294 3383; baseline -0.009 -6"><span class='ocrx_word' id='word_1_347' title='bbox 340 3354 353 3367; x_wconf 55' lang='lat'><em>2</em></span> <span class='ocrx_word' id='word_1_348' title='bbox 380 3347 593 3383; x_wconf 66' lang='grc' dir='ltr'>ὀποτιθεμένοις</span> <span class='ocrx_word' id='word_1_349' title='bbox 608 3339 700 3371; x_wconf 84' lang='lat' dir='ltr'>deest</span> <span class='ocrx_word' id='word_1_350' title='bbox 719 3338 750 3371; x_wconf 86' lang='lat' dir='ltr'>iu</span> <span class='ocrx_word' id='word_1_351' title='bbox 768 3338 843 3370; x_wconf 72' lang='lat' dir='ltr'>Mss.</span> <span class='ocrx_word' id='word_1_352' title='bbox 864 3337 1025 3379; x_wconf 71' lang='lat' dir='ltr'>plurimis,</span> <span class='ocrx_word' id='word_1_353' title='bbox 1040 3345 1072 3369; x_wconf 86' lang='lat' dir='ltr'>et</span> <span class='ocrx_word' id='word_1_354' title='bbox 1089 3348 1105 3367; x_wconf 89' lang='lat' dir='ltr'>a</span> <span class='ocrx_word' id='word_1_355' title='bbox 1123 3335 1246 3369; x_wconf 70' lang='lat' dir='ltr'>Saxilio</span> <span class='ocrx_word' id='word_1_356' title='bbox 1264 3338 1294 3368; x_wconf 88' lang='lat' dir='ltr'>in</span> 
     </span>
     <span class='ocr_line' id='line_1_49' title="bbox 300 3391 691 3437; baseline -0.013 -11"><span class='ocrx_word' id='word_1_357' title='bbox 300 3395 442 3437; x_wconf 73' lang='lat' dir='ltr'>margin(-</span> <span class='ocrx_word' id='word_1_358' title='bbox 460 3393 602 3435; x_wconf 84' lang='lat' dir='ltr'>positum</span> <span class='ocrx_word' id='word_1_359' title='bbox 621 3391 691 3422; x_wconf 76' lang='lat' dir='ltr'>suit.</span> 
     </span>
    </p>
   </div>
   <div class='ocr_carea' id='block_1_5' title="bbox 1326 206 1927 240">
    <p class='ocr_par' dir='ltr' id='par_1_6' title="bbox 1326 206 1927 240">
     <span class='ocr_line' id='line_1_50' title="bbox 1326 206 1927 240; baseline 0.007 -4"><span class='ocrx_word' id='word_1_360' title='bbox 1326 206 1532 238; x_wconf 79' lang='lat' dir='ltr'>ARCHIEP.</span> <span class='ocrx_word' id='word_1_361' title='bbox 1571 207 1927 240; x_wconf 66' lang='lat' dir='ltr'>CONSTANTINOP-</span> 
     </span>
    </p>
   </div>
   <div class='ocr_carea' id='block_1_6' title="bbox 1343 287 2374 3210">
    <p class='ocr_par' dir='ltr' id='par_1_7' title="bbox 1343 287 2374 2285">
     <span class='ocr_line' id='line_1_51' title="bbox 1343 287 2366 345; baseline 0.007 -20"><span class='ocrx_word' id='word_1_362' title='bbox 1343 287 1431 336; x_wconf 83' lang='grc' dir='ltr'>πὼν,</span> <span class='ocrx_word' id='word_1_363' title='bbox 1446 288 1606 336; x_wconf 81' lang='grc' dir='ltr'>τοιαύτης</span> <span class='ocrx_word' id='word_1_364' title='bbox 1625 290 1860 336; x_wconf 89' lang='grc' dir='ltr'>ἀπολαύοντας</span> <span class='ocrx_word' id='word_1_365' title='bbox 1874 292 2088 344; x_wconf 86' lang='grc' dir='ltr'>ἀκροάσεως,</span> <span class='ocrx_word' id='word_1_366' title='bbox 2107 292 2166 330; x_wconf 81' lang='grc' dir='ltr'>καὶ</span> <span class='ocrx_word' id='word_1_367' title='bbox 2183 292 2366 345; x_wconf 80' lang='grc' dir='ltr'>ἀποστόλῳ</span> 
     </span>
     <span class='ocr_line' id='line_1_52' title="bbox 1343 348 2366 406; baseline 0.007 -21"><span class='ocrx_word' id='word_1_368' title='bbox 1343 348 1487 401; x_wconf 82' lang='grc' dir='ltr'>τοιούτῳ</span> <span class='ocrx_word' id='word_1_369' title='bbox 1503 350 1763 402; x_wconf 88' lang='grc' dir='ltr'>συγγινομένους</span> <span class='ocrx_word' id='word_1_370' title='bbox 1774 382 1784 399; x_wconf 93' lang='grc'>,</span> <span class='ocrx_word' id='word_1_371' title='bbox 1807 351 1855 403; x_wconf 75' lang='grc' dir='ltr'>μὴ</span> <span class='ocrx_word' id='word_1_372' title='bbox 1878 353 1967 404; x_wconf 89' lang='grc' dir='ltr'>μέγα</span> <span class='ocrx_word' id='word_1_373' title='bbox 1985 369 2018 391; x_wconf 89' lang='grc' dir='ltr'>τι</span> <span class='ocrx_word' id='word_1_374' title='bbox 2034 352 2093 390; x_wconf 83' lang='grc' dir='ltr'>καὶ</span> <span class='ocrx_word' id='word_1_375' title='bbox 2111 359 2263 405; x_wconf 88' lang='grc' dir='ltr'>γενναῖον</span> <span class='ocrx_word' id='word_1_376' title='bbox 2280 357 2366 406; x_wconf 88' lang='grc' dir='ltr'>ἀγα-</span> 
     </span>
     <span class='ocr_line' id='line_1_53' title="bbox 1344 408 2368 466; baseline 0.006 -20"><span class='ocrx_word' id='word_1_377' title='bbox 1344 408 1399 446; x_wconf 81' lang='grc' dir='ltr'>θὸν</span> <span class='ocrx_word' id='word_1_378' title='bbox 1419 409 1589 454; x_wconf 69' lang='grc' dir='ltr'>λαὸόντας</span> <span class='ocrx_word' id='word_1_379' title='bbox 1609 413 1780 460; x_wconf 80' lang='grc' dir='ltr'>ἀπελθεῖν,</span> <span class='ocrx_word' id='word_1_380' title='bbox 1802 412 1865 451; x_wconf 84' lang='grc' dir='ltr'>κᾶν</span> <span class='ocrx_word' id='word_1_381' title='bbox 1886 413 1989 466; x_wconf 82' lang='grc' dir='ltr'>ἀνὴρ,</span> <span class='ocrx_word' id='word_1_382' title='bbox 2009 413 2072 451; x_wconf 76' lang='grc' dir='ltr'>κᾶν</span> <span class='ocrx_word' id='word_1_383' title='bbox 2089 413 2191 466; x_wconf 77' lang='grc' dir='ltr'>γυνὴ,</span> <span class='ocrx_word' id='word_1_384' title='bbox 2212 413 2275 451; x_wconf 81' lang='grc' dir='ltr'>κᾶν</span> <span class='ocrx_word' id='word_1_385' title='bbox 2294 413 2368 458; x_wconf 85' lang='grc' dir='ltr'>νέος</span> 
     </span>
     <span class='ocr_line' id='line_1_54' title="bbox 1344 468 2368 527; baseline 0.006 -21"><span class='ocrx_word' id='word_1_386' title='bbox 1344 471 1361 506; x_wconf 83' lang='grc' dir='ltr'>ὁ</span> <span class='ocrx_word' id='word_1_387' title='bbox 1379 469 1505 517; x_wconf 79' lang='grc' dir='ltr'>ταύτης</span> <span class='ocrx_word' id='word_1_388' title='bbox 1534 471 1687 524; x_wconf 75' lang='grc' dir='ltr'>μετέχων</span> <span class='ocrx_word' id='word_1_389' title='bbox 1710 476 1772 519; x_wconf 68' lang='grc' dir='ltr'>τῆς</span> <span class='ocrx_word' id='word_1_390' title='bbox 1793 473 1967 526; x_wconf 83' lang='grc' dir='ltr'>τραπέζης</span> <span class='ocrx_word' id='word_1_391' title='bbox 1993 468 2027 525; x_wconf 70' lang='grc' dir='ltr'>ᾗ.</span> <span class='ocrx_word' id='word_1_392' title='bbox 2048 476 2092 514; x_wconf 82' lang='grc' dir='ltr'>Εἰ</span> <span class='ocrx_word' id='word_1_393' title='bbox 2107 474 2175 527; x_wconf 85' lang='grc' dir='ltr'>γὰρ</span> <span class='ocrx_word' id='word_1_394' title='bbox 2200 473 2245 512; x_wconf 81' lang='grc' dir='ltr'>τὰ</span> <span class='ocrx_word' id='word_1_395' title='bbox 2265 474 2368 527; x_wconf 83' lang='grc' dir='ltr'>θηρία</span> 
     </span>
     <span class='ocr_line' id='line_1_55' title="bbox 1344 528 2368 587; baseline 0.004 -20"><span class='ocrx_word' id='word_1_396' title='bbox 1344 528 1420 568; x_wconf 69' lang='grc' dir='ltr'>1’τὰ</span> <span class='ocrx_word' id='word_1_397' title='bbox 1441 533 1524 584; x_wconf 84' lang='grc' dir='ltr'>παρ’</span> <span class='ocrx_word' id='word_1_398' title='bbox 1539 536 1623 583; x_wconf 82' lang='grc' dir='ltr'>ἡμῖν</span> <span class='ocrx_word' id='word_1_399' title='bbox 1655 533 1746 585; x_wconf 82' lang='grc' dir='ltr'>λόγῳ</span> <span class='ocrx_word' id='word_1_400' title='bbox 1774 533 1992 585; x_wconf 80' lang='grc' dir='ltr'>ῥυθμίζοντες</span> <span class='ocrx_word' id='word_1_401' title='bbox 2018 538 2235 586; x_wconf 73' lang='grc' dir='ltr'>ἡμεροῧμεν,</span> <span class='ocrx_word' id='word_1_402' title='bbox 2270 534 2368 587; x_wconf 84' lang='grc' dir='ltr'>πόσῳ</span> 
     </span>
     <span class='ocr_line' id='line_1_56' title="bbox 1347 593 2369 648; baseline 0.003 -20"><span class='ocrx_word' id='word_1_403' title='bbox 1347 593 1477 641; x_wconf 79' lang='grc' dir='ltr'>μᾶλλον</span> <span class='ocrx_word' id='word_1_404' title='bbox 1498 595 1540 643; x_wconf 76' lang='grc' dir='ltr'>τῇ</span> <span class='ocrx_word' id='word_1_405' title='bbox 1564 597 1781 645; x_wconf 75' lang='grc' dir='ltr'>πνευματικῇ</span> <span class='ocrx_word' id='word_1_406' title='bbox 1801 593 1909 645; x_wconf 83' lang='grc' dir='ltr'>ταύτῃ</span> <span class='ocrx_word' id='word_1_407' title='bbox 1929 594 2134 648; x_wconf 76' lang='grc' dir='ltr'>διδασκαλίᾳ</span> <span class='ocrx_word' id='word_1_408' title='bbox 2149 594 2225 638; x_wconf 75' lang='grc' dir='ltr'>τοὺς</span> <span class='ocrx_word' id='word_1_409' title='bbox 2243 594 2369 647; x_wconf 77' lang='grc' dir='ltr'>ἄνδρας</span> 
     </span>
     <span class='ocr_line' id='line_1_57' title="bbox 1344 653 2369 707; baseline 0.003 -17"><span class='ocrx_word' id='word_1_410' title='bbox 1344 656 1443 691; x_wconf 79' lang='grc' dir='ltr'>τοῦτο</span> <span class='ocrx_word' id='word_1_411' title='bbox 1458 653 1675 706; x_wconf 83' lang='grc' dir='ltr'>ἐργασόμεθα</span> <span class='ocrx_word' id='word_1_412' title='bbox 1691 685 1700 702; x_wconf 90' lang='grc'>,</span> <span class='ocrx_word' id='word_1_413' title='bbox 1733 654 1814 692; x_wconf 78' lang='grc' dir='ltr'>ὅταν</span> <span class='ocrx_word' id='word_1_414' title='bbox 1842 654 1901 693; x_wconf 80' lang='grc' dir='ltr'>καὶ</span> <span class='ocrx_word' id='word_1_415' title='bbox 1927 659 1985 693; x_wconf 81' lang='grc' dir='ltr'>τοῦ</span> <span class='ocrx_word' id='word_1_416' title='bbox 2016 655 2203 707; x_wconf 78' lang='grc' dir='ltr'>φαρμάκου</span> <span class='ocrx_word' id='word_1_417' title='bbox 2226 656 2285 693; x_wconf 86' lang='grc' dir='ltr'>καὶ</span> <span class='ocrx_word' id='word_1_418' title='bbox 2309 659 2369 693; x_wconf 75' lang='grc' dir='ltr'>τοῦ</span> 
     </span>
     <span class='ocr_line' id='line_1_58' title="bbox 1345 710 2367 769; baseline 0.002 -18"><span class='ocrx_word' id='word_1_419' title='bbox 1345 713 1618 767; x_wconf 80' lang='grc' dir='ltr'>θεραπευομένου</span> <span class='ocrx_word' id='word_1_420' title='bbox 1643 715 1730 753; x_wconf 76' lang='grc' dir='ltr'>πολὺ</span> <span class='ocrx_word' id='word_1_421' title='bbox 1749 716 1788 754; x_wconf 74' lang='grc' dir='ltr'>τὸ</span> <span class='ocrx_word' id='word_1_422' title='bbox 1811 715 1912 766; x_wconf 81' lang='grc' dir='ltr'>μέσον</span> <span class='ocrx_word' id='word_1_423' title='bbox 1937 710 1978 767; x_wconf 66' lang='grc' dir='ltr'>ἦ,</span> <span class='ocrx_word' id='word_1_424' title='bbox 1993 715 2086 754; x_wconf 85' lang='grc' dir='ltr'>Οὔτε</span> <span class='ocrx_word' id='word_1_425' title='bbox 2102 715 2169 769; x_wconf 75' lang='grc' dir='ltr'>γὰρ</span> <span class='ocrx_word' id='word_1_426' title='bbox 2195 719 2216 762; x_wconf 83' lang='grc' dir='ltr'>ἡ</span> <span class='ocrx_word' id='word_1_427' title='bbox 2235 719 2268 754; x_wconf 80' lang='grc' dir='ltr'>ἐν</span> <span class='ocrx_word' id='word_1_428' title='bbox 2283 719 2367 766; x_wconf 76' lang='grc' dir='ltr'>ἡμῖν</span> 
     </span>
     <span class='ocr_line' id='line_1_59' title="bbox 1347 775 2368 830; baseline 0.004 -18"><span class='ocrx_word' id='word_1_429' title='bbox 1347 775 1508 828; x_wconf 84' lang='grc' dir='ltr'>ἀγριότης</span> <span class='ocrx_word' id='word_1_430' title='bbox 1524 776 1690 824; x_wconf 81' lang='grc' dir='ltr'>τοσαύτη,</span> <span class='ocrx_word' id='word_1_431' title='bbox 1712 776 1812 824; x_wconf 78' lang='grc' dir='ltr'>ὅσηὴ</span> <span class='ocrx_word' id='word_1_432' title='bbox 1833 780 1865 815; x_wconf 82' lang='grc' dir='ltr'>ἐν</span> <span class='ocrx_word' id='word_1_433' title='bbox 1892 776 2050 820; x_wconf 80' lang='grc' dir='ltr'>ἐκείνοις·</span> <span class='ocrx_word' id='word_1_434' title='bbox 2077 781 2098 824; x_wconf 81' lang='grc' dir='ltr'>ἡ</span> <span class='ocrx_word' id='word_1_435' title='bbox 2124 777 2185 828; x_wconf 84' lang='grc' dir='ltr'>μὲν</span> <span class='ocrx_word' id='word_1_436' title='bbox 2215 777 2282 830; x_wconf 84' lang='grc' dir='ltr'>γὰρ</span> <span class='ocrx_word' id='word_1_437' title='bbox 2301 776 2368 829; x_wconf 85' lang='grc' dir='ltr'>φύ-</span> 
     </span>
     <span class='ocr_line' id='line_1_60' title="bbox 1346 837 2368 891; baseline 0.001 -17"><span class='ocrx_word' id='word_1_438' title='bbox 1346 853 1431 880; x_wconf 89' lang='grc' dir='ltr'>σεως</span> <span class='ocrx_word' id='word_1_439' title='bbox 1441 867 1450 884; x_wconf 87' lang='grc'>,</span> <span class='ocrx_word' id='word_1_440' title='bbox 1467 840 1488 883; x_wconf 81' lang='grc' dir='ltr'>ἠ</span> <span class='ocrx_word' id='word_1_441' title='bbox 1506 837 1540 876; x_wconf 81' lang='grc' dir='ltr'>δὲ</span> <span class='ocrx_word' id='word_1_442' title='bbox 1556 837 1790 891; x_wconf 78' lang='grc' dir='ltr'>προαιρέσεώς</span> <span class='ocrx_word' id='word_1_443' title='bbox 1804 841 1894 877; x_wconf 80' lang='grc' dir='ltr'>ἐστιν</span> <span class='ocrx_word' id='word_1_444' title='bbox 1906 854 1914 862; x_wconf 87' lang='grc'><em>·</em></span> <span class='ocrx_word' id='word_1_445' title='bbox 1936 837 2013 876; x_wconf 82' lang='grc' dir='ltr'>οὔτε</span> <span class='ocrx_word' id='word_1_446' title='bbox 2028 841 2095 876; x_wconf 79' lang='grc' dir='ltr'>τῶν</span> <span class='ocrx_word' id='word_1_447' title='bbox 2109 839 2220 890; x_wconf 87' lang='grc' dir='ltr'>λόγων</span> <span class='ocrx_word' id='word_1_448' title='bbox 2235 843 2257 886; x_wconf 81' lang='grc' dir='ltr'>ἡ</span> <span class='ocrx_word' id='word_1_449' title='bbox 2271 837 2368 890; x_wconf 79' lang='grc' dir='ltr'>ἰσχὺς</span> 
     </span>
     <span class='ocr_line' id='line_1_61' title="bbox 1346 897 2368 952; baseline 0.002 -18"><span class='ocrx_word' id='word_1_450' title='bbox 1346 901 1367 944; x_wconf 79' lang='grc' dir='ltr'>ἡ</span> <span class='ocrx_word' id='word_1_451' title='bbox 1390 897 1487 943; x_wconf 77' lang='grc' dir='ltr'>αὐτή.</span> <span class='ocrx_word' id='word_1_452' title='bbox 1508 897 1648 945; x_wconf 81' lang='grc' dir='ltr'>Ἔκείνη</span> <span class='ocrx_word' id='word_1_453' title='bbox 1681 897 1741 949; x_wconf 79' lang='grc' dir='ltr'>μὲν</span> <span class='ocrx_word' id='word_1_454' title='bbox 1757 898 1826 951; x_wconf 84' lang='grc' dir='ltr'>γὰρ</span> <span class='ocrx_word' id='word_1_455' title='bbox 1859 898 2076 952; x_wconf 85' lang='grc' dir='ltr'>ἀνθρωπίνης</span> <span class='ocrx_word' id='word_1_456' title='bbox 2103 899 2175 937; x_wconf 79' lang='grc' dir='ltr'>ἐστὶ</span> <span class='ocrx_word' id='word_1_457' title='bbox 2194 898 2368 948; x_wconf 76' lang='grc' dir='ltr'>διανοίας,</span> 
     </span>
     <span class='ocr_line' id='line_1_62' title="bbox 1348 956 2368 1011; baseline 0.003 -17"><span class='ocrx_word' id='word_1_458' title='bbox 1348 957 1433 1003; x_wconf 78' lang='grc' dir='ltr'>αὕτη</span> <span class='ocrx_word' id='word_1_459' title='bbox 1450 956 1486 994; x_wconf 79' lang='grc' dir='ltr'>δὲ</span> <span class='ocrx_word' id='word_1_460' title='bbox 1501 961 1562 1004; x_wconf 71' lang='grc' dir='ltr'>τῆς</span> <span class='ocrx_word' id='word_1_461' title='bbox 1580 961 1638 996; x_wconf 74' lang='grc' dir='ltr'>τοῦ</span> <span class='ocrx_word' id='word_1_462' title='bbox 1659 958 1861 1010; x_wconf 89' lang='grc' dir='ltr'>Πνεύματος</span> <span class='ocrx_word' id='word_1_463' title='bbox 1875 959 2050 1011; x_wconf 85' lang='grc' dir='ltr'>δυνάμεως</span> <span class='ocrx_word' id='word_1_464' title='bbox 2064 959 2123 997; x_wconf 80' lang='grc' dir='ltr'>καὶ</span> <span class='ocrx_word' id='word_1_465' title='bbox 2138 962 2200 1005; x_wconf 76' lang='grc' dir='ltr'>τ’ἧς</span> <span class='ocrx_word' id='word_1_466' title='bbox 2214 959 2368 1011; x_wconf 77' lang='grc' dir='ltr'>χάριτος.</span> 
     </span>
     <span class='ocr_line' id='line_1_63' title="bbox 1348 1018 2370 1072; baseline 0.003 -17"><span class='ocrx_word' id='word_1_467' title='bbox 1348 1018 1392 1056; x_wconf 81' lang='lat' dir='ltr'>‘O</span> <span class='ocrx_word' id='word_1_468' title='bbox 1412 1018 1524 1056; x_wconf 88' lang='grc' dir='ltr'>τοίνυν</span> <span class='ocrx_word' id='word_1_469' title='bbox 1540 1018 1788 1071; x_wconf 82' lang='grc' dir='ltr'>ἀπογινώσκων</span> <span class='ocrx_word' id='word_1_470' title='bbox 1805 1022 1926 1058; x_wconf 70' lang='grc' dir='ltr'>ἑαυτοῦ</span> <span class='ocrx_word' id='word_1_471' title='bbox 1940 1050 1949 1068; x_wconf 92' lang='grc'>,</span> <span class='ocrx_word' id='word_1_472' title='bbox 1971 1019 2016 1057; x_wconf 86' lang='grc' dir='ltr'>τὰ</span> <span class='ocrx_word' id='word_1_473' title='bbox 2034 1019 2136 1072; x_wconf 89' lang='grc' dir='ltr'>θηρία</span> <span class='ocrx_word' id='word_1_474' title='bbox 2153 1020 2308 1058; x_wconf 83' lang='grc' dir='ltr'>ἐννοείτω</span> <span class='ocrx_word' id='word_1_475' title='bbox 2325 1020 2370 1058; x_wconf 84' lang='grc' dir='ltr'>τὰ</span> 
     </span>
     <span class='ocr_line' id='line_1_64' title="bbox 1345 1078 2372 1133; baseline 0.003 -17"><span class='ocrx_word' id='word_1_476' title='bbox 1345 1078 1480 1131; x_wconf 82' lang='grc' dir='ltr'>ἥμερα,</span> <span class='ocrx_word' id='word_1_477' title='bbox 1507 1080 1567 1117; x_wconf 79' lang='grc' dir='ltr'>καὶ</span> <span class='ocrx_word' id='word_1_478' title='bbox 1598 1080 1758 1119; x_wconf 79' lang='grc' dir='ltr'>οὐδέποτε</span> <span class='ocrx_word' id='word_1_479' title='bbox 1779 1087 1878 1120; x_wconf 78' lang='grc' dir='ltr'>τοῦτο</span> <span class='ocrx_word' id='word_1_480' title='bbox 1897 1081 2074 1120; x_wconf 88' lang='grc' dir='ltr'>πείσεται·</span> <span class='ocrx_word' id='word_1_481' title='bbox 2103 1084 2253 1133; x_wconf 73' lang='grc' dir='ltr'>συνεχῶς</span> <span class='ocrx_word' id='word_1_482' title='bbox 2274 1080 2372 1132; x_wconf 80' lang='grc' dir='ltr'>παρὰ</span> 
     </span>
     <span class='ocr_line' id='line_1_65' title="bbox 1347 1140 2370 1194; baseline 0.002 -17"><span class='ocrx_word' id='word_1_483' title='bbox 1347 1145 1448 1178; x_wconf 79' lang='grc' dir='ltr'>τοῦτο</span> <span class='ocrx_word' id='word_1_484' title='bbox 1481 1140 1544 1177; x_wconf 87' lang='grc' dir='ltr'>ἰ’τω</span> <span class='ocrx_word' id='word_1_485' title='bbox 1577 1141 1617 1179; x_wconf 75' lang='grc' dir='ltr'>τὸ</span> <span class='ocrx_word' id='word_1_486' title='bbox 1643 1143 1886 1194; x_wconf 82' lang='grc' dir='ltr'>ἷατρεῖον,τῶν</span> <span class='ocrx_word' id='word_1_487' title='bbox 1917 1147 1975 1181; x_wconf 74' lang='grc' dir='ltr'>τοῦ</span> <span class='ocrx_word' id='word_1_488' title='bbox 1996 1142 2202 1192; x_wconf 88' lang='grc' dir='ltr'>Πνεύματος</span> <span class='ocrx_word' id='word_1_489' title='bbox 2217 1142 2370 1180; x_wconf 79' lang='grc' dir='ltr'>ἀκουέτω</span> 
     </span>
     <span class='ocr_line' id='line_1_66' title="bbox 1348 1200 2372 1254; baseline 0.003 -17"><span class='ocrx_word' id='word_1_490' title='bbox 1348 1200 1462 1250; x_wconf 79' lang='grc' dir='ltr'>νόμων</span> <span class='ocrx_word' id='word_1_491' title='bbox 1486 1200 1543 1238; x_wconf 80' lang='grc' dir='ltr'>διὰ</span> <span class='ocrx_word' id='word_1_492' title='bbox 1571 1201 1698 1244; x_wconf 77' lang='grc' dir='ltr'>παντὸς</span> <span class='ocrx_word' id='word_1_493' title='bbox 1724 1207 1784 1239; x_wconf 77' lang='grc' dir='ltr'>τοῦ</span> <span class='ocrx_word' id='word_1_494' title='bbox 1808 1208 1947 1254; x_wconf 77' lang='grc' dir='ltr'>καιροῦ,</span> <span class='ocrx_word' id='word_1_495' title='bbox 1976 1203 2035 1240; x_wconf 81' lang='grc' dir='ltr'>καὶ</span> <span class='ocrx_word' id='word_1_496' title='bbox 2067 1202 2183 1241; x_wconf 81' lang='grc' dir='ltr'>οἴκαδε</span> <span class='ocrx_word' id='word_1_497' title='bbox 2213 1201 2372 1241; x_wconf 83' lang='grc' dir='ltr'>ἀπελθὼν</span> 
     </span>
     <span class='ocr_line' id='line_1_67' title="bbox 1351 1261 2372 1315; baseline 0.002 -15"><span class='ocrx_word' id='word_1_498' title='bbox 1351 1261 1583 1314; x_wconf 84' lang='grc' dir='ltr'>ἀπογραφέτω</span> <span class='ocrx_word' id='word_1_499' title='bbox 1615 1261 1659 1299; x_wconf 79' lang='grc' dir='ltr'>τὰ</span> <span class='ocrx_word' id='word_1_500' title='bbox 1692 1262 1902 1301; x_wconf 85' lang='grc' dir='ltr'>ἀκουσθέντα</span> <span class='ocrx_word' id='word_1_501' title='bbox 1930 1265 1973 1314; x_wconf 71' lang='grc' dir='ltr'>τῇ</span> <span class='ocrx_word' id='word_1_502' title='bbox 2007 1263 2158 1315; x_wconf 77' lang='grc' dir='ltr'>διανοίᾳ·</span> <span class='ocrx_word' id='word_1_503' title='bbox 2185 1263 2244 1302; x_wconf 74' lang='grc' dir='ltr'>καὶ</span> <span class='ocrx_word' id='word_1_504' title='bbox 2267 1263 2372 1308; x_wconf 76' lang='grc' dir='ltr'>οὕτως</span> 
     </span>
     <span class='ocr_line' id='line_1_68' title="bbox 1350 1323 2371 1377; baseline 0.001 -16"><span class='ocrx_word' id='word_1_505' title='bbox 1350 1323 1448 1362; x_wconf 83' lang='grc' dir='ltr'>ἔσται</span> <span class='ocrx_word' id='word_1_506' title='bbox 1481 1326 1515 1362; x_wconf 83' lang='grc' dir='ltr'>ἐν</span> <span class='ocrx_word' id='word_1_507' title='bbox 1546 1323 1661 1362; x_wconf 81' lang='grc' dir='ltr'>ἐλπίσι</span> <span class='ocrx_word' id='word_1_508' title='bbox 1687 1330 1858 1377; x_wconf 83' lang='grc' dir='ltr'>χρησταῖς</span> <span class='ocrx_word' id='word_1_509' title='bbox 1887 1324 1947 1362; x_wconf 80' lang='grc' dir='ltr'>καὶ</span> <span class='ocrx_word' id='word_1_510' title='bbox 1980 1324 2150 1377; x_wconf 78' lang='grc' dir='ltr'>ἀσφαλείᾳ</span> <span class='ocrx_word' id='word_1_511' title='bbox 2168 1327 2300 1377; x_wconf 81' lang='grc' dir='ltr'>πολλῇ,</span> <span class='ocrx_word' id='word_1_512' title='bbox 2328 1328 2371 1376; x_wconf 68' lang='grc' dir='ltr'>τῇ</span> 
     </span>
     <span class='ocr_line' id='line_1_69' title="bbox 1349 1383 2371 1438; baseline 0.002 -16"><span class='ocrx_word' id='word_1_513' title='bbox 1349 1383 1453 1436; x_wconf 80' lang='grc' dir='ltr'>πείρᾳ</span> <span class='ocrx_word' id='word_1_514' title='bbox 1479 1387 1540 1431; x_wconf 75' lang='grc' dir='ltr'>τῆς</span> <span class='ocrx_word' id='word_1_515' title='bbox 1571 1389 1750 1438; x_wconf 72' lang='grc' dir='ltr'>προκοπῆς</span> <span class='ocrx_word' id='word_1_516' title='bbox 1769 1384 2023 1436; x_wconf 82' lang='grc' dir='ltr'>αἰσθανόμενος.</span> <span class='ocrx_word' id='word_1_517' title='bbox 2043 1384 2156 1424; x_wconf 65' lang='grc' dir='ltr'>εὈταν</span> <span class='ocrx_word' id='word_1_518' title='bbox 2172 1385 2239 1437; x_wconf 83' lang='grc' dir='ltr'>γὰρ</span> <span class='ocrx_word' id='word_1_519' title='bbox 2258 1389 2276 1424; x_wconf 86' lang='grc' dir='ltr'>ὁ</span> <span class='ocrx_word' id='word_1_520' title='bbox 2297 1385 2371 1424; x_wconf 85' lang='grc' dir='ltr'>διά-</span> 
     </span>
     <span class='ocr_line' id='line_1_70' title="bbox 1351 1445 2371 1500; baseline 0 -16"><span class='ocrx_word' id='word_1_521' title='bbox 1351 1447 1450 1489; x_wconf 67' lang='grc' dir='ltr'>ὅολος</span> <span class='ocrx_word' id='word_1_522' title='bbox 1465 1445 1520 1498; x_wconf 78' lang='grc' dir='ltr'>ἴδῃ</span> <span class='ocrx_word' id='word_1_523' title='bbox 1539 1451 1599 1484; x_wconf 74' lang='grc' dir='ltr'>τοῦ</span> <span class='ocrx_word' id='word_1_524' title='bbox 1621 1448 1712 1485; x_wconf 81' lang='grc' dir='ltr'>Θεοῦ</span> <span class='ocrx_word' id='word_1_525' title='bbox 1729 1447 1787 1485; x_wconf 75' lang='grc' dir='ltr'>τὸν</span> <span class='ocrx_word' id='word_1_526' title='bbox 1809 1446 1913 1496; x_wconf 87' lang='grc' dir='ltr'>νόμον</span> <span class='ocrx_word' id='word_1_527' title='bbox 1936 1446 2150 1498; x_wconf 76' lang='grc' dir='ltr'>ἐγγραφέντα</span> <span class='ocrx_word' id='word_1_528' title='bbox 2176 1450 2218 1498; x_wconf 79' lang='grc' dir='ltr'>τῇ</span> <span class='ocrx_word' id='word_1_529' title='bbox 2253 1449 2371 1500; x_wconf 73' lang='grc' dir='ltr'>ψυχῇ,</span> 
     </span>
     <span class='ocr_line' id='line_1_71' title="bbox 1349 1506 2370 1561; baseline 0.002 -17"><span class='ocrx_word' id='word_1_530' title='bbox 1349 1506 1407 1544; x_wconf 79' lang='grc' dir='ltr'>καὶ</span> <span class='ocrx_word' id='word_1_531' title='bbox 1433 1506 1570 1550; x_wconf 80' lang='grc' dir='ltr'>πλάκας</span> <span class='ocrx_word' id='word_1_532' title='bbox 1590 1509 1691 1545; x_wconf 78' lang='grc' dir='ltr'>αὐτοῦ</span> <span class='ocrx_word' id='word_1_533' title='bbox 1721 1506 1909 1557; x_wconf 85' lang='grc' dir='ltr'>γενομένην</span> <span class='ocrx_word' id='word_1_534' title='bbox 1936 1506 1998 1554; x_wconf 84' lang='grc' dir='ltr'>τὴν</span> <span class='ocrx_word' id='word_1_535' title='bbox 2026 1506 2183 1559; x_wconf 70' lang='grc' dir='ltr'>καρδίαν,</span> <span class='ocrx_word' id='word_1_536' title='bbox 2204 1509 2241 1546; x_wconf 81' lang='grc' dir='ltr'>οὐ</span> <span class='ocrx_word' id='word_1_537' title='bbox 2261 1524 2370 1561; x_wconf 86' lang='grc' dir='ltr'>προσ-</span> 
     </span>
     <span class='ocr_line' id='line_1_72' title="bbox 1352 1562 2369 1619; baseline 0.002 -14"><span class='ocrx_word' id='word_1_538' title='bbox 1352 1566 1524 1605; x_wconf 86' lang='grc' dir='ltr'>ελεύσεται</span> <span class='ocrx_word' id='word_1_539' title='bbox 1552 1567 1684 1606; x_wconf 86' lang='grc' dir='ltr'>λοιπόν.</span> <span class='ocrx_word' id='word_1_540' title='bbox 1714 1566 1824 1605; x_wconf 79' lang='grc' dir='ltr'>’Ένθα</span> <span class='ocrx_word' id='word_1_541' title='bbox 1850 1567 1918 1619; x_wconf 77' lang='grc' dir='ltr'>γὰρ</span> <span class='ocrx_word' id='word_1_542' title='bbox 1946 1566 1985 1604; x_wconf 81' lang='grc' dir='ltr'>ἂν</span> <span class='ocrx_word' id='word_1_543' title='bbox 2015 1562 2037 1619; x_wconf 70' lang='grc' dir='ltr'>ἦ</span> <span class='ocrx_word' id='word_1_544' title='bbox 2069 1567 2263 1618; x_wconf 84' lang='grc' dir='ltr'>γράμματα</span> <span class='ocrx_word' id='word_1_545' title='bbox 2300 1570 2369 1619; x_wconf 81' lang='grc' dir='ltr'>βα-</span> 
     </span>
     <span class='ocr_line' id='line_1_73' title="bbox 1353 1627 2372 1681; baseline 0 -15"><span class='ocrx_word' id='word_1_546' title='bbox 1353 1627 1488 1675; x_wconf 78' lang='grc' dir='ltr'>σιλικὰ,</span> <span class='ocrx_word' id='word_1_547' title='bbox 1516 1630 1576 1666; x_wconf 77' lang='grc' dir='ltr'>οὐκ</span> <span class='ocrx_word' id='word_1_548' title='bbox 1608 1631 1641 1666; x_wconf 81' lang='grc' dir='ltr'>ἐν</span> <span class='ocrx_word' id='word_1_549' title='bbox 1672 1628 1782 1680; x_wconf 81' lang='grc' dir='ltr'>στήλῃ</span> <span class='ocrx_word' id='word_1_550' title='bbox 1813 1628 2011 1681; x_wconf 86' lang='grc' dir='ltr'>χαραγέντα</span> <span class='ocrx_word' id='word_1_551' title='bbox 2046 1629 2181 1679; x_wconf 73' lang='grc' dir='ltr'>χαλκῇ,</span> <span class='ocrx_word' id='word_1_552' title='bbox 2216 1630 2291 1667; x_wconf 83' lang='grc' dir='ltr'>ἀλλ’</span> <span class='ocrx_word' id='word_1_553' title='bbox 2314 1629 2372 1668; x_wconf 76' lang='grc' dir='ltr'>ἐπὶ</span> 
     </span>
     <span class='ocr_line' id='line_1_74' title="bbox 1352 1689 2372 1743; baseline 0 -15"><span class='ocrx_word' id='word_1_554' title='bbox 1352 1692 1525 1742; x_wconf 75' lang='grc' dir='ltr'>θεοφιλοῦς</span> <span class='ocrx_word' id='word_1_555' title='bbox 1554 1690 1702 1734; x_wconf 86' lang='grc' dir='ltr'>διανοίας</span> <span class='ocrx_word' id='word_1_556' title='bbox 1733 1689 1821 1743; x_wconf 84' lang='grc' dir='ltr'>ἁγίῳ</span> <span class='ocrx_word' id='word_1_557' title='bbox 1850 1689 2029 1740; x_wconf 84' lang='grc' dir='ltr'>Πνεύματι</span> <span class='ocrx_word' id='word_1_558' title='bbox 2058 1689 2278 1738; x_wconf 85' lang='grc' dir='ltr'>τυπωθέντα,</span> <span class='ocrx_word' id='word_1_559' title='bbox 2311 1690 2372 1728; x_wconf 75' lang='grc' dir='ltr'>καὶ</span> 
     </span>
     <span class='ocr_line' id='line_1_75' title="bbox 1350 1748 2372 1802; baseline 0.001 -14"><span class='ocrx_word' id='word_1_560' title='bbox 1350 1752 1481 1797; x_wconf 73' lang='grc' dir='ltr'>πολλῆς</span> <span class='ocrx_word' id='word_1_561' title='bbox 1501 1749 1755 1789; x_wconf 66' lang='grc' dir='ltr'>ἀποστίλὸοντα</span> <span class='ocrx_word' id='word_1_562' title='bbox 1784 1753 1844 1796; x_wconf 70' lang='grc' dir='ltr'>τῆς</span> <span class='ocrx_word' id='word_1_563' title='bbox 1868 1749 2030 1802; x_wconf 77' lang='grc' dir='ltr'>χάριτος,</span> <span class='ocrx_word' id='word_1_564' title='bbox 2058 1748 2133 1787; x_wconf 78' lang='grc' dir='ltr'>οὐδὲ</span> <span class='ocrx_word' id='word_1_565' title='bbox 2168 1750 2372 1802; x_wconf 70' lang='grc' dir='ltr'>ἀντιὸλέψαι</span> 
     </span>
     <span class='ocr_line' id='line_1_76' title="bbox 1351 1808 2371 1862; baseline 0.001 -12"><span class='ocrx_word' id='word_1_566' title='bbox 1351 1814 1477 1855; x_wconf 82' lang='grc' dir='ltr'>ἐκεῖνος</span> <span class='ocrx_word' id='word_1_567' title='bbox 1491 1811 1694 1859; x_wconf 76' lang='grc' dir='ltr'>δυνήσεται,</span> <span class='ocrx_word' id='word_1_568' title='bbox 1706 1809 1794 1848; x_wconf 84' lang='grc' dir='ltr'>ἀλλὰ</span> <span class='ocrx_word' id='word_1_569' title='bbox 1804 1810 1979 1862; x_wconf 73' lang='grc' dir='ltr'>πόρρωθεν</span> <span class='ocrx_word' id='word_1_570' title='bbox 1993 1813 2078 1860; x_wconf 84' lang='grc' dir='ltr'>ἡμῖν</span> <span class='ocrx_word' id='word_1_571' title='bbox 2091 1808 2194 1848; x_wconf 77' lang='grc' dir='ltr'>δώσει</span> <span class='ocrx_word' id='word_1_572' title='bbox 2208 1811 2252 1850; x_wconf 84' lang='grc' dir='ltr'>τὰ</span> <span class='ocrx_word' id='word_1_573' title='bbox 2266 1815 2371 1851; x_wconf 76' lang='grc' dir='ltr'>νῶτα.</span> 
     </span>
     <span class='ocr_line' id='line_1_77' title="bbox 1351 1869 2372 1924; baseline 0 -14"><span class='ocrx_word' id='word_1_574' title='bbox 1351 1871 1461 1910; x_wconf 78' lang='grc' dir='ltr'>Οὐδὲν</span> <span class='ocrx_word' id='word_1_575' title='bbox 1482 1871 1549 1924; x_wconf 79' lang='grc' dir='ltr'>γὰρ</span> <span class='ocrx_word' id='word_1_576' title='bbox 1568 1871 1656 1910; x_wconf 79' lang='grc' dir='ltr'>οὕτω</span> <span class='ocrx_word' id='word_1_577' title='bbox 1676 1871 1819 1923; x_wconf 70' lang='grc' dir='ltr'>φοὸερὸν</span> <span class='ocrx_word' id='word_1_578' title='bbox 1840 1869 1958 1922; x_wconf 78' lang='grc' dir='ltr'>ἐκείνῳ</span> <span class='ocrx_word' id='word_1_579' title='bbox 1977 1870 2037 1908; x_wconf 81' lang='grc' dir='ltr'>καὶ</span> <span class='ocrx_word' id='word_1_580' title='bbox 2053 1876 2122 1913; x_wconf 89' lang='grc' dir='ltr'>τοῖς</span> <span class='ocrx_word' id='word_1_581' title='bbox 2140 1873 2223 1924; x_wconf 84' lang='grc' dir='ltr'>παρ’</span> <span class='ocrx_word' id='word_1_582' title='bbox 2244 1871 2372 1910; x_wconf 83' lang='grc' dir='ltr'>ἐκείνου</span> 
     </span>
     <span class='ocr_line' id='line_1_78' title="bbox 1351 1931 2372 1983; baseline 0.001 -13"><span class='ocrx_word' id='word_1_583' title='bbox 1351 1932 1632 1982; x_wconf 77' lang='grc' dir='ltr'>εὑποτιθεμένοις</span> <span class='ocrx_word' id='word_1_584' title='bbox 1649 1934 1843 1983; x_wconf 86' lang='grc' dir='ltr'>λογισμοῖς,</span> <span class='ocrx_word' id='word_1_585' title='bbox 1866 1934 1911 1974; x_wconf 82' lang='grc' dir='ltr'>ὡς</span> <span class='ocrx_word' id='word_1_586' title='bbox 1934 1931 2066 1970; x_wconf 83' lang='grc' dir='ltr'>διάνοια</span> <span class='ocrx_word' id='word_1_587' title='bbox 2095 1931 2140 1970; x_wconf 78' lang='grc' dir='ltr'>τὰ</span> <span class='ocrx_word' id='word_1_588' title='bbox 2169 1935 2243 1970; x_wconf 84' lang='grc' dir='ltr'>θεῖα</span> <span class='ocrx_word' id='word_1_589' title='bbox 2271 1934 2372 1983; x_wconf 85' lang='grc' dir='ltr'>μελε-</span> 
     </span>
     <span class='ocr_line' id='line_1_79' title="bbox 1350 1992 2371 2046; baseline 0.001 -15"><span class='ocrx_word' id='word_1_590' title='bbox 1350 1996 1463 2040; x_wconf 85' lang='grc' dir='ltr'>τῶσα,</span> <span class='ocrx_word' id='word_1_591' title='bbox 1485 1993 1543 2031; x_wconf 83' lang='grc' dir='ltr'>καὶ</span> <span class='ocrx_word' id='word_1_592' title='bbox 1559 1992 1652 2045; x_wconf 75' lang='grc' dir='ltr'>ψυχὴ</span> <span class='ocrx_word' id='word_1_593' title='bbox 1671 1992 1779 2045; x_wconf 88' lang='grc' dir='ltr'>ταύτῃ</span> <span class='ocrx_word' id='word_1_594' title='bbox 1796 1992 1979 2035; x_wconf 84' lang='grc' dir='ltr'>διαπαντὸς</span> <span class='ocrx_word' id='word_1_595' title='bbox 1999 1992 2179 2044; x_wconf 81' lang='grc' dir='ltr'>ἐγκειμένη</span> <span class='ocrx_word' id='word_1_596' title='bbox 2201 1996 2244 2044; x_wconf 78' lang='grc' dir='ltr'>τῇ</span> <span class='ocrx_word' id='word_1_597' title='bbox 2262 1996 2371 2046; x_wconf 78' lang='grc' dir='ltr'>πηγῇ.</span> 
     </span>
     <span class='ocr_line' id='line_1_80' title="bbox 1351 2053 2371 2108; baseline 0.001 -16"><span class='ocrx_word' id='word_1_598' title='bbox 1351 2056 1383 2092; x_wconf 88' lang='grc' dir='ltr'>Τ</span> <span class='ocrx_word' id='word_1_599' title='bbox 1385 2054 1426 2101; x_wconf 77' lang='grc' dir='ltr'>ὴν</span> <span class='ocrx_word' id='word_1_600' title='bbox 1444 2054 1511 2107; x_wconf 79' lang='grc' dir='ltr'>γὰρ</span> <span class='ocrx_word' id='word_1_601' title='bbox 1536 2054 1696 2101; x_wconf 81' lang='grc' dir='ltr'>τοιαύτην</span> <span class='ocrx_word' id='word_1_602' title='bbox 1719 2056 1757 2092; x_wconf 79' lang='grc' dir='ltr'>οὐ</span> <span class='ocrx_word' id='word_1_603' title='bbox 1776 2053 1931 2100; x_wconf 67' lang='grc' dir='ltr'>λυπῆσαί</span> <span class='ocrx_word' id='word_1_604' title='bbox 1958 2070 1992 2091; x_wconf 85' lang='grc' dir='ltr'>τι</span> <span class='ocrx_word' id='word_1_605' title='bbox 2018 2056 2086 2091; x_wconf 81' lang='grc' dir='ltr'>τῶν</span> <span class='ocrx_word' id='word_1_606' title='bbox 2102 2054 2282 2108; x_wconf 86' lang='grc' dir='ltr'>παρόντων</span> <span class='ocrx_word' id='word_1_607' title='bbox 2309 2056 2371 2093; x_wconf 85' lang='grc' dir='ltr'>δυ-</span> 
     </span>
     <span class='ocr_line' id='line_1_81' title="bbox 1353 2110 2370 2167; baseline 0 -14"><span class='ocrx_word' id='word_1_608' title='bbox 1353 2116 1512 2163; x_wconf 85' lang='grc' dir='ltr'>νήσεται,</span> <span class='ocrx_word' id='word_1_609' title='bbox 1539 2114 1603 2153; x_wconf 78' lang='grc' dir='ltr'>κᾶν</span> <span class='ocrx_word' id='word_1_610' title='bbox 1630 2110 1789 2167; x_wconf 62' lang='grc' dir='ltr'>ἀηδὲς-ᾗ,</span> <span class='ocrx_word' id='word_1_611' title='bbox 1807 2117 1844 2152; x_wconf 79' lang='grc' dir='ltr'>οὐ</span> <span class='ocrx_word' id='word_1_612' title='bbox 1862 2118 2014 2166; x_wconf 75' lang='grc' dir='ltr'>φυσῆσαι</span> <span class='ocrx_word' id='word_1_613' title='bbox 2033 2113 2094 2152; x_wconf 83' lang='grc' dir='ltr'>καὶ</span> <span class='ocrx_word' id='word_1_614' title='bbox 2113 2117 2260 2167; x_wconf 81' lang='grc' dir='ltr'>ἐπᾶραι,</span> <span class='ocrx_word' id='word_1_615' title='bbox 2281 2115 2370 2154; x_wconf 54' lang='grc' dir='ltr'>ἀκᾶν</span> 
     </span>
     <span class='ocr_line' id='line_1_82' title="bbox 1350 2172 2374 2229; baseline 0.001 -15"><span class='ocrx_word' id='word_1_616' title='bbox 1350 2178 1458 2216; x_wconf 82' lang='grc' dir='ltr'>αἴσιον</span> <span class='ocrx_word' id='word_1_617' title='bbox 1478 2172 1520 2229; x_wconf 70' lang='grc' dir='ltr'>ᾗ·</span> <span class='ocrx_word' id='word_1_618' title='bbox 1543 2179 1618 2215; x_wconf 85' lang='grc' dir='ltr'>ἀλλ’</span> <span class='ocrx_word' id='word_1_619' title='bbox 1636 2179 1669 2215; x_wconf 80' lang='grc' dir='ltr'>ἐν</span> <span class='ocrx_word' id='word_1_620' title='bbox 1689 2175 1841 2228; x_wconf 87' lang='grc' dir='ltr'>τοσούτῳ</span> <span class='ocrx_word' id='word_1_621' title='bbox 1856 2178 2003 2227; x_wconf 69' lang='grc' dir='ltr'>χειμῶνι</span> <span class='ocrx_word' id='word_1_622' title='bbox 2033 2175 2092 2213; x_wconf 78' lang='grc' dir='ltr'>καὶ</span> <span class='ocrx_word' id='word_1_623' title='bbox 2116 2175 2201 2228; x_wconf 84' lang='grc' dir='ltr'>ζάλῃ</span> <span class='ocrx_word' id='word_1_624' title='bbox 2221 2177 2374 2227; x_wconf 80' lang='grc' dir='ltr'>γαλήνης</span> 
     </span>
     <span class='ocr_line' id='line_1_83' title="bbox 1351 2238 1739 2285; baseline 0 -9"><span class='ocrx_word' id='word_1_625' title='bbox 1351 2238 1583 2277; x_wconf 85' lang='grc' dir='ltr'>ἀπολαύσεται</span> <span class='ocrx_word' id='word_1_626' title='bbox 1598 2240 1739 2285; x_wconf 81' lang='grc' dir='ltr'>πολλῆς.</span> 
     </span>
    </p>

    <p class='ocr_par' dir='ltr' id='par_1_8' title="bbox 1348 2303 2373 3210">
     <span class='ocr_line' id='line_1_84' title="bbox 1403 2303 2373 2359; baseline -0.002 -14"><span class='ocrx_word' id='word_1_627' title='bbox 1403 2307 1456 2344; x_wconf 79' lang='grc' dir='ltr'>Οὐ</span> <span class='ocrx_word' id='word_1_628' title='bbox 1481 2306 1548 2359; x_wconf 83' lang='grc' dir='ltr'>γὰρ</span> <span class='ocrx_word' id='word_1_629' title='bbox 1567 2305 1664 2358; x_wconf 80' lang='grc' dir='ltr'>παρὰ</span> <span class='ocrx_word' id='word_1_630' title='bbox 1680 2304 1743 2351; x_wconf 80' lang='grc' dir='ltr'>τὴν</span> <span class='ocrx_word' id='word_1_631' title='bbox 1765 2306 1832 2342; x_wconf 81' lang='grc' dir='ltr'>τῶν</span> <span class='ocrx_word' id='word_1_632' title='bbox 1848 2303 2063 2357; x_wconf 79' lang='grc' dir='ltr'>πραγμάτων</span> <span class='ocrx_word' id='word_1_633' title='bbox 2085 2303 2183 2355; x_wconf 85' lang='grc' dir='ltr'>φύσιν</span> <span class='ocrx_word' id='word_1_634' title='bbox 2200 2307 2217 2342; x_wconf 84' lang='grc' dir='ltr'><em>ὃ</em></span> <span class='ocrx_word' id='word_1_635' title='bbox 2233 2303 2373 2357; x_wconf 71' lang='grc' dir='ltr'>θόρυὸος</span> 
     </span>
     <span class='ocr_line' id='line_1_85' title="bbox 1349 2364 2372 2418; baseline -0.002 -13"><span class='ocrx_word' id='word_1_636' title='bbox 1349 2371 1433 2418; x_wconf 83' lang='grc' dir='ltr'>ἡμῖν</span> <span class='ocrx_word' id='word_1_637' title='bbox 1450 2367 1640 2418; x_wconf 82' lang='grc' dir='ltr'>ἐγγίνεται,</span> <span class='ocrx_word' id='word_1_638' title='bbox 1658 2365 1745 2404; x_wconf 86' lang='grc' dir='ltr'>ἀλλὰ</span> <span class='ocrx_word' id='word_1_639' title='bbox 1765 2364 1860 2418; x_wconf 84' lang='grc' dir='ltr'>παρὰ</span> <span class='ocrx_word' id='word_1_640' title='bbox 1874 2364 1936 2412; x_wconf 78' lang='grc' dir='ltr'>τὴν</span> <span class='ocrx_word' id='word_1_641' title='bbox 1954 2364 2129 2404; x_wconf 82' lang='grc' dir='ltr'>ἀσθένειαν</span> <span class='ocrx_word' id='word_1_642' title='bbox 2144 2368 2205 2411; x_wconf 72' lang='grc' dir='ltr'>τῆς</span> <span class='ocrx_word' id='word_1_643' title='bbox 2221 2365 2372 2410; x_wconf 81' lang='grc' dir='ltr'>διανοίας</span> 
     </span>
     <span class='ocr_line' id='line_1_86' title="bbox 1348 2424 2373 2479; baseline -0.002 -13"><span class='ocrx_word' id='word_1_644' title='bbox 1348 2431 1409 2475; x_wconf 75' lang='grc' dir='ltr'>τῆς</span> <span class='ocrx_word' id='word_1_645' title='bbox 1438 2428 1622 2479; x_wconf 79' lang='grc' dir='ltr'>ἡμετέρας.</span> <span class='ocrx_word' id='word_1_646' title='bbox 1646 2426 1748 2465; x_wconf 75' lang='grc' dir='ltr'>’Ἐπεὶ</span> <span class='ocrx_word' id='word_1_647' title='bbox 1776 2427 1805 2464; x_wconf 83' lang='grc' dir='ltr'>εἰ</span> <span class='ocrx_word' id='word_1_648' title='bbox 1829 2425 1927 2479; x_wconf 81' lang='grc' dir='ltr'>παρὰ</span> <span class='ocrx_word' id='word_1_649' title='bbox 1952 2425 1996 2464; x_wconf 80' lang='grc' dir='ltr'>τὰ</span> <span class='ocrx_word' id='word_1_650' title='bbox 2026 2424 2260 2476; x_wconf 69' lang='grc' dir='ltr'>συμὸαίνοντα</span> <span class='ocrx_word' id='word_1_651' title='bbox 2274 2431 2373 2464; x_wconf 76' lang='grc' dir='ltr'>τοῦτο</span> 
     </span>
     <span class='ocr_line' id='line_1_87' title="bbox 1350 2485 2372 2541; baseline -0.004 -13"><span class='ocrx_word' id='word_1_652' title='bbox 1350 2489 1561 2541; x_wconf 76' lang='grc' dir='ltr'>ἐπάσχομεν,</span> <span class='ocrx_word' id='word_1_653' title='bbox 1576 2488 1707 2532; x_wconf 89' lang='grc' dir='ltr'>πάντας</span> <span class='ocrx_word' id='word_1_654' title='bbox 1720 2485 1918 2539; x_wconf 83' lang='grc' dir='ltr'>ἀνθρώπους</span> <span class='ocrx_word' id='word_1_655' title='bbox 1931 2485 2198 2538; x_wconf 77' lang='grc' dir='ltr'>ταράττεσθαι”</span> <span class='ocrx_word' id='word_1_656' title='bbox 2180 2486 2260 2524; x_wconf 81' lang='grc' dir='ltr'>εδει.</span> <span class='ocrx_word' id='word_1_657' title='bbox 2276 2486 2372 2525; x_wconf 77' lang='grc' dir='ltr'>Πάν-</span> 
     </span>
     <span class='ocr_line' id='line_1_88' title="bbox 1349 2547 2370 2602; baseline -0.003 -15"><span class='ocrx_word' id='word_1_658' title='bbox 1349 2566 1404 2594; x_wconf 88' lang='grc' dir='ltr'>τες</span> <span class='ocrx_word' id='word_1_659' title='bbox 1421 2550 1488 2602; x_wconf 80' lang='grc' dir='ltr'>γὰρ</span> <span class='ocrx_word' id='word_1_660' title='bbox 1509 2549 1570 2596; x_wconf 86' lang='grc' dir='ltr'>τὴν</span> <span class='ocrx_word' id='word_1_661' title='bbox 1589 2547 1694 2595; x_wconf 72' lang='grc' dir='ltr'>αὐτὴν</span> <span class='ocrx_word' id='word_1_662' title='bbox 1723 2547 1872 2598; x_wconf 86' lang='grc' dir='ltr'>πλέομεν</span> <span class='ocrx_word' id='word_1_663' title='bbox 1901 2547 2092 2593; x_wconf 88' lang='grc' dir='ltr'>θάλατταν,</span> <span class='ocrx_word' id='word_1_664' title='bbox 2118 2563 2177 2584; x_wconf 85' lang='grc' dir='ltr'>και</span> <span class='ocrx_word' id='word_1_665' title='bbox 2205 2547 2370 2598; x_wconf 85' lang='grc' dir='ltr'>κυμάτων</span> 
     </span>
     <span class='ocr_line' id='line_1_89' title="bbox 1350 2606 2371 2661; baseline -0.003 -12"><span class='ocrx_word' id='word_1_666' title='bbox 1350 2611 1410 2649; x_wconf 80' lang='grc' dir='ltr'>καὶ</span> <span class='ocrx_word' id='word_1_667' title='bbox 1429 2611 1573 2661; x_wconf 85' lang='grc' dir='ltr'>ἅλμης’</span> <span class='ocrx_word' id='word_1_668' title='bbox 1559 2625 1654 2652; x_wconf 86' lang='grc' dir='ltr'>εκτος</span> <span class='ocrx_word' id='word_1_669' title='bbox 1679 2612 1765 2646; x_wconf 80' lang='grc' dir='ltr'>εἶναι</span> <span class='ocrx_word' id='word_1_670' title='bbox 1785 2608 1976 2661; x_wconf 76' lang='grc' dir='ltr'>ἀμήγανον.</span> <span class='ocrx_word' id='word_1_671' title='bbox 2004 2609 2047 2645; x_wconf 66' lang='lat' dir='ltr'>E}</span> <span class='ocrx_word' id='word_1_672' title='bbox 2076 2606 2113 2645; x_wconf 82' lang='grc' dir='ltr'>δέ</span> <span class='ocrx_word' id='word_1_673' title='bbox 2128 2609 2225 2655; x_wconf 85' lang='grc' dir='ltr'>εἰσιν,</span> <span class='ocrx_word' id='word_1_674' title='bbox 2250 2607 2282 2646; x_wconf 87' lang='grc' dir='ltr'>οἳ</span> <span class='ocrx_word' id='word_1_675' title='bbox 2311 2624 2371 2646; x_wconf 85' lang='grc' dir='ltr'>του</span> 
     </span>
     <span class='ocr_line' id='line_1_90' title="bbox 1348 2668 2370 2726; baseline -0.006 -14.994"><span class='ocrx_word' id='word_1_676' title='bbox 1348 2689 1518 2726; x_wconf 76' lang='grc' dir='ltr'>χειμωνος</span> <span class='ocrx_word' id='word_1_677' title='bbox 1535 2671 1719 2718; x_wconf 80' lang='grc' dir='ltr'>ἑστηκασιν</span> <span class='ocrx_word' id='word_1_678' title='bbox 1748 2669 1812 2714; x_wconf 83' lang='grc' dir='ltr'>ἔξω</span> <span class='ocrx_word' id='word_1_679' title='bbox 1844 2686 1904 2708; x_wconf 83' lang='grc' dir='ltr'>και</span> <span class='ocrx_word' id='word_1_680' title='bbox 1919 2685 1982 2715; x_wconf 76' lang='grc' dir='ltr'>της</span> <span class='ocrx_word' id='word_1_681' title='bbox 2010 2668 2182 2714; x_wconf 86' lang='grc' dir='ltr'>θαλάττης</span> <span class='ocrx_word' id='word_1_682' title='bbox 2201 2668 2370 2719; x_wconf 88' lang='grc' dir='ltr'>μαινομέ-</span> 
     </span>
     <span class='ocr_line' id='line_1_91' title="bbox 1348 2728 2369 2783; baseline -0.008 -10"><span class='ocrx_word' id='word_1_683' title='bbox 1348 2752 1428 2783; x_wconf 84' lang='grc' dir='ltr'>νης,</span> <span class='ocrx_word' id='word_1_684' title='bbox 1458 2733 1599 2780; x_wconf 79' lang='grc' dir='ltr'>εὔδηλον</span> <span class='ocrx_word' id='word_1_685' title='bbox 1625 2731 1677 2770; x_wconf 76' lang='grc' dir='ltr'>ὅτι</span> <span class='ocrx_word' id='word_1_686' title='bbox 1692 2731 1750 2769; x_wconf 76' lang='grc' dir='ltr'>τὸν</span> <span class='ocrx_word' id='word_1_687' title='bbox 1762 2733 1920 2782; x_wconf 73' lang='grc' dir='ltr'>χειμῶνα</span> <span class='ocrx_word' id='word_1_688' title='bbox 1936 2732 1973 2767; x_wconf 84' lang='grc' dir='ltr'>οὐ</span> <span class='ocrx_word' id='word_1_689' title='bbox 1994 2729 2037 2767; x_wconf 82' lang='grc' dir='ltr'>τὰ</span> <span class='ocrx_word' id='word_1_690' title='bbox 2055 2728 2247 2780; x_wconf 90' lang='grc' dir='ltr'>πράγματα</span> <span class='ocrx_word' id='word_1_691' title='bbox 2261 2734 2353 2766; x_wconf 90' lang='grc' dir='ltr'>ποιεῖ</span> <span class='ocrx_word' id='word_1_692' title='bbox 2358 2759 2369 2776; x_wconf 85' lang='lat'><em>‚</em></span> 
     </span>
     <span class='ocr_line' id='line_1_92' title="bbox 1349 2786 2368 2842; baseline -0.01 -7"><span class='ocrx_word' id='word_1_693' title='bbox 1349 2798 1423 2835; x_wconf 83' lang='grc' dir='ltr'>ἀλλ’</span> <span class='ocrx_word' id='word_1_694' title='bbox 1454 2799 1476 2842; x_wconf 85' lang='grc' dir='ltr'>ἡ</span> <span class='ocrx_word' id='word_1_695' title='bbox 1497 2793 1709 2836; x_wconf 87' lang='grc' dir='ltr'>κατάστασις</span> <span class='ocrx_word' id='word_1_696' title='bbox 1731 2795 1793 2838; x_wconf 83' lang='grc' dir='ltr'>τ’ῆς</span> <span class='ocrx_word' id='word_1_697' title='bbox 1814 2790 1963 2833; x_wconf 82' lang='grc' dir='ltr'>διανοίας</span> <span class='ocrx_word' id='word_1_698' title='bbox 1997 2793 2059 2835; x_wconf 72' lang='grc' dir='ltr'>τῆς</span> <span class='ocrx_word' id='word_1_699' title='bbox 2086 2789 2272 2841; x_wconf 79' lang='grc' dir='ltr'>ἡμετέρας.</span> <span class='ocrx_word' id='word_1_700' title='bbox 2308 2786 2368 2826; x_wconf 78' lang='grc' dir='ltr'>Ἂν</span> 
     </span>
     <span class='ocr_line' id='line_1_93' title="bbox 1349 2849 2368 2903; baseline -0.007 -8"><span class='ocrx_word' id='word_1_701' title='bbox 1349 2861 1406 2896; x_wconf 82' lang='grc' dir='ltr'>οὖν</span> <span class='ocrx_word' id='word_1_702' title='bbox 1435 2855 1542 2901; x_wconf 81' lang='grc' dir='ltr'>αὐτὴν</span> <span class='ocrx_word' id='word_1_703' title='bbox 1568 2852 1885 2902; x_wconf 86' lang='grc' dir='ltr'>κατασκευάσωμεν</span> <span class='ocrx_word' id='word_1_704' title='bbox 1906 2850 2029 2897; x_wconf 78' lang='grc' dir='ltr'>ούτι)ς,</span> <span class='ocrx_word' id='word_1_705' title='bbox 2049 2853 2094 2892; x_wconf 83' lang='grc' dir='ltr'>ὡς</span> <span class='ocrx_word' id='word_1_706' title='bbox 2124 2849 2238 2887; x_wconf 88' lang='grc' dir='ltr'>πάντα</span> <span class='ocrx_word' id='word_1_707' title='bbox 2255 2850 2368 2903; x_wconf 85' lang='grc' dir='ltr'>φέρειν</span> 
     </span>
     <span class='ocr_line' id='line_1_94' title="bbox 1351 2908 2369 2964; baseline -0.007 -9"><span class='ocrx_word' id='word_1_708' title='bbox 1351 2916 1515 2962; x_wconf 79' lang='grc' dir='ltr'>εὐκόλως,</span> <span class='ocrx_word' id='word_1_709' title='bbox 1530 2917 1590 2952; x_wconf 82' lang='grc' dir='ltr'>οὐκ</span> <span class='ocrx_word' id='word_1_710' title='bbox 1608 2913 1705 2951; x_wconf 85' lang='grc' dir='ltr'>ἔσται</span> <span class='ocrx_word' id='word_1_711' title='bbox 1721 2927 1855 2964; x_wconf 69' lang='grc' dir='ltr'>χειμων</span> <span class='ocrx_word' id='word_1_712' title='bbox 1872 2914 1968 2961; x_wconf 79' lang='grc' dir='ltr'>ἡμῖν,</span> <span class='ocrx_word' id='word_1_713' title='bbox 1986 2909 2059 2948; x_wconf 79' lang='grc' dir='ltr'>οὐδὲ</span> <span class='ocrx_word' id='word_1_714' title='bbox 2079 2908 2278 2957; x_wconf 71' lang='grc' dir='ltr'>κλυοώνιον,</span> <span class='ocrx_word' id='word_1_715' title='bbox 2294 2912 2369 2948; x_wconf 84' lang='grc' dir='ltr'>λευ-</span> 
     </span>
     <span class='ocr_line' id='line_1_95' title="bbox 1350 2963 2368 3047; baseline -0.008 -31"><span class='ocrx_word' id='word_1_716' title='bbox 1350 2994 1413 3023; x_wconf 86' lang='grc' dir='ltr'>κης</span> <span class='ocrx_word' id='word_1_717' title='bbox 1429 2976 1482 3015; x_wconf 86' lang='grc' dir='ltr'>ἀει</span> <span class='ocrx_word' id='word_1_718' title='bbox 1509 2979 1571 3022; x_wconf 80' lang='grc' dir='ltr'>τ’ῆς</span> <span class='ocrx_word' id='word_1_719' title='bbox 1588 2973 1741 3026; x_wconf 82' lang='grc' dir='ltr'>γαλήνης</span> <span class='ocrx_word' id='word_1_720' title='bbox 1758 2971 1872 3047; x_wconf 82' lang='grc' dir='ltr'>ρῦσης.</span> <span class='ocrx_word' id='word_1_721' title='bbox 1892 2970 1997 3008; x_wconf 83' lang='grc' dir='ltr'>Α)λα</span> <span class='ocrx_word' id='word_1_722' title='bbox 2015 2970 2082 3022; x_wconf 81' lang='grc' dir='ltr'>γὰρ</span> <span class='ocrx_word' id='word_1_723' title='bbox 2105 2972 2165 3007; x_wconf 80' lang='grc' dir='ltr'>οὐκ</span> <span class='ocrx_word' id='word_1_724' title='bbox 2192 2963 2267 3008; x_wconf 78' lang='grc' dir='ltr'>οἰδα</span> <span class='ocrx_word' id='word_1_725' title='bbox 2294 2973 2368 3014; x_wconf 82' lang='grc' dir='ltr'>πῶς</span> 
     </span>
     <span class='ocr_line' id='line_1_96' title="bbox 1350 3031 2367 3089; baseline -0.008 -13"><span class='ocrx_word' id='word_1_726' title='bbox 1350 3037 1558 3089; x_wconf 86' lang='grc' dir='ltr'>προθέμενος</span> <span class='ocrx_word' id='word_1_727' title='bbox 1585 3033 1690 3086; x_wconf 82' lang='grc' dir='ltr'>μηδὲν</span> <span class='ocrx_word' id='word_1_728' title='bbox 1707 3032 1791 3083; x_wconf 77' lang='grc' dir='ltr'>υπὲρ</span> <span class='ocrx_word' id='word_1_729' title='bbox 1811 3031 1938 3069; x_wconf 82' lang='grc' dir='ltr'>τούτων</span> <span class='ocrx_word' id='word_1_730' title='bbox 1967 3033 2091 3076; x_wconf 79' lang='grc' dir='ltr'>εἰπεῖν,</span> <span class='ocrx_word' id='word_1_731' title='bbox 2124 3031 2168 3072; x_wconf 86' lang='grc' dir='ltr'>εἷς</span> <span class='ocrx_word' id='word_1_732' title='bbox 2207 3032 2367 3068; x_wconf 66' lang='grc' dir='ltr'>τοσοῦτον</span> 
     </span>
     <span class='ocr_line' id='line_1_97' title="bbox 1349 3090 2368 3147; baseline -0.008 -13"><span class='ocrx_word' id='word_1_733' title='bbox 1349 3097 1475 3144; x_wconf 86' lang='grc' dir='ltr'>ταύτης</span> <span class='ocrx_word' id='word_1_734' title='bbox 1490 3095 1672 3147; x_wconf 78' lang='grc' dir='ltr'>ἐξηνέχθην</span> <span class='ocrx_word' id='word_1_735' title='bbox 1686 3096 1747 3139; x_wconf 81' lang='grc' dir='ltr'>τ’ἧς</span> <span class='ocrx_word' id='word_1_736' title='bbox 1767 3091 2014 3143; x_wconf 81' lang='grc' dir='ltr'>παραινέσεως.</span> <span class='ocrx_word' id='word_1_737' title='bbox 2036 3090 2218 3141; x_wconf 86' lang='grc' dir='ltr'>Σύγγνωτε</span> <span class='ocrx_word' id='word_1_738' title='bbox 2233 3105 2288 3127; x_wconf 90' lang='grc' dir='ltr'>ουν</span> <span class='ocrx_word' id='word_1_739' title='bbox 2307 3093 2368 3136; x_wconf 75' lang='grc' dir='ltr'>τῆς</span> 
     </span>
     <span class='ocr_line' id='line_1_98' title="bbox 1352 3150 2365 3210; baseline -0.008 -15.992"><span class='ocrx_word' id='word_1_740' title='bbox 1352 3155 1587 3210; x_wconf 74' lang='grc' dir='ltr'>υ.ακρνγορίας</span> <span class='ocrx_word' id='word_1_741' title='bbox 1602 3158 1697 3205; x_wconf 77' lang='grc' dir='ltr'>ἡμῖν.</span> <span class='ocrx_word' id='word_1_742' title='bbox 1714 3153 1784 3191; x_wconf 66' lang='lat' dir='ltr'>lxm</span> <span class='ocrx_word' id='word_1_743' title='bbox 1799 3152 1866 3202; x_wconf 87' lang='grc' dir='ltr'>γαρ</span> <span class='ocrx_word' id='word_1_744' title='bbox 1892 3151 2045 3199; x_wconf 76' lang='grc' dir='ltr'>δέδοικα,</span> <span class='ocrx_word' id='word_1_745' title='bbox 2069 3151 2128 3188; x_wconf 74' lang='grc' dir='ltr'>καὶ</span> <span class='ocrx_word' id='word_1_746' title='bbox 2156 3150 2286 3201; x_wconf 84' lang='grc' dir='ltr'>σφόδρα</span> <span class='ocrx_word' id='word_1_747' title='bbox 2308 3150 2365 3187; x_wconf 77' lang='grc' dir='ltr'>δέ-</span> 
     </span>
    </p>
   </div>
   <div class='ocr_carea' id='block_1_7' title="bbox 1408 3280 2362 3326">
    <p class='ocr_par' dir='ltr' id='par_1_9' title="bbox 1408 3280 2362 3326">
     <span class='ocr_line' id='line_1_99' title="bbox 1408 3280 2362 3326; baseline -0.005 -10"><span class='ocrx_word' id='word_1_748' title='bbox 1408 3286 1423 3309; x_wconf 67' lang='grc'>’1</span> <span class='ocrx_word' id='word_1_749' title='bbox 1449 3284 1563 3317; x_wconf 69' lang='grc' dir='ltr'>ΜοτυΙ.</span> <span class='ocrx_word' id='word_1_750' title='bbox 1587 3290 1639 3318; x_wconf 64' lang='grc' dir='ltr'>κᾶν</span> <span class='ocrx_word' id='word_1_751' title='bbox 1662 3288 1783 3323; x_wconf 59' lang='grc' dir='ltr'>ἐξαίσιον</span> <span class='ocrx_word' id='word_1_752' title='bbox 1806 3287 1833 3326; x_wconf 64' lang='grc' dir='ltr'>ᾖ.</span> <span class='ocrx_word' id='word_1_753' title='bbox 1864 3281 1929 3314; x_wconf 89' lang='lat' dir='ltr'>Sed</span> <span class='ocrx_word' id='word_1_754' title='bbox 1956 3280 2056 3314; x_wconf 84' lang='lat' dir='ltr'>Savil.</span> <span class='ocrx_word' id='word_1_755' title='bbox 2087 3287 2117 3311; x_wconf 83' lang='lat' dir='ltr'>et</span> <span class='ocrx_word' id='word_1_756' title='bbox 2143 3290 2256 3311; x_wconf 79' lang='lat' dir='ltr'>omnes</span> <span class='ocrx_word' id='word_1_757' title='bbox 2283 3290 2362 3321; x_wconf 75' lang='lat' dir='ltr'>pene</span> 
     </span>
    </p>
   </div>
   <div class='ocr_carea' id='block_1_8' title="bbox 1363 3338 1661 3372">
    <p class='ocr_par' dir='ltr' id='par_1_10' title="bbox 1363 3338 1661 3379">
     <span class='ocr_line' id='line_1_100' title="bbox 1363 3338 1661 3372; baseline 0 -4"><span class='ocrx_word' id='word_1_758' title='bbox 1363 3338 1438 3369; x_wconf 69' lang='lat' dir='ltr'>MSS.</span> <span class='ocrx_word' id='word_1_759' title='bbox 1460 3344 1510 3370; x_wconf 63' lang='lat' dir='ltr'>stin</span> <span class='ocrx_word' id='word_1_760' title='bbox 1529 3344 1617 3371; x_wconf 55' lang='lat' dir='ltr'>stim-2</span> <span class='ocrx_word' id='word_1_761' title='bbox 1634 3340 1661 3372; x_wconf 73' lang='grc' dir='ltr'>ἶ,-</span> 
     </span>
    </p>
   </div>
  </div>
 </body>
</html>
