2481 3678
112 2608 183 2635 Luc.
203 2616 232 2645 7.

114 2649 227 2677 Manli.
251 2657 280 2676 11

117 2699 164 2717 11.

325 189 408 231 1οὸ
773 199 811 230 5.
851 199 1028 230 somnis
1065 199 1303 229 cnRx'sos'r.

314 297 382 333 que
401 282 527 320 Isaiani
548 282 757 335 prophetam
777 282 838 320 diu
859 291 960 320 antea
980 281 1297 331 testificantcm,i1-

315 345 389 382 lum
404 344 613 394 Dominum,
630 343 724 381 hunc
739 357 881 383 servum
896 353 929 382 et
949 343 1152 381 ministrum
1169 356 1295 383 vocan-

316 415 398 443 tem.
430 404 528 452 Quid
555 404 699 443 demum
735 405 942 456 supererat?
964 418 1078 441 annon
1116 413 1155 441 ut
1177 403 1296 442 crede-

314 476 390 504 rent
414 467 445 505 ei
469 466 513 504 de
538 480 608 517 quo
635 465 877 504 testimonium
900 464 1089 513 ferebatur,
1110 473 1148 501 ut
1171 464 1298 502 adora-

314 538 390 567 rent
405 543 500 578 eum,
525 537 557 565 ct
571 528 820 565 confiterentur
834 526 975 564 Deum?
996 526 1104 573 Quod
1117 535 1234 564 autem
1250 535 1298 563 te-

313 590 520 628 stimonium
534 603 602 627 non
624 603 669 626 ex
682 588 896 636 adulatione,
914 587 972 626 sed
990 602 1034 626 ex
1052 587 1200 627 veritate
1214 602 1297 640 pro—

313 652 461 701 cederet,
482 652 520 689 id
547 661 581 689 et
611 664 726 688 mores
756 659 790 688 et
819 649 1044 702 philosophia
1077 649 1298 688 testificantis

313 713 554 751 ostendebant.
570 712 660 749 Inde
674 725 757 750 vero
775 711 893 763 palam
915 710 952 748 id
970 720 1060 761 erat,
1083 710 1179 761 quod
1195 725 1298 749 nemo

313 774 518 826 proximum
537 772 605 810 sibi
626 773 802 825 praeferat,
820 786 931 823 neque
950 772 978 809 si
998 771 1108 824 possit
1126 771 1298 809 honorem

312 836 380 874 sihi
407 835 606 884 conciliare,
623 834 724 873 alteri
750 834 853 872 illum
891 834 1007 884 cedat,
1030 848 1111 872 cum
1143 834 1299 872 maxime

310 906 429 934 tantus
452 905 538 934 esset
564 896 689 934 honor.
709 896 833 946 Itaque
859 897 1023 944 Joannes‚
1047 894 1114 932 nisi
1135 894 1298 933 Christus

311 958 431 996 fuisset
445 959 556 1007 Deus,
581 971 777 1008 numquam
790 956 858 994 hoe
875 956 1116 994 testimonium
1129 956 1297 1008 protulis-

310 1027 374 1056 set.
396 1019 486 1056 Nam
512 1018 539 1055 si
559 1018 655 1055 hunc
671 1018 855 1067 honorem,
878 1026 998 1068 utpote
1014 1026 1177 1053 naturam
1195 1030 1296 1054 suam

310 1078 414 1129 longe
439 1087 722 1130 exsuperantem,
741 1078 786 1115 ab
808 1091 843 1114 se
863 1076 1009 1128 repulit:
1033 1085 1126 1113 certe
1147 1089 1215 1113 non
1234 1077 1296 1114 alii

311 1149 444 1177 naturae
464 1139 621 1177 inferiori
648 1139 751 1177 illum
774 1137 968 1175 tribuisset.
996 1139 1150 1175 ,Μειίίιις
1167 1146 1295 1175 autem

309 1209 477 1239 vestrum
495 1209 583 1248 stat,
603 1213 715 1252 quern
731 1212 803 1236 vos
819 1200 983 1236 nescitis.
996 1197 1073 1234 Hoc
1088 1196 1198 1246 dixit,
1211 1198 1296 1246 quia

307 1261 379 1310 ille,
400 1270 439 1298 ut
457 1275 521 1312 par
539 1269 624 1308 erat,
640 1258 745 1309 quasi
763 1272 855 1295 unus
874 1272 892 1294 e
911 1257 1016 1295 turba
1030 1256 1163 1309 populo
1179 1256 1295 1294 admi-

307 1323 485 1372 scebatur,
501 1330 623 1374 utpote
654 1320 716 1372 qui
736 1319 870 1370 ubique
898 1328 932 1356 et
958 1320 1067 1356 fastus
1094 1327 1128 1355 et
1154 1333 1294 1371 pompae

308 1392 523 1422 contemtum
549 1382 720 1421 edoceret.
742 1380 990 1433 Cognitionem
1020 1388 1141 1417 autem
1158 1379 1218 1417 hic
1238 1379 1295 1417 di-

308 1445 355 1482 cit
378 1444 569 1496 perfectam
597 1443 784 1492 notitiam,
805 1455 931 1493 nempe
960 1440 1041 1491 quis
1066 1449 1169 1490 esset,
1201 1440 1296 1478 unde

307 1505 471 1545 venisset.
492 1504 590 1542 Illud
608 1518 708 1555 vero,
730 1504 824 1541 Post
837 1517 894 1540 me
911 1510 1098 1540 venturus
1118 1510 1187 1548 est,
1205 1515 1296 1553 saepe

308 1566 440 1618 posuit,
457 1580 498 1603 ac
515 1565 545 1603 si
573 1565 705 1603 diceret
725 1580 732 1601 ε
750 1565 804 1602 Ne
820 1562 952 1615 putetis
967 1570 1084 1599 totum
1116 1560 1152 1598 in
1178 1561 1296 1613 bapti-

309 1636 418 1665 smate
442 1640 519 1664 meo
552 1625 688 1678 perfici.
709 1625 748 1664 Si
775 1624 844 1662 hoc
875 1623 1071 1675 perfectum
1095 1631 1195 1671 esset,
1223 1637 1295 1662 non

308 1688 400 1726 alius
416 1697 492 1740 post
512 1701 568 1725 me
586 1687 733 1737 veniret,
752 1685 904 1723 alterum
928 1683 1125 1732 allaturus;
1147 1682 1209 1721 sed
1228 1684 1295 1722 hoc

309 1750 354 1787 ad
390 1748 482 1787 illud
514 1758 565 1787 est
601 1747 810 1801 praeparatio
836 1744 1010 1797 quaedam.
1044 1745 1174 1782 Nostra
1212 1754 1295 1783 sunt

308 1811 434 1849 umbra
453 1820 487 1849 et
504 1810 638 1861 imago3
664 1809 775 1847 alium
796 1807 918 1847 venire
942 1814 1093 1858 oportet,
1115 1805 1177 1857 qui
1198 1807 1295 1843 veri-

309 1882 415 1911 tatem
435 1872 570 1910 afferat.
587 1872 712 1921 Itaque
730 1868 836 1918 illud,
860 1869 954 1906 Post
976 1880 1034 1903 me
1058 1869 1201 1915 veniet,
1219 1867 1295 1919 ejus

307 1933 516 1985 dignitatem
549 1931 704 1970 maxime
729 1929 890 1969 ostendit.
912 1929 1005 1967 Nam
1026 1927 1056 1966 si
1085 1928 1153 1965 hoc
1173 1928 1293 1980 perfe—

308 2005 405 2033 ctum
425 2003 526 2043 esset,
545 2007 614 2031 non
634 1991 832 2031 secundum
852 1998 1081 2042 quaereretur.
1105 1989 1214 2028 Ante
1234 2003 1294 2027 me

298 2057 438 2109 sactus
457 2064 511 2094 est
523 2071 538 2100 ,-
558 2055 626 2093 hoe
653 2063 718 2103 est,
739 2067 795 2091 me
823 2051 1067 2089 honorabilior
1101 2059 1134 2088 et
1164 2050 1294 2088 clarior

248 2605 296 2637 28.

115 2741 205 2768 llehr.
234 2750 242 2769 1
254 2750 278 2769 ι.

114 2780 162 2810 38.

196 3175 225 3201 C1

232 3180 285 3202 ...u
288 3187 300 3201 ι

116 3216 263 3243 :monnau
273 3238 275 3241 .

309 2127 369 2156 est.
390 2115 528 2155 Deinde
544 2130 586 2154 ne
604 2123 768 2168 putarent
789 2112 1066 2166 praecellentiam
1087 2125 1132 2149 ex
1151 2126 1293 2164 compa-

308 2178 441 2215 ratione
468 2176 633 2226 indicari,
661 2184 700 2213 ut
730 2174 866 2212 nullam
893 2187 966 2212 esse
994 2172 1294 2224 comparationem

305 2237 473 2287 declaret,
489 2237 612 2289 adjicit
636 2252 644 2273 t
670 2237 789 2287 Cujus
805 2249 880 2272 non
896 2248 978 2272 sum
993 2235 1131 2285 dignus
1146 2233 1294 2272 solvere

308 2301 528 2351 corrigiam‚·
539 2299 606 2336 hoc
622 2307 687 2347 est,
702 2299 781 2335 Non
795 2295 912 2334 solum
926 2304 1006 2333 ante
1025 2309 1080 2332 me
1101 2295 1214 2332 sactus
1229 2303 1294 2343 est,

308 2359 367 2397 sed
394 2360 443 2397 ita
462 2373 517 2398 res
543 2368 607 2407 est,
627 2367 728 2396 utne
760 2356 905 2408 quidem
939 2356 1028 2393 inter
1056 2355 1201 2393 ultimos
1219 2355 1295 2406 ejus

306 2420 459 2459 famulos
480 2419 677 2472 computari
692 2431 846 2466 merear5
867 2416 1143 2455 calceamentum
1161 2414 1296 2467 quippe

308 2483 455 2530 solvere,
476 2491 675 2519 extremum
688 2477 926 2516 ministerium
944 2486 1008 2517 est.
1021 2475 1129 2523 Quod
1143 2475 1171 2513 si
1188 2477 1208 2515 J
1212 2490 1294 2514 oan-

311 2557 369 2580 nes
388 2556 456 2579 non
475 2551 526 2579 cst
538 2541 669 2592 dignus
689 2540 751 2591 qui
769 2538 959 2590 corrigiam
981 2537 1118 2587 solvat,
1140 2538 1160 2577 J
1166 2551 1293 2575 oannes

311 2618 380 2655 quo
401 2603 521 2641 nullus
539 2603 651 2655 major
671 2602 761 2640 inter
779 2610 880 2639 natos
896 2599 1113 2638 mulierum:
1135 2613 1205 2650 quo
1232 2612 1296 2637 nos

290 2665 380 2718 ‘ipsi
408 2665 484 2702 loco
514 2664 712 2716 ponemus?
727 2663 766 2700 Si
801 2662 830 2700 is
861 2661 922 2713 qui
944 2661 1023 2699 orbi
1043 2660 1201 2712 aequalis,
1221 2660 1293 2698 imo

313 2727 374 2765 illo
388 2726 501 2778 major
516 2726 798 2774 erat(Q1cor1cm,
816 2723 941 2774 inquit,
958 2723 1097 2774 dignus
1115 2736 1193 2760 non
1208 2731 1292 2762 erac

314 2788 512 2835 mundus),
529 2800 564 2823 se
583 2784 770 2835 indignum
797 2797 869 2821 esse
888 2784 937 2821 ait
955 2784 1015 2834 qui
1038 2783 1129 2821 inter
1145 2783 1294 2821 ultimos

312 2851 387 2902 ejus
403 2849 581 2887 ministros
596 2854 818 2898 computetur
832 2861 839 2880 τ
860 2845 946 2895 quid
962 2859 1024 2883 nos
1036 2845 1212 2895 dicemus,
1230 2845 1294 2896 qui

313 2911 416 2949 malis
435 2908 627 2948 innumeris
645 2907 763 2946 onusti
784 2920 917 2953 sumus,
934 2907 997 2956 qni
1016 2915 1155 2944 tantum
1184 2906 1295 2945 dista·

314 2987 392 3010 mus
418 2987 437 3009 a
472 2969 618 3010 Joannis
652 2968 794 3016 virtute,
824 2976 998 3017 quantum
1031 2976 1121 3005 terra
1139 2967 1248 3006 distat
1276 2982 1296 3005 a

314 3034 430 3072 caelo?

366 3096 401 3132 4.
424 3094 491 3131 Hic
512 3106 594 3143 eigo
611 3106 646 3129 50
662 3090 849 3142 indignum
865 3103 938 3127 esse
953 3089 1002 3127 ait
1017 3089 1078 3140 qui
1092 3090 1168 3129 solt
1172 3099 1206 3128 at
1221 3104 1297 3128 coi-

1349 199 1551 229 ARCHIEP.
1591 199 1940 230 CONSTANTINOP-

1372 285 1430 319 τοῦ
1460 282 1612 334 Χριστοῦ
1650 281 1839 331 διδομένου.
1865 281 2058 335 Παρήγαγε
2087 282 2122 321 δὲ
2156 282 2214 320 καὶ
2242 282 2390 321 εΗσαίαν

1372 343 1428 380 τὸν
1457 341 1637 394 προφήτην
1667 346 1908 395 μαρτυροῦντα
1935 342 2064 381 ἄνωθεν
2093 343 2152 382 καὶ
2180 344 2249 396 πρὸ
2265 345 2394 382 πολλοῦ

1372 407 1431 441 τοῦ
1460 402 1604 456 χρόνου·
1635 402 1694 440 καὶ
1715 403 1772 441 τὸν
1796 401 1858 453 μὲν
1886 402 2012 456 Κύριον
2041 405 2232 452 καλοῦντα,
2263 403 2320 441 τὸν
2356 403 2393 442 δὲ

1373 464 1528 502 διάκονον
1550 466 1652 502 αὐτοῦ
1676 464 1736 502 καὶ
1760 463 1936 516 ὑπηρέτην
1957 464 2180 515 ὀνομάζοντα.
2203 463 2251 502 Τί
2273 464 2392 503 λοιπὸν

1372 525 1462 573 ἔδει;
1481 525 1558 577 οὐχὶ
1575 530 1759 564 πιστεῦσαι
1788 527 1838 577 τῷ
1870 525 2142 578 μαρτυρηθέντι,
2164 525 2224 563 καὶ
2243 541 2395 578 προσκυ-

1371 589 1487 635 νῆσαι,
1505 586 1565 624 καὶ
1579 587 1793 637 ὁμολογῆσαι
1807 584 1897 624 Θεόν
1912 584 2020 634 ;“Οτι
2038 585 2106 639 γὰρ
2119 586 2198 638 οὐχὶ
2211 585 2394 630 κολακείας

1371 641 1414 694 ἦν
1438 651 1460 694 ἡ
1494 645 1691 699 μαρτυρία,
1715 648 1790 684 ἀλλ’
1822 645 2005 694 ἀληθείας,
2035 645 2166 684 ἐδείκνυ
2195 646 2257 697 μὲν
2290 646 2349 684 καὶ
2376 650 2394 684 ὁ

1370 708 1497 761 τρόπος
1510 707 1569 745 καὶ
1587 711 1608 754 ἡ
1626 706 1810 760 φιλοσοφία
1828 711 1887 744 τοῦ
1908 706 2203 759 μαρτυρήσαντος.
2225 708 2338 758 Δῆλον
2358 706 2393 745 δὲ

1371 770 1528 806 κάκεῖθεν
1554 772 1672 815 τοῦτο,
1694 766 1747 805 ὅτι
1764 766 1898 810 ᾱοῦδεὶς
1919 767 1976 805 τὸν
1993 766 2139 814 πλησίον
2160 770 2282 806 ἑαυτοῦ
2302 783 2392 820 προ-

1370 829 1518 877 τίθησιν,
1544 828 1619 868 οὐδὲ
1649 827 1721 872 ἐξὸν
1755 829 1849 880 αὐτῷ
1881 827 2096 881 χαρίσασθαι
2130 827 2250 879 τιμὴν,
2287 828 2393 881 ἑτέρῳ

1370 891 1498 938 ταύτης
1510 896 1734 969 παρἩαχιο)ρεῖν
1750 890 1875 938 ἐθέλοι,
1891 890 1951 928 καὶ
1967 893 2077 928 ταῦτα
2095 889 2263 937 τοσαύτης
2277 889 2392 936 οὔσης.

1369 952 1481 992 Ωστε
1496 956 1558 991 οὐκ
1577 952 1617 990 ἂν
1638 951 1714 991 οὐδὲ
1732 952 1896 999 ἰΙωοίννης
1918 951 1965 1003 μὴ
1985 952 2104 1005 Θεῳ
2085 964 2156 990 οντι
2179 968 2228 1003 τῳ
2250 953 2393 1027 Χριστο)

1369 1014 1499 1061 ταύτης
1528 1030 1566 1051 αν
1601 1012 1720 1060 {Eae-er
1751 1016 1813 1059 τῆς
1846 1012 2049 1066 μαρτυρίας.
2078 1014 2123 1051 Εἰ
2134 1030 2211 1089 γαρ
2243 1029 2302 1051 και
2335 1014 2392 1051 ἀφ’

1370 1077 1491 1113 ἑαυτου
1516 1074 1643 1122 ταύτην
1670 1077 1716 1118 ὣς
1741 1073 1880 1125 μείζονα
1906 1078 2009 1112 οὖσαν
2031 1090 2093 1120 της
2114 1074 2242 1118 οἰκείας
2260 1073 2393 1126 φύσεως

1369 1134 1607 1186 διεκρούσατο·
1635 1136 1711 1172 ἀλλ
1742 1136 1804 1172 οὐκ
1832 1134 1871 1171 ἂν
1901 1134 2002 1187 ἑτέρα
2031 1133 2128 1186 φύσει
2159 1134 2264 1172 πάλιν
2285 1133 2391 1180 αὐτην

1369 1194 1516 1240 ἀνέθηκε
1547 1193 1787 1245 ταπεινοτέρα.
1822 1193 1939 1237 Μέσος
1970 1194 2005 1231 δὲ
2039 1198 2135 1245 υμων
2166 1194 2323 1242 ἕστηκεν,
2356 1195 2391 1233 ὃν

1367 1257 1464 1304 ὑμεῖς
1491 1256 1552 1293 οὐκ
1573 1254 1698 1293 οιδατε.
1721 1255 1861 1292 *Toeto
1889 1258 1995 1302 εἶπεν,
2025 1254 2075 1292 ὅτι
2099 1256 2188 1299 εἰκὸς
2218 1259 2260 1302 ἠν
2291 1256 2391 1294 αὐτὸν

1367 1317 1426 1355 καὶ
1456 1316 1695 1369 ἀναμεμίχθαι
1723 1331 1772 1368 τῳ
1796 1317 1872 1367 λαι)
1904 1318 1951 1359 ὡς
1977 1315 2037 1353 ἕνα
2064 1332 2133 1354 των
2160 1318 2347 1365 πολλῶν,“
2333 1316 2394 1354 οίτε

1368 1382 1548 1430 πανταχοῦ
1567 1377 1606 1416 τὸ
1621 1377 1748 1428 ἄτυφον
1772 1376 1832 1414 καὶ
1852 1375 2077 1427 ἀκόμπαστον
2096 1375 2313 1415 διδάσκοντα.
2329 1377 2393 1415 Εἴ-

1369 1440 1466 1486 δησιν
1489 1439 1526 1477 δὲ
1539 1440 1686 1477 ἐνταῦθα
1702 1467 1711 1485 ,
1733 1436 1860 1489 γνῶσίν
1877 1452 1962 1488 φησι
1980 1436 2043 1483 τὴν
2065 1437 2193 1490 ἀκριὸἧ
2207 1453 2214 1460 ·
2235 1431 2317 1486 οἷον,
2340 1437 2392 1480 τίς

1369 1501 1441 1538 ἐστι
1454 1530 1464 1548 ,
1485 1499 1546 1538 καὶ
1560 1498 1675 1538 πόθεν.
1693 1498 1746 1535 Τὸ
1766 1496 1820 1545 δὲ,
1841 1496 1981 1535 Ὀπίσω
2002 1513 2066 1548 μου
2084 1497 2290 1551 ἐρχόμενος,
2308 1513 2391 1536 συν-

1369 1564 1458 1612 εχῶς
1484 1560 1623 1608 τίθησι,
1648 1558 1829 1610 μονονουχὶ
1842 1557 1974 1610 λέγων·
1996 1557 2044 1608 μὴ
2073 1557 2240 1608 νομίσητε
2259 1557 2298 1595 τὸ
2322 1564 2390 1595 πᾶν

1369 1623 1403 1659 ἐν
1422 1624 1472 1674 τῷ
1488 1623 1561 1673 ἐμῷ
1576 1624 1712 1659 κεῖσθαι
1736 1617 1968 1671 βαπτίσματι.
1989 1620 2066 1657 Οὐκ
2089 1617 2142 1666 ἂν,
2165 1621 2194 1656 εἷ
2211 1622 2311 1657 τοῦτο
2330 1618 2392 1656 τέ-

1368 1684 1457 1720 λειον
1476 1676 1531 1730 ἦν,
1556 1681 1669 1734 ἕτερος
1700 1680 1739 1718 ἂν
1769 1674 1852 1726 ἦλθε
1882 1681 1957 1730 μετ’
1989 1677 2050 1730 ἐμὲ
2076 1678 2236 1731 παρέξων
2258 1678 2392 1731 ἕτερον·

1369 1743 1459 1782 ἀλλὰ
1477 1741 1680 1796 παρασκευὴ
1699 1740 1800 1780 τοῦτό
1819 1742 1911 1778 ἐστιν
1934 1739 2063 1778 ἐκείνου
2082 1740 2142 1778 καὶ
2160 1739 2394 1793 προοδοποίη-

1369 1820 1432 1848 σις.
1454 1804 1512 1842 Τὰ
1540 1803 1574 1842 δὲ
1602 1801 1758 1855 ἡμέτερα
1779 1800 1861 1840 σκιὰ
1883 1801 1942 1839 καὶ
1971 1800 2090 1839 εἰκών·
2118 1800 2221 1839 ἄλλον
2242 1800 2312 1853 χρὴ
2334 1802 2391 1839 τὸν

1367 1865 1429 1912 τὴν
1453 1865 1616 1912 ἀλήθειαν
1645 1863 1853 1910 ἐπιθήσοντα
1874 1861 2142 1915 παραγενέσθαι.

1367 1926 1423 1976 τὸ,
1449 1926 1561 1965 ὀπίσω
1585 1941 1650 1977 μου
1673 1927 1796 1971 ἐλθεῖν,
1815 1928 1918 1962 τοῦτο
1942 1923 2097 1974 μάλιστα
2119 1926 2220 1962 αὐτοῦ
2243 1922 2392 1962 δείκνυσι

1368 1988 1406 2027 τὸ
1426 1987 1575 2039 ἀξίωμα.
1597 1988 1641 2025 Εἰ
1667 1985 1734 2039 γὰρ
1753 1990 1853 2024 τοῦτο
1871 1979 1912 2032 ἦν
1933 1983 2076 2032 τέλειον,
2095 1985 2157 2022 οὐκ
2172 1984 2210 2022 ἂν
2235 1984 2392 2037 δευτέρου

1368 2053 1448 2098 εζητ
1429 2057 1520 2089 τεῖτο
1549 2049 1665 2093 τόπος.
1689 2046 1914 2100 >Ἐμπροσθέν
1945 2062 2010 2097 μου
2038 2045 2176 2098 γέγονε·
2205 2045 2392 2092 τουτέστιν,

1369 2111 1606 2163 ἐντιμότερος,
1634 2108 1887 2188 λαμπρότερρς.
1920 2101 2058 2145 Εἷτα“’
2044 2123 2097 2145 ινα
2129 2106 2177 2158 μὴ
2203 2106 2391 2158 νομίσωσιν

1369 2173 1438 2211 ἀπο
1459 2189 1498 2211 συ
1501 2171 1669 2224 (κρίσεως
1689 2173 1776 2208 εἶναι
1795 2168 1877 2215 ὧιτὴν
1901 2167 2088 2222 ὑπεροχὴν,
2116 2169 2156 2207 τὸ
2185 2168 2392 2222 ἀσύγκριτον

1368 2247 1594 2286 παραστησαι
1620 2230 1740 2277 θέλων,
1772 2228 1967 2303 ἐπήγαγεν·
1999 2232 2052 2267 Of)
2080 2230 2142 2267 οὐκ
2173 2228 2244 2279 εἰμὶ
2278 2228 2394 2271 ἱκανὸς

1367 2295 1470 2332 λυσαι
1495 2308 1553 2331 τον
1581 2290 1731 2341 ἱμαντα·
1762 2288 1950 2337 τουτέστιν,
1980 2291 2042 2328 οὐκ
2061 2289 2180 2332 ἁπλως
2199 2289 2392 2342 ἔμπροσθεν

2169 1860 2284 1900 ζὨστε
2311 1861 2393 1900 αὐτὸ

1368 2353 1520 2428 γέγονεν,
1537 2353 1611 2390 ἀλλ’
1627 2350 1731 2394 οὕτως
1750 2351 1797 2394 ὡς
1814 2348 1874 2400 ἐμὲ
1901 2349 1988 2400 μηδὲ
2011 2351 2045 2387 ἐν
2064 2356 2134 2394 τοῖς
2151 2350 2317 2427 ἐσχάτοις
2323 2352 2391 2388 τῶν

1367 2414 1486 2453 τούτου
1503 2413 1670 2451 διακόνων
1688 2413 1953 2463 ἀριθμηθῆναι’
1939 2410 2030 2454 οίξιον
2047 2415 2152 2448 εἰναι·
2166 2411 2205 2448 τὸ
2223 2410 2290 2463 γαρ
2305 2411 2392 2449 ὑπό-

1368 2475 1464 2526 δημα
1485 2477 1609 2521 λυσαι,
1629 2488 1692 2519 της
1710 2471 1861 2523 ἐσγάτης
1882 2470 2092 2514 διακονίας’
2078 2487 2134 2509 επι
2159 2478 2319 2524 πρᾶγμα.
2347 2473 2392 2510 Εἰ

1368 2538 1403 2578 δὲ
1423 2537 1587 2585 Ἰωάννης
1614 2539 1675 2575 οὐκ
1693 2534 1784 2579 ἄξιος
1814 2535 1871 2572 τὸν
1904 2536 2034 2585 ἱμάντα
2063 2529 2390 2583 λῦσαι,”Ιο)άννης,

1367 2604 1405 2639 οὑ
1429 2599 1552 2651 μείζων
1573 2596 1680 2641 οὐδεὶς
1705 2597 1739 2633 ἐν
1760 2601 1933 2647 γεννητοῖς
1958 2598 2129 2647 γυναικῶν
2165 2613 2203 2646 γε
2206 2612 2303 2647 γονε,
2325 2601 2391 2635 ποῦ

1367 2660 1514 2713 τάξομεν
1534 2661 1666 2711 ἡμεῖςε
1653 2655 1814 2700 εαυτούς·
1805 2686 1815 2706 ,
1836 2658 1879 2694 Εἰ
1895 2659 1911 2693 ὁ
1930 2659 1991 2703 τῆς
2011 2656 2212 2733 οἰκρυιιένης
2228 2657 2390 2710 ἀντίῤῥο-

1366 2738 1446 2770 πος,
1472 2723 1601 2774 μαλλον
1619 2717 1692 2757 δὲι)
1710 2717 1832 2769 μείζων
1865 2718 1995 2764 (Οὐκ
1980 2733 2019 2763 ην
2040 2716 2106 2770 γὰρ
2127 2719 2251 2764 αὐτῶν,
2274 2718 2391 2769 φησὶν,

1367 2783 1459 2828 ἄξιος
1478 2785 1495 2821 ὃ
1516 2780 1678 2832 κόσμος),
1706 2777 1781 2817 οὐδε
1808 2780 1841 2816 ἐν
1868 2783 1938 2821 τοῖς
1959 2777 2117 2828 ἐσχάτοις
2135 2793 2203 2815 των
2223 2778 2390 2824 διακονη-

1368 2843 1526 2896 σαμένων
1553 2841 1672 2880 ἑαυτον
1690 2837 1944 2890 καταλέγεσθαί
1973 2854 2075 2890 φησιν
2107 2837 2198 2881 ἅςιον
2229 2832 2336 2877 εἶναι·
2356 2839 2390 2876 τί

1369 2909 1509 2959 ἐρουμεν
1526 2907 1627 2954 ἡμεῖς
1646 2917 1677 2940 οι
1696 2898 1826 2953 μυρίων
1847 2898 2008 2950 γέμοντες
2028 2914 2158 2946 κακων,
2180 2901 2210 2937 οἱ
2228 2904 2389 2939 τοσοῦτον

1370 2965 1572 3007 ἀποδέοντες
1593 2965 1655 3009 τῆς
1675 2963 1800 3011 ἀρετῆς
1825 2975 1884 2997 του
1907 2958 2085 3007 Ιωάννου,
2108 2958 2185 2997 ὅσον
2211 2963 2233 3006 ἡ
2262 2963 2305 3011 γῆ
2329 2976 2390 2999 του

1369 3030 1533 3080 οὐρανοῦ·
1525 3055 1534 3073 ,

1420 3090 1531 3130 Οὗτος
1550 3083 1610 3137 μὲν
1631 3087 1686 3122 οὐν
1703 3081 1777 3121 οὐδε
1792 3097 1831 3119 το
1848 3083 1949 3119 λυσαι
1965 3082 2022 3120 τὸν
2038 3081 2168 3132 ἱμάντα
2184 3098 2243 3120 του
2261 3082 2389 3129 ὑποδή-

316 3157 442 3207 rigiam
477 3152 712 3193 calceamenti.
745 3151 885 3189 Inimici
915 3159 1033 3188 autem
1067 3151 1225 3189 veritatis
1260 3152 1295 3190 in
1320 3155 1344 3183 D
1370 3165 1477 3202 ματος
1499 3146 1589 3191 ἄξιον
1611 3148 1698 3182 εἰναι
1717 3142 1835 3180 ἑαυτὸν
1862 3141 2041 3193 λέγει.οἱ
2071 3141 2106 3180 δὲ
2133 3159 2195 3189 της
2225 3142 2387 3189 ἀληθείας

316 3227 446 3256 tantam
469 3222 705 3268 prommpuut
733 3212 918 3261 insaniam,
936 3220 974 3248 ut
995 3210 1115 3248 dicant
1140 3225 1176 3249 50
1196 3225 1294 3251 nosse

357 3323 371 3345 ¹¹
391 3320 537 3361 Quidam
553 3322 641 3357 οὐδεὶς
657 3326 698 3362 τῷ
716 3322 837 3356 πλησίον
854 3321 943 3351 αὑτοῦ
962 3322 1160 3361 προστίθησιν.

358 3375 370 3388 “
389 3373 514 3414 [Saril.
531 3380 563 3405 el.
576 3370 684 3405 COtld.
703 3372 759 3403 cit.
771 3375 844 3408 εἰκὸς
857 3375 913 3414 γὰρ
933 3370 994 3411 im]

355 3437 366 3451 <2
386 3424 483 3458 savit.
502 3430 553 3463 τὴν
568 3427 783 3470 ὺπερέο).ἠν,,..

802 3430 989 3465 παραστῆσαι
1003 3425 1116 3465 [lestap
1125 3435 1182 3458 3295
1193 3448 1199 3461 ι,
1221 3425 1313 3463 μησίν

1370 3209 1485 3264 ἐγθροι
1499 3205 1667 3252 τοσαύτην
1690 3203 1868 3255 ἐμάνησαν
1891 3201 2029 3252 μανίαν,
2048 3204 2094 3247 ὡς
2109 3203 2168 3240 καὶ
2188 3218 2247 3241 του
2262 3202 2372 3240 εἷδένα

1427 3317 1443 3340 b
1460 3312 1574 3346 More).
1602 3316 1724 3354 μείζων.
1752 3322 1828 3342 ουτω
1853 3312 1910 3351 γὰρ
1935 3312 2002 3350 περὶ
2031 3309 2070 3339 ὧν
2098 3312 2202 3353 γράφει
2230 3309 2346 3340 δικαίων
2373 3311 2387 3340 ἑ,

1385 3371 1500 3404 Παῡλάς
1517 3380 1610 3410 φησιν,
1628 3365 1666 3396 ὧν
1682 3365 1730 3396 οὐκ
1747 3365 1781 3399 ἦν
1796 3364 1873 3400 ἄξιος
1890 3363 1903 3393 ὸ
1921 3366 2035 3400 κόσμος.
