2481 3678
649 200 690 228 IN
727 200 836 229 JOAN
848 199 937 227 &EM
976 195 1124 226 llOMlL.

161 283 258 326 Τέως
279 282 314 320 δὲ
338 282 464 332 ἴδωμεν
492 279 569 318 ὅσον
591 283 611 325 ἡ
640 280 813 331 βασκανία
839 279 958 326 κακὸν,
973 278 1033 316 καὶ
1054 279 1127 318 πῶς

104 342 181 386 τοὺς
200 346 260 388 τῗζς
281 345 396 395 ψυχης
412 340 608 393 ὀφθαλμοὺς
627 346 732 393 πηροῖ
755 340 845 378 κατὰ
861 342 923 385 τῆς
937 342 996 376 τοῦ
1021 336 1125 376 ἁλόν-

103 420 159 448 τος
173 404 356 457 σωτηρίας.
375 402 542 454 Καθάπερ
556 401 624 454 γὰρ
636 405 667 440 οἱ
685 402 887 453 μαινόμενοι
903 403 978 439 καθ’
994 400 1124 437 ἑαυτῶν

103 465 270 508 πολλάκις
292 465 418 501 ὠθοῦσι
438 462 481 500 τὰ
503 462 598 515 ξίφη·
620 462 789 500 οὔτω,καὶ
806 465 837 501 οἱ
859 459 1123 512 βασκαίνοντες,

102 523 187 574 πρὸς
205 524 240 562 ἓν
259 524 360 575 μόνον
378 526 525 576 ὁρῶντες
537 555 546 571 ,
566 524 628 571 τὴν
647 523 785 574 ΙΊλύμην
806 526 865 561 τοῦ
882 519 1126 574 φθονουμένου,

102 588 164 631 τῆς
193 584 319 626 οἰκείας
351 585 514 635 ἀλογοῧσι
550 585 734 638 σωτηρίας.
768 577 876 621 Οὗτοι
908 581 968 619 καὶ
997 579 1125 634 θηρίων

103 645 251 697 χείρους.
283 645 424 682 Ἐκεῖνα
450 645 516 697 γὰρ
537 644 704 697 ἢτροφῆς
735 644 898 694 δεόμενα,
917 641 940 687 ἢ
959 641 1126 704 πρότερον

104 707 160 758 ὑφ’
182 709 281 757 ἡμῶν
301 705 558 758 παροξυνθέντα
577 736 586 753 ,
607 705 785 749 ὃπλίζεται
801 707 878 743 καθ’
895 705 1013 754 ἡμῶν·
1033 706 1127 740 οὗτοι

103 766 139 806 δὲ
160 768 219 806 καὶ
237 768 518 819 εὐεργετηθέντες
542 768 728 814 πολλάκις,
754 766 799 804 τὰ
819 768 888 803 τῶν
915 766 1126 803 ἀδικούντων

103 828 180 873 τοὺς
196 828 372 882 εὐεργέτας
390 829 564 875 διέθηκαν.
590 828 735 880 Θηρίων
753 826 815 878 μὲν
831 821 886 865 οῧν
905 821 998 864 οὗτοι
1017 826 1124 877 χαλε-

103 890 271 942 πώτεροι,
289 890 461 941 δαιμόνων
480 889 515 928 δὲ
535 890 620 936 ἴσοι,
640 889 735 941 τάχα
757 888 793 927 δὲ
809 887 868 927 καὶ
887 887 1026 926 ἐκείνων
1049 885 1127 938 χεί-

104 967 190 1003 ρους.
215 951 366 990 Ἐκεῖνοι
389 951 457 1004 γὰρ
485 951 570 1003 πρὸς
597 949 658 1002 μὲν
683 955 777 1001 ἡμᾶς
799 950 968 988 ἄσπονδον
990 948 1126 1000 ἔχουσιν

102 1013 240 1065 ἔχθραν,
259 1018 330 1056 τοῖς
356 1012 391 1051 δὲ
416 1012 617 1064 ὁμογενέσιν
639 1014 701 1050 οὐκ
729 1010 1011 1050 ἐπιῧουλεύουσιν
1025 1026 1032 1033 ·
1050 1009 1126 1049 ὅθεν

101 1073 212 1126 τούτῳ
246 1073 305 1112 καὶ
338 1073 415 1117 τοὺς
436 1072 625 1116 Ἰουδαίους
657 1073 882 1124 ἐπεστόμιζεν
911 1075 928 1109 ὁ
955 1071 1125 1124 Χριστὸς,

102 1135 205 1181 ἡνίκα
225 1136 326 1174 αὐτὸν
351 1139 384 1174 ἓν
401 1134 617 1180 Βεελζεὸοὺλ
640 1134 755 1186 ἔλεγον
777 1134 958 1172 ἐκὸάλλειν
982 1132 1026 1170 τὰ
1054 1133 1127 1170 δαι-

104 1196 217 1246 μόνια.
239 1191 347 1235 Οὗτοι
374 1196 409 1235 δὲ
435 1197 513 1234 οὔτε
529 1196 591 1243 τὴν
614 1195 794 1234 κοινωνίαν
809 1198 871 1242 τῆς
891 1194 1026 1247 φύσεως
1045 1194 1124 1245 ᾐδέ-

103 1262 246 1306 σθησαν,
266 1257 343 1295 οὔτε
361 1260 492 1296 ἑαυτῶν
511 1257 702 1310 ἐφείσαντο.
723 1257 800 1310 Πρὸ
813 1256 881 1309 γὰρ
898 1259 965 1294 τῶν
987 1259 1128 1307 φθονου-

106 1319 216 1368 μένων
236 1319 297 1363 τὰς
317 1321 449 1356 ἑαυτῶν
468 1318 581 1371 ψυχὰς
600 1318 807 1363 κολάζουσι,
834 1317 979 1369 θορύὸου
998 1317 1128 1360 παντὸς

104 1380 163 1417 καὶ
181 1379 328 1431 ἀθυμίας
344 1383 553 1433 πληροῦντες
571 1379 676 1423 αὐτὰς
700 1381 775 1430 εἰκῇ
800 1378 858 1416 καὶ
878 1377 1004 1428 μάτην.
1024 1377 1127 1420 Τίνος

101 1441 168 1494 γὰρ
188 1442 301 1480 ἕνεκεν
321 1444 436 1493 ἀλγεῖς
448 1470 457 1488 ,
480 1434 509 1478 ῶ
531 1440 690 1492 ἄνθρωπε
703 1470 712 1487 ,
731 1446 800 1483 τοῖς
819 1443 879 1477 τοῦ
898 1438 1046 1485 πλησίον
1062 1455 1126 1476 κα-

104 1504 195 1550 λοῖς,
212 1503 342 1553 Ἀλγεῖν
353 1502 459 1546 ὅντως
472 1501 541 1554 χρὴ
557 1504 650 1552 ἡμᾶς
665 1502 715 1552 ἐφ’
732 1494 780 1543 οἷς
795 1500 978 1552 πάσχομεν
994 1505 1125 1546 κακοῖς,

105 1565 166 1601 οὐκ
184 1562 238 1614 ἐφ’
260 1557 309 1605 οἷς
332 1562 466 1615 ἑτέρους
488 1563 754 1612 εὐδοκιμοῦντας
772 1563 919 1613 ὁρῶμεν.
936 1559 1005 1598 Διὰ
1024 1564 1126 1597 τοῦτο

101 1623 240 1671 ἁπάσης
257 1622 495 1675 ἀπεστέρηται
517 1621 724 1673 συγγνώμης
744 1621 839 1659 τουτὶ
858 1621 898 1659 τὸ
917 1620 1123 1675 ἁμάρτημα.

101 1683 144 1723 Ὁ
172 1683 234 1735 μὲν
263 1683 331 1737 γὰρ
351 1684 475 1736 πόρνος
496 1683 568 1736 ἔχει
591 1682 653 1730 τὴν
677 1682 863 1734 ἐπιθυμίαν
884 1684 1005 1730 εἰπεῖν,
1030 1683 1088 1722 καὶ
1109 1686 1124 1720 ὁ

99 1745 252 1792 κλέπτης
285 1745 346 1793 τὴν
376 1745 510 1793 πενίαν,
539 1744 599 1783 καὶ
627 1747 644 1782 ὃ
673 1743 878 1796 ἀνδροφόνος
911 1745 969 1782 τὸν
997 1745 1124 1795 θυμόν·

98 1807 233 1859 ψυχρὰς
255 1806 315 1858 μὲν
337 1806 396 1845 καὶ
424 1807 586 1858 ἀλόγους,
617 1805 710 1857 ὅμως
731 1805 766 1844 δὲ
785 1805 904 1858 ἔχουσί
922 1822 1018 1849 τινας
1037 1823 1124 1858 προ-

389 1870 415 1891 V

420 1867 430 1883 Χ
471 1867 498 1883 'xx

389 1885 438 1907 flu

138 1932 147 1943 ³
160 1931 174 1943 ix
228 1930 236 1943 l
301 1930 316 1950 b
350 1932 360 1944 a
372 1932 387 1943 κ
452 1882 503 1943 '0'
560 1932 569 1943 7
619 1931 626 1943 v
649 1928 665 1944 Ἃ
806 1928 814 1943 r
878 1931 887 1943 a
1055 1930 1063 1941 l

99 1933 278 1981 ()υοεμιαν
328 1935 530 1981 ουοαμοθεν,
551 1932 618 1968 αλλ
646 1946 668 1975 η
688 1945 856 1980 πονηριαν
873 1945 1125 1981 επιτεταμενην

99 1868 219 1920 φάσεις
246 1871 367 1907 εἰπεῖν.
531 1867 634 1906 ποίαν
665 1867 778 1905 αἰτίαν
804 1869 910 1919 ἐρεῖς,
943 1867 1019 1906 εἶπέ
1050 1884 1124 1918 μοι,

101 1991 220 2042 μόνην.
238 1993 282 2029 Εἰ
298 1991 365 2044 γὰρ
381 1990 521 2043 ἐχθροὺς
548 1993 687 2043 ἀγαπᾷν
715 1990 948 2040 κελευόμεθα,
969 1989 1050 2028 ὅταν
1067 1991 1126 2029 καὶ

105 2052 182 2095 τοὺς
197 2055 379 2104 φιλοῦντας
396 2055 565 2103 μισῶμεν,
586 2052 688 2090 ποίαν
708 2051 848 2102 τίσομεν
870 2050 987 2099 δίκην,
1006 2052 1075 2090 Καὶ
1096 2055 1126 2090 εἰ

99 2117 116 2151 ὁ
131 2113 208 2158 τοὺς
226 2116 406 2166 φιλοῦντας
426 2116 583 2166 ἀγαπῶν,
605 2112 698 2152 οὐδὲν
721 2113 861 2164 ἄμεινον
890 2116 958 2151 τῶν
983 2114 1125 2152 ἐθνικῶν

1165 194 1335 223 xxxvii.
1375 179 1435 223 al.
1477 196 1633 225 xxxvi.

2095 187 2181 245 247

1253 275 1288 310 5.
1311 275 1459 312 Interim
1479 284 1597 312 autem
1628 275 1816 313 videamus
1847 287 2018 327 quantum
2050 279 2184 317 malum

1199 334 1242 371 sit
1259 334 1393 373 invidia
1417 351 1424 372 :
1447 351 1516 386 quo
1533 346 1637 388 pacto
1650 338 1779 376 mentis
1793 339 1913 376 oculos
1931 338 1975 375 ad
1996 339 2185 390 perniciem

1149 409 1172 439 (3
1197 395 1310 433 invidi
1329 406 1491 434 excaecet.
1515 398 1831 445 Quemadmodum
1852 399 1946 437 enim
1969 399 2093 437 furiosi
2111 401 2184 451 gla—

1198 453 1300 491 dium
1321 454 1356 492 in
1377 455 1509 507 seipsos
1536 470 1628 509 saepe
1660 467 1883 505 convertunt,
1903 459 1951 495 ita
1975 472 2114 509 quoque
2134 459 2187 496 in-

1199 514 1286 564 vidi,
1308 529 1414 553 unam
1444 517 1559 555 solum
1590 528 1785 570 spectantes
1816 519 1914 557 illius
1941 519 1998 556 cui
2025 519 2187 558 invident

1198 576 1402 627 perniciem,
1423 587 1543 616 contra
1564 593 1665 617 suam
1688 580 1838 618 salutem
1855 581 1961 618 bruto
1982 580 2115 632 impetu
2137 581 2186 618 fe-

1198 646 1337 675 runtur.
1361 639 1407 676 Hi
1429 639 1486 677 vel
1507 640 1591 679 seris
1625 651 1708 679 sunt
1735 641 1938 679 deteriores.
1970 642 2062 679 Nam
2096 641 2186 691 illae,

1198 698 1255 736 vel
1274 699 1369 750 quod
1388 700 1466 738 cibo
1487 711 1622 752 egeant,
1642 702 1700 740 vel
1719 717 1736 739 a
1758 702 1861 740 nobis
1882 702 2043 751 irritatae,
2065 711 2186 740 contra

1198 774 1262 798 nos
1280 771 1482 813 armantur,
1505 763 1544 801 hi
1566 773 1684 801 autem
1702 765 1807 802 etiam
1823 774 1904 817 post
1921 773 2063 816 accepta
2082 764 2188 802 bene-

1199 823 1291 874 ficia,
1308 825 1484 864 beneficos
1516 841 1608 879 saepe
1642 842 1707 880 pro
1742 828 1894 866 inimicis
1914 827 2054 865 habent.
2090 829 2188 865 Feris

1198 899 1281 923 sane
1294 885 1332 923 hi
1344 885 1531 926 deteriores
1545 898 1640 938 sunt,
1651 889 1872 927 daemonibus
1884 903 2002 942 pare53
2015 889 2086 926 imo
2098 890 2188 927 forte

1197 947 1334 999 pejores
1353 947 1436 985 illis.
1458 949 1516 986 Illi
1537 963 1693 1000 namque
1717 949 1909 989 adversum
1929 964 1992 988 nos
2017 950 2186 1002 implaca-

1197 1011 1287 1048 biles
1311 1022 1471 1050 exercent
1493 1012 1710 1063 inimicitias,
1741 1015 1801 1053 sed
1828 1015 1883 1052 sui
1916 1015 2096 1052 similibus
2115 1015 2186 1052 da:-

1150 1083 1174 1112 D
1198 1073 1364 1112 monibus
1383 1089 1453 1113 non
1477 1074 1710 1125 insidiantur;
1740 1076 1887 1128 ideoque
1908 1077 1993 1114 hinc
2023 1076 2187 1115 Christus

1198 1134 1342 1173 Judaeos
1361 1137 1568 1186 confutavit,
1589 1152 1672 1175 cum
1691 1138 1847 1176 dicerent
1872 1139 1991 1191 ipsum
2021 1139 2057 1176 in
2088 1139 2186 1177 Beel-

1199 1196 1312 1233 zebub
1327 1197 1452 1249 ejicere
1460 1196 1648 1235 daemonia.
1669 1199 1716 1236 Hi
1733 1213 1815 1238 vero
1837 1214 1880 1237 ne
1891 1209 2024 1238 naturae
2042 1200 2187 1251 quidem

1199 1271 1271 1294 suae
1288 1258 1504 1296 consortium
1526 1269 1742 1310 reverentur,
1765 1275 1876 1312 neque
1897 1261 1966 1298 sibi
1988 1261 2075 1313 ipsis
2102 1277 2186 1314 par-

1199 1328 1293 1356 cunt.
1314 1319 1405 1356 Nam
1434 1330 1515 1358 ante
1534 1321 1690 1359 animam
1709 1336 1821 1371 suam,
1839 1336 1948 1372 quam
1974 1336 2032 1360 eos
2055 1323 2187 1374 quibus

1197 1379 1370 1430 invident,
1398 1381 1546 1428 laedunt,
1574 1381 1662 1420 dum
1690 1383 1790 1420 illam
1812 1383 1942 1421 frustra
1962 1385 2119 1422 tumultu
2147 1400 2188 1423 ac

1197 1455 1347 1479 moerore
1362 1442 1508 1494 replent.
1531 1443 1617 1488 Cur,
1642 1443 1692 1481 mi
1711 1444 1830 1494 homo,
1845 1445 1891 1482 de
1910 1446 2066 1496 proximi
2085 1446 2189 1484 bonis

1198 1501 1390 1539 cruciaris?
1408 1503 1539 1540 Dolere
1561 1511 1739 1555 oporteret
1761 1503 1805 1541 de
1831 1505 1936 1542 malis
1960 1505 2102 1553 nostris,
2119 1520 2187 1544 non

1197 1561 1243 1599 de
1262 1562 1420 1614 proximi
1445 1564 1624 1601 felicitate.
1649 1566 1878 1618 Quapropter
1907 1565 1975 1603 hoc
2004 1576 2189 1618 peccatum

1199 1624 1300 1662 venia
1322 1639 1468 1677 prorsus
1483 1625 1658 1677 privatur.
1682 1627 1775 1664 Nam
1789 1636 1960 1665 scortator
1978 1636 2092 1679 potest
2107 1642 2188 1666 con-

1147 1695 1170 1723 F„
1198 1685 1453 1737 cupiscentiam
1464 1685 1731 1737 obtendere,fur
1740 1697 1998 1740 paupertatem,
2010 1688 2189 1727 homicida

1196 1746 1286 1785 iram
1292 1763 1304 1798 3
1320 1748 1563 1787 excusationes
1582 1748 1727 1800 quidem
1744 1749 1894 1801 frigidas
1907 1759 1939 1787 et
1955 1750 2111 1801 insanas,
2127 1751 2190 1789 sed

1196 1824 1275 1861 quae
1309 1819 1427 1848 tamen
1458 1810 1609 1862 proferri
1644 1819 1789 1860 queunt.
1827 1811 1885 1848 Tu
1925 1824 2023 1861 vero,
2053 1826 2187 1863 quaeso,

1195 1886 1302 1922 quam
1322 1885 1464 1909 causam
1481 1870 1678 1909 obtendes?
1698 1871 1845 1909 Nullam
1867 1872 2024 1922 omnino,
2044 1872 2113 1910 nisi
2136 1873 2190 1911 in-

1195 1942 1334 1984 gentem
1356 1932 1561 1984 nequitiam.
1580 1934 1673 1970 Nam
1688 1933 1717 1970 si
1736 1932 1901 1970 inimicos
1916 1932 2068 1984 diligere
2082 1934 2186 1985 jube-

1196 2009 1296 2044 mur,
1317 1995 1346 2032 si
1362 1994 1493 2032 amieos
1515 1993 1597 2031 odio
1616 1994 1823 2042 habeamus,
1845 2009 1914 2045 quo
1930 2008 1998 2031 non
2012 1995 2188 2047 supplicio

1194 2056 1411 2108 puniemur-2O
1423 2056 1468 2093 Et
1485 2055 1513 2093 si
1526 2055 1556 2093 is
1568 2055 1630 2106 qui
1642 2056 1775 2093 amicos
1788 2069 1869 2093 suos
1883 2054 2017 2107 diligit,
2031 2070 2099 2093 non
2114 2071 2188 2094 me-

1194 2117 1264 2156 lius
1279 2132 1388 2169 quam
1405 2126 1525 2168 gentes
1540 2117 1687 2154 affectus
1704 2125 1754 2154 est
1761 2132 1771 2166 3
1789 2116 1850 2167 qui
1866 2131 1900 2154 se
1919 2117 2011 2154 nihil
2026 2116 2186 2155 laedenti-

98 2174 331 2214 διακείσεται·
364 2179 381 2213 ὃ
411 2181 483 2218 τοῖς
523 2173 630 2225 μηδὲν
670 2173 874 2221 ἠδικηκόσιν
909 2174 1262 2230 ἐπηρεάζων,,15])115
1277 2189 1389 2228 nocet,
1404 2193 1511 2229 quam
1531 2187 1583 2216 est
1603 2178 1793 2216 habiturus
1808 2177 1961 2227 veniam,
1974 2193 2082 2229 quam
2103 2193 2188 2216 con-

96 2236 200 2274 πθίαν
220 2236 287 2280 ἕξει
303 2236 524 2288 συγγνώμην,
540 2235 618 2274 τίνα
633 2235 668 2274 δὲ
687 2235 930 2287 wamy-offlam
950 2234 1124 2274 ’Ἄκουσον
1146 2243 1171 2272 Α
1195 2239 1427 2277 solationem?
1439 2238 1533 2276 Audi
1550 2238 1705 2276 Paulum
1718 2237 1893 2276 dicentem
1909 2254 1916 2274 τ
1934 2239 1975 2276 Si
1991 2240 2187 2277 tradidero
2207 2256 2230 2274 ι.
2246 2244 2318 2273 Cor·
2341 2243 2374 2273 13

96 2300 154 2335 τοῧ
171 2298 313 2336 Παύλου
333 2297 367 2335 τί
387 2313 508 2350 φησιν·
528 2297 615 2336 Ἐὰν
636 2296 675 2335 τὸ
700 2296 804 2347 σῶμά
824 2313 889 2347 μου
907 2298 1055 2350 παραδῶ
1068 2297 1124 2335 ἵνα

95 2359 346 2411 καυθήσωμαι,
367 2359 506 2411 ἀγάπην
529 2360 564 2398 δὲ
591 2359 639 2410 μὴ
661 2358 752 2411 ἔχω,
782 2358 878 2397 οὐδὲν
903 2359 1118 2411 ὠφελοῦμαι.

95 2421 180 2459 “Ort
208 2421 243 2460 δὲ
271 2421 355 2460 ὅπου
385 2421 505 2473 φθόνος
534 2421 593 2459 καὶ
625 2420 818 2472 βασκανία,
841 2419 886 2457 τὰ
906 2422 966 2466 τῆς
987 2420 1125 2471 ἀγάπης

97 2482 286 2534 ἀνῄρηται,
306 2482 411 2519 παντί
430 2498 496 2520 που
517 2481 621 2528 δῆλόν
641 2483 727 2519 ἐστι.
749 2483 864 2519 Τοῦτο
879 2480 918 2518 τὸ
935 2480 1043 2523 πάθος
1065 2481 1124 2518 καὶ

95 2543 255 2595 πορνείας
274 2543 332 2580 καὶ
350 2542 508 2594 μοιχείας
525 2541 664 2594 ι’χεῖρόν
680 2543 766 2579 ἐστι.
783 2540 835 2579 Τὸ
853 2540 914 2590 μὲν
933 2541 1000 2594 γὰρ
1017 2541 1122 2593 μέχρι

96 2609 156 2642 τοῦ
175 2602 368 2655 πράξαντος
390 2602 550 2651 ἵσταται,
579 2605 642 2648 τ’ῆς
660 2601 695 2640 δὲ
725 2601 914 2653 βασκανίας
928 2605 949 2648 ἡ
965 2603 1124 2655 τυραννὶς

99 2664 314 2711 Ἐκκλησίας
332 2664 542 2716 ὁλοκλήρους
559 2663 722 2715 ἀνέτρεψε
734 2692 744 2710 ,
765 2662 824 2700 καὶ
837 2662 900 2709 τὴν
917 2663 1122 2713 οἰκουμένην

99 2727 237 2764 ἅπασαν
255 2726 462 2777 ἐλυμήνατο.
494 2723 591 2771 Αὕτη
613 2724 713 2776 φόνου
736 2723 853 2777 μήτηρ
879 2723 993 2761 ἐστίν·
1016 2723 1123 2767 οὕτως

98 2787 278 2826 ἀπέκτεινε
306 2787 364 2825 τὸν
395 2786 540 2838 ἀδελφὸν
567 2789 584 2824 ὁ
612 2785 715 2833 Κάϊν,
749 2784 837 2823 οὕτω
862 2785 919 2823 τὸν
947 2784 1078 2823 ’laxabo'
1105 2789 1122 2824 ὃ

97 2848 211 2887 Ἠσαῦ
223 2880 232 2897 ,
259 2849 349 2887 οὕτω
368 2850 425 2888 τὸν
446 2848 578 2901 Ἰωσὴφ
599 2850 628 2886 οἱ
647 2847 812 2899 ἀδελφοὶ,
839 2846 929 2885 οὕτω
951 2845 1031 2892 τοὺς
1059 2849 1120 2885 ἀν-

98 2910 254 2962 θρώπους
273 2911 430 2954 ἅπαντας
448 2914 465 2949 ὃ
485 2910 655 2952 διάὸολος.
673 2908 778 2947 Ἀλλὰ
800 2908 841 2947 σὺ
856 2913 914 2947 νῦν
934 2909 996 2946 οὐκ
1018 2911 1120 2947 ἀναι-

99 2977 183 3022 ρεῖς,
213 2971 303 3009 ἀλλὰ
322 2971 436 3010 πολλὰ
454 2975 513 3009 τοῦ
530 2970 631 3023 φόνου
661 2975 770 3013 ποιεῖς
789 2969 1021 3022 χαλεπώτερα
1034 2999 1043 3015 ,
1063 2972 1119 3008 εὐ-

97 3032 242 3083 χόμενος
268 3033 324 3071 τὸν
354 3033 498 3084 ἀδελφὸν
518 3034 743 3084 ἀσχημονεῖν,
765 3032 879 3082 πάγας
899 3031 1118 3083 πανταχόθεν

96 3093 200 3136 τιθεὶς
215 3123 224 3139 ,
250 3093 381 3131 ἐκλύων
402 3093 479 3137 τοὺς
498 3092 584 3145 ὑπὲρ
609 3095 734 3146 ἀρετῆς
757 3093 900 3138 πόνους,
929 3093 1044 3143 ἀλγῶν
1065 3093 1117 3130 ὅτι

97 3156 145 3205 τῷ
177 3157 239 3201 τῆς
270 3154 473 3206 οἰκουμένης
512 3154 651 3207 ἀρέσκει
676 3153 850 3205 Δεσπότῃ.
884 3155 960 3191 Οὐκ
997 3154 1117 3206 ἐκείνῳ

98 3215 186 3264 ἄρα,
218 3216 307 3254 ἀλλὰ
339 3218 388 3267 τῷ
416 3216 457 3252 δι’
486 3215 614 3254 ἐκείνου
642 3214 905 3267 θεραπευομένῳ
937 3215 1118 3264 πολεμεῖς,

144 3352 155 3365 ³
174 3342 286 3373 Morcl.
308 3347 410 3380 λὺπην.

145 3395 159 3417 b
177 3395 226 3425 Ita
248 3394 348 3427 savit.
367 3394 481 3429 Mon-l.
503 3398 663 3438 οὐδαμόθεν
688 3399 829 3435 ἄλλοθεν,
849 3397 915 3427 vill*
936 3400 951 3432 r]
970 3400 1026 3429 ἀπ’]
1051 3410 1104 3429 πο-

1193 2315 1329 2353 corpus
1349 2315 1474 2339 meum
1494 2303 1550 2339 ita
1571 2309 1613 2338 ut
1635 2301 1807 2347 ardeam,
1832 2304 2036 2339 caritatem
2057 2310 2186 2339 atatem

1195 2377 1274 2400 non
1290 2364 1473 2409 habuero,
1499 2362 1599 2399 nihil
1627 2363 1722 2399 mihi
1751 2362 1900 2412 prodes.
1937 2361 2046 2408 Quod
2067 2371 2185 2400 autem

1194 2424 1257 2461 ubi
1277 2423 1372 2461 livor
1404 2432 1437 2461 et
1469 2422 1604 2461 invidia
1637 2431 1702 2471 est,
1725 2422 1852 2460 caritas
1871 2436 2017 2474 prorsus
2045 2423 2186 2461 sublata

1194 2484 1251 2533 sit,
1270 2484 1402 2522 nemini
1418 2497 1487 2521 non
1504 2492 1627 2520 notum
1642 2492 1704 2520 est.
1725 2483 1801 2520 Hoc
1814 2482 1946 2521 vitium
1964 2492 2014 2520 est
2032 2484 2186 2522 fornica-

1194 2545 1287 2583 tione
1310 2554 1343 2582 et
1371 2544 1548 2582 adulterio
1568 2544 1680 2595 pejus.
1707 2544 1799 2581 Nam
1832 2543 1926 2581 illud
1956 2543 1992 2581 in
2018 2555 2187 2597 operante

1195 2605 1372 2655 consistit,
1400 2604 1546 2643 invidjae
1566 2614 1685 2642 autem
1704 2605 1868 2657 tyrannis
1893 2605 2069 2644 Ecclesias
2095 2607 2185 2645 inte—

1195 2681 1276 2719 gras
1294 2667 1481 2715 subvertit,
1501 2675 1535 2704 et
1554 2676 1669 2705 totum
1696 2667 1819 2705 orbem
1843 2667 2081 2707 labefactavit.
2102 2670 2185 2708 Haec

1195 2728 1301 2766 caedis
1320 2736 1434 2765 mater
1446 2736 1497 2765 est
1519 2743 1526 2764 :
1544 2727 1611 2765 hac
1628 2736 1745 2766 motus
1759 2728 1849 2766 Ca'in
1869 2729 2015 2767 fratrem
2028 2731 2159 2770 occidit
2175 2748 2183 2768 r

1193 2788 1256 2826 illa
1278 2788 1474 2826 concitante
1494 2788 1671 2827 Jacobum
1690 2788 1800 2839 Esaii,
1829 2790 2026 2842 Josephum
2044 2792 2182 2842 fratres,

1194 2848 1391 2887 humanum
1424 2862 1535 2900 genus
1556 2848 1722 2887 diabolus
1755 2863 1942 2901 aggressus
1972 2861 2034 2889 est.
2068 2855 2111 2890 At
2143 2862 2180 2890 tu

1193 2924 1262 2948 non
1292 2909 1478 2960 interficis,
1515 2909 1577 2948 sed
1609 2910 1705 2948 caede
1724 2910 1828 2963 longe
1862 2912 2026 2964 graviora
2051 2928 2182 2966 perpe-

1143 2981 1165 3009 Β
1193 2979 1276 3019 tras,
1296 2971 1385 3009 dum
1406 2970 1563 3023 precaris
1583 2980 1622 3009 ut
1641 2972 1749 3009 frater
1768 2972 1967 3024 ignominia
1985 2974 2176 3018 afficiatur,

1192 3031 1280 3069 dum
1299 3031 1443 3082 laqueos
1463 3031 1530 3084 ipsi
1561 3031 1678 3069 tendis
1709 3032 1880 3084 undique,
1902 3033 1990 3072 dum
2010 3050 2073 3087 pro
2106 3035 2178 3072 vir-

1192 3100 1265 3129 tute
1296 3100 1475 3144 susceptos
1508 3091 1646 3130 labores
1680 3093 1839 3139 resolvis,
1868 3109 1948 3132 cum
1986 3109 2078 3147 segre
2112 3097 2180 3133 fers

1191 3152 1287 3203 quod
1317 3152 1413 3191 orbis
1434 3153 1588 3191 Domino
1609 3154 1754 3206 placeat.
1777 3156 1855 3193 Non
1878 3156 1981 3193 illum
2001 3171 2096 3208 ergo,
2119 3157 2179 3194 sed

1190 3230 1270 3253 cum
1285 3230 1388 3266 quem
1405 3216 1479 3268 ipse
1505 3216 1589 3254 colit
1610 3216 1796 3268 impugnas
1817 3234 1823 3254 ε
1842 3219 1944 3256 illum
1961 3220 2175 3259 contumelia

1172 3350 1271 3389 ιηρὶας
1288 3350 1500 3386 ἐπιτεταμένης
1516 3353 1616 3386 μόνης.

1215 3406 1226 3420 ⁷·
1243 3395 1357 3428 Morel.
1377 3404 1474 3440 χεῖρον
1489 3397 1573 3431 mlo.

2270 1080 2316 1106 Im
2325 1080 2389 1108 ido-

2201 1132 2265 1148 rum
2300 1123 2392 1148 mise-

2201 1174 2230 1190 ra
2245 1163 2386 1191 conditio.

2201 2287 2230 2315 3.
