2481 3678
724 201 768 230 IN
806 195 1020 228 JOANNEM
1057 194 1218 224 HOMIL.

72 291 200 338 τυχεῖν.
223 286 286 324 Διὸ
299 284 358 323 καὶ
378 283 584 333 ἐπετίμησεν
613 282 745 328 αὐτοῖς,
767 278 873 318 εἰπών
888 294 896 302 ·
921 280 1005 321 Πῶς
1031 276 1093 315 δύ-

70 351 173 385 νασθε
195 345 379 393 πιστεύειν,
400 344 496 387 δόξαν
516 341 612 394 παρὰ
633 339 823 393 ἀνθρώπων
846 338 1095 390 λαμὸάνοντες,

71 409 129 446 καὶ
150 408 213 454 τὴν
241 406 336 459 παρὰ
358 411 417 444 τοῦ
436 406 528 444 Θεοῦ
549 402 598 454 μὴ
616 404 814 449 ζητοῦντες,
836 400 938 447 Μέθη
959 400 1026 452 γάρ
1041 398 1095 442 τίς

71 472 144 508 ἐστι
170 469 185 489 ¹³
203 471 345 519 βαθεῖα·
367 466 420 504 διὸ
449 464 509 503 καὶ
531 463 774 514 δυσανάγωγον
802 462 859 500 τὸν
882 460 1096 514 χειρωθέντα

69 537 161 568 ποιεῖ
180 533 279 567 τοῦτο
296 528 336 565 τὸ
358 527 479 570 πάθος.
501 525 599 572 Αὕτη
620 527 688 562 τῶν
720 523 872 562 ἁλόντων
893 522 956 569 τὴν
979 520 1095 573 ψυχὴν

71 589 296 641 ἀποσχίσασα
317 591 385 626 τῶν
407 590 572 639 οὐρανῶν,
596 588 640 637 τῇ
663 588 707 636 γῇ
728 586 917 637 προσηλοῖ,
933 582 993 620 καὶ
1012 582 1097 635 πρὸς

70 650 109 688 τὸ
128 652 201 702 φῶς
220 649 415 701 ἀναίλέψαι
434 649 472 686 τὸ
492 647 652 694 ἀληθινὸν
677 649 738 684 οὐκ
770 645 926 699 ἀφίησιν,
956 646 1031 682 ἀλλ’
1062 645 1096 681 ἐν
1117 653 1141 684 C

70 714 119 763 τῷ
150 710 307 764 βορὸόρῳ
337 710 525 753 διαπαντὸς
555 709 794 747 καλινδεῖσθαι
817 706 952 754 πείθει,
982 721 1096 744 κατα-

72 772 287 816 σκευάζουσα
306 771 473 814 δεσπότας
494 773 609 814 αὐτοῖς
624 769 714 808 οὕτω
734 768 914 816 δυνατοὺς,
930 771 975 812 ὥς
991 767 1100 820 χωρὶς

72 832 319 882 ἐπιταγμάτων
351 833 464 869 αὐτῶν
485 836 636 884 κρατεῖν.
655 829 700 868 ‘O
719 829 787 882 γὰρ
813 834 913 867 τοῦτο
930 832 1039 867 νοσῶν
1061 828 1101 866 τὸ

72 892 229 943 νόσημα,
253 892 312 930 καὶ
342 892 487 943 μηδενὸς
516 890 731 936 κελεύοντος,
767 890 971 941 αὐτομάτως
1011 895 1102 928 ποιεῖ

72 952 208 1000 πάντα,
227 953 362 1006 ὅσαπερ
386 952 426 990 ἂν
447 953 562 1000 οἴηται
582 952 720 1005 τέρπειν
741 954 843 990 αὐτοῦ
860 951 937 996 τοὺς
952 950 1099 1003 κυρίους.

72 1013 143 1053 Καὶ
170 1014 238 1067 γὰρ
263 1015 389 1065 ἱμάτια
408 1014 501 1052 καλὰ
530 1013 746 1066 περιτίθεται
779 1014 821 1050 δι’
854 1012 1018 1060 ἐκείνους,
1042 1012 1101 1050 καὶ

72 1075 286 1119 καλλωπίζει
308 1074 370 1121 τὴν
397 1075 489 1127 ὄψιν,
515 1077 579 1126 οὐχ
608 1076 721 1127 ἑαυτῷ
741 1078 860 1122 τοῦτο,
880 1075 956 1112 ἀλλ’
973 1073 1101 1126 ἑτέροις

73 1133 297 1182 ἐπιτηδεύων,
321 1134 380 1172 καὶ
410 1133 614 1177 ἀκολούθους
636 1133 795 1186 περιάγει
823 1132 914 1170 κατὰ
932 1132 994 1176 τὴν
1023 1135 1102 1184 ἀγο-

74 1195 148 1248 ρὰν,
167 1194 223 1233 ἵνα
244 1195 466 1246 θαυμάζηται
491 1197 575 1247 παρ’
594 1194 719 1247 ἑτέρων
731 1209 738 1217 ·
756 1193 816 1231 καὶ
839 1194 955 1232 πάντα
974 1193 996 1230 ἃ
1011 1199 1102 1231 ποιεῖ

70 1260 132 1302 τῆς
163 1258 232 1294 τῶν
269 1257 384 1294 ἄλλων
422 1255 534 1293 ἕνεκεν
569 1254 751 1308 ἀρεσκείας
790 1253 954 1304 ὑπομένει
982 1253 1101 1304 μόνης.

70 1310 159 1370 Ἆρα
177 1317 300 1368 γένοιτ’
322 1316 362 1353 ἄν
381 1333 415 1353 τι
433 1316 553 1354 τούτου
573 1314 820 1368 χαλεπώτερον
848 1315 978 1362 πάθος,
996 1319 1010 1335 ⁶
1022 1313 1101 1352 Ἵνα

72 1377 183 1430 ἕτεροι
205 1377 431 1428 θαυμάσωσιν
453 1378 571 1424 αὐτὸν,
599 1376 920 1428 κατακρημνίζεται
937 1378 1100 1428 συνεχῶς.
1122 1381 1147 1410 Ι)

75 1437 196 1476 Ἱκανὰ
218 1437 279 1489 μὲν
297 1432 354 1475 οῦν
374 1437 434 1475 καὶ
453 1437 498 1475 τὰ
523 1437 692 1489 εἰρημένα
717 1436 816 1489 παρὰ
840 1442 900 1475 τοῦ
926 1437 1102 1488 Χριστοῦ,

76 1496 182 1540 δεῖξαι
200 1502 316 1534 πᾶσαν
338 1498 440 1533 αὐτοῦ
463 1495 525 1541 τὴν
547 1494 751 1547 τυραννίδα·
773 1493 887 1541 ἀπλὴν
909 1494 969 1532 καὶ
988 1497 1103 1532 ἐντεῦ-

75 1561 130 1596 θεν
149 1558 240 1596 ἔστιν
267 1556 374 1603 αὐτὴν
395 1557 556 1594 συνιδεῖν.
579 1557 624 1594 Εἰ
640 1555 708 1608 γὰρ
729 1555 903 1602 ἐθελήσεις
927 1553 1103 1608 ἐρωτῆσαί

76 1635 155 1657 τινα
172 1620 240 1656 τῶν
261 1616 536 1668 πολιτευομένων
559 1616 620 1655 καὶ
645 1616 690 1655 τὰ
710 1618 884 1662 πολυτελῆ
919 1614 1102 1654 δαπανών·

77 1697 146 1719 των
170 1679 427 1730 δαπανήματα,
447 1678 538 1722 τίνος
553 1678 667 1717 ἕνεκεν
683 1684 843 1718 τοσοῦτον
864 1681 999 1716 κενοῦσι
1014 1693 1104 1730 χρυ-

76 1741 161 1789 σίον,
181 1741 241 1779 καὶ
264 1740 298 1779 τί
323 1739 481 1791 βούλεται
500 1742 612 1783 αὐτοῖς
626 1743 647 1786 ἡ
663 1738 814 1785 τοσαύτη
831 1739 992 1789 δαπάνη,
1011 1738 1105 1778 οὐδὲν

78 1802 193 1856 ἕτερον
225 1801 355 1853 ἀκούσῃ
388 1803 472 1854 παρ’
497 1802 622 1848 αὐτῶν,
653 1802 729 1839 ἀλλ’
761 1799 784 1847 ἢ
813 1804 872 1839 τοῦ
901 1801 1012 1851 δήμου
1041 1799 1105 1847 τὴν

79 1863 274 1917 ἀρέσκειαν.
296 1864 341 1901 Εἰ
358 1861 393 1900 δὲ
409 1862 513 1900 πάλιν
530 1861 620 1915 ἔροιο
632 1861 667 1900 τί
691 1862 820 1909 δήποτε
834 1865 852 1900 ὃ
868 1862 976 1913 δῆμός
998 1865 1104 1909 ἐστιν,

78 1927 214 1976 ἐροῦσι,
235 1929 384 1976 πρᾶγμα
408 1922 553 1975 θορύὸου
577 1923 682 1974 γέμον
712 1922 772 1961 καὶ
800 1924 1024 1975 ταραχῶδες,
1045 1922 1105 1961 καὶ

79 1986 112 2031 ἐξ
135 1984 252 2029 ἀνοίας
279 1986 317 2023 τὸ
345 1984 449 2023 πλέον
482 1984 717 2036 συγκείμενον,
752 1985 871 2028 ἁπλῶς
905 1984 1105 2038 φερόμενον,

78 2047 170 2085 κατὰ
190 2046 235 2085 τὰ
253 2050 315 2094 τῆς
331 2046 503 2092 θαλάττης
519 2046 678 2097 κύματα,
700 2046 868 2089 πολλάκις
889 2046 949 2084 καὶ
972 2049 1010 2084 ἐκ
1030 2061 1106 2084 ποι·
1127 2056 1152 2086 Ε

78 2109 174 2147 κίλθυ
200 2109 260 2147 καὶ
294 2108 497 2161 μαχομένης
529 2108 775 2159 συνιστάμενον
806 2106 960 2160 γνώμης.
989 2106 1105 2146 σοῒαν

1257 194 1327 223 ιιι.
1367 179 1430 223 al.
1465 194 1509 223 ιι.

2102 195 2156 240 27

1164 284 1370 328 praesentem
1388 274 1538 325 gloriam
1553 274 1602 311 ita
1617 282 1746 325 captat,
1762 273 1860 310 illam
1874 288 1953 323 quae
1975 288 1994 311 a
2011 275 2086 312 Deo
2107 284 2159 312 est

1164 336 1316 387 assequi.
1343 336 1570 387 Quapropter
1601 334 1796 387 increpavit
1825 348 1883 371 eos
1915 335 1971 372 his
2005 335 2121 372 verbis
2151 351 2158 371 ι

1170 399 1370 448 Quomodo
1387 399 1546 448 potestis
1567 397 1734 444 credere,
1752 398 1820 448 qui
1839 396 2004 447 gloriam
2027 398 2074 432 ab
2096 397 2160 433 ho*
2176 406 2358 445 loan.5.2',4.

1167 462 1334 497 minibus
1364 460 1554 510 accipitis,
1571 468 1607 497 et
1623 458 1734 495 illam
1760 472 1846 508 quoe
1862 472 1888 494 a
1912 458 1994 495 Deo
2011 466 2064 495 est
2083 471 2160 494 non
2175 465 2271 512 [nauis
2288 468 2362 534 lgio-

2175 517 2223 533 ria:
2241 518 2283 534 ma
2300 517 2364 534 umr

1167 520 1362 574 quoerilis?
1380 520 1431 558 Ea
1460 520 1593 573 quippe
1616 519 1790 572 profunda
1823 519 1986 571 quaedam
2009 519 2160 557 ebrietas

1166 591 1244 620 est:
1265 581 1412 633 ideoque
1438 581 1467 618 is
1487 581 1548 632 qui
1573 581 1636 619 illo
1657 581 1767 618 animi
1795 581 1920 618 morbo
1946 589 2069 632 captus
2096 589 2160 630 est,

1167 642 1316 680 difficile
1331 642 1517 695 resipiscit.
1537 642 1621 680 Haec
1638 643 1735 680 labes
1757 642 1980 694 captivorum
2005 642 2162 679 animam

1168 719 1188 742 a
1201 703 1285 742 caelo
1298 703 1519 753 abscindens,
1536 713 1634 741 terrae
1650 703 1780 755 affigit,
1793 717 1856 741 nec
1874 703 1957 741 sinit
1969 717 2089 741 veram
2105 703 2160 740 in-

1169 765 1261 803 tueri
1287 765 1415 815 lucem,
1430 765 1493 804 sed
1520 766 1557 803 in
1584 780 1681 803 coeno
1703 779 1842 818 semper
1866 765 2019 804 volutari
2046 774 2160 815 curat,

1169 826 1332 865 dominos
1360 827 1449 879 ipsis
1474 841 1602 879 parans
1627 827 1676 864 ita
1707 836 1879 879 potentes,
1896 835 1935 863 ut
1961 826 2037 863 sine
2060 827 2163 878 jussu

1171 888 1291 938 aliquo
1302 887 1388 940 ipsis
1402 888 1586 940 imperent,
1596 889 1626 926 N
1632 903 1689 925 am
1706 889 1734 926 is
1744 888 1805 939 qui
1814 887 2023 939 hujusmodi
2037 887 2164 924 morbo

1168 949 1318 998 laborat,
1340 949 1447 986 etiam
1470 949 1610 987 nemine
1626 949 1795 1001 jubente,
1815 958 1938 1001 sponte
1960 948 2022 986 illa
2047 947 2166 985 omnia

1171 1011 1291 1061 efficit,
1310 1026 1388 1063 quae
1405 1021 1509 1064 putat
1526 1011 1680 1050 dominis
1696 1012 1768 1050 illis
1785 1012 1923 1064 placere
1942 1025 2056 1063 posse.
2072 1010 2166 1048 Illo-

1170 1088 1252 1111 rum
1268 1074 1401 1126 quippe
1418 1074 1533 1125 gratia
1556 1073 1718 1126 pulchris
1741 1073 1904 1111 induitur
1927 1072 2100 1120 vestibus,
2115 1072 2166 1109 fa-

1172 1134 1261 1173 ciem
1278 1144 1391 1184 ornat,
1410 1149 1477 1173 non
1492 1134 1573 1184 sibi,
1595 1134 1655 1173 sed
1669 1135 1749 1172 aliis
1759 1150 1770 1184 3
1785 1134 2004 1172 famulorum
2022 1133 2168 1171 turbam

1171 1195 1207 1232 in
1227 1196 1304 1232 foro
1319 1195 1570 1244 circumducit,
1586 1205 1625 1233 ut
1641 1196 1720 1233 aliis
1734 1195 1781 1233 sit
1793 1194 2020 1232 admirationi
2035 1210 2042 1230 ε
2057 1193 2167 1244 quid-

1171 1255 1259 1306 quid
1278 1255 1431 1306 denique
1456 1256 1552 1305 facit,
1572 1266 1612 1293 ut
1633 1256 1713 1294 aliis
1731 1256 1881 1308 placeat,
1904 1256 2168 1293 exhibet.Num

1170 1315 1238 1354 hoc
1253 1316 1363 1353 animi
1388 1317 1512 1354 morbo
1537 1316 1734 1367 quidquam
1756 1316 1914 1354 deterius
1934 1331 2008 1354 esse
2029 1315 2168 1368 possit?

1173 1378 1223 1414 Ut
1248 1377 1328 1415 aliis
1351 1377 1396 1414 sit
1421 1376 1674 1423 admirationi,
1693 1391 1783 1429 saepe
1807 1391 1842 1414 se
1857 1377 2078 1429 praecipitem
2093 1377 2166 1415 dat.

1172 1438 1266 1476 Satis
1293 1447 1387 1476 certe
1417 1448 1531 1476 essent
1553 1452 1591 1476 ea
1606 1453 1686 1489 quae
1705 1454 1725 1476 a
1745 1439 1887 1476 Christo
1911 1439 2006 1476 dicta
2023 1448 2106 1476 sunt
2122 1439 2168 1476 ad

1172 1500 1282 1551 hujus
1302 1499 1420 1536 morbi
1438 1499 1669 1551 tyrannidem
1689 1498 2004 1537 demonstrandam
2021 1515 2028 1535 :
2044 1514 2168 1538 verum

1172 1562 1257 1599 hinc
1282 1561 1390 1599 etiam
1403 1561 1466 1598 illa
1481 1570 1726 1613 cognoscatur.
1745 1562 1840 1599 Nam
1857 1561 1886 1599 si
1901 1561 2105 1613 quempiam
2125 1575 2170 1599 ex

1173 1623 1246 1661 illis
1263 1623 1402 1661 civibus
1423 1622 1485 1674 qui
1506 1632 1644 1660 sumtus
1670 1622 1890 1675 profundunt
1916 1623 2093 1660 maximos
2113 1622 2170 1660 in-

1174 1694 1341 1736 terroges,
1359 1698 1421 1722 cur
1440 1693 1579 1722 tantum
1592 1684 1670 1721 auri
1686 1683 1903 1736 impendant,
1921 1683 2008 1734 quid
2023 1683 2093 1721 sibi
2107 1698 2171 1723 vo-

1174 1745 1253 1782 lunt
1271 1744 1480 1797 hujusmodi
1495 1754 1649 1795 sumtus,
1664 1744 1756 1782 nihil
1771 1743 1871 1781 aliud
1890 1744 2170 1797 respondebunt,

1175 1821 1283 1858 quam
1308 1816 1348 1844 ut
1379 1807 1514 1859 populo
1542 1807 1713 1859 placeant.
1731 1806 1771 1844 Si
1797 1821 1942 1844 rursum
1971 1806 2170 1852 scisciteris‚

1177 1868 1264 1919 quid
1291 1868 1337 1907 sit
1368 1869 1546 1920 populus:
1567 1868 1786 1921 Quidpiam,
1804 1868 1984 1919 inquient,
2010 1868 2172 1906 tumultu

1176 1930 1321 1982 plenum
1336 1938 1370 1967 et
1386 1930 1664 1982 perturbatione,
1677 1945 1722 1968 ex
1737 1930 1944 1983 insipientia
1962 1930 2171 1982 plerumque

1178 1999 1357 2039 constans,
1380 1989 1476 2041 quod
1499 2000 1629 2029 temere
1660 2005 1753 2044 saepe
1784 1992 1879 2029 ultro
1913 1991 2073 2042 citroque
2105 1993 2172 2028 fer-

1177 2061 1259 2103 tur,
1286 2053 1398 2090 instar
1425 2052 1645 2090 marinorum
1677 2053 1873 2101 fluctuum,
1900 2062 1933 2091 et
1960 2067 2078 2091 secum
2106 2067 2171 2104 pu-

1177 2124 1307 2165 gnante
1321 2115 1492 2153 sententia
1517 2115 1728 2167 plerumque
1752 2116 1938 2168 jactatum.
1963 2115 2034 2161 Qui
2066 2114 2174 2152 talem

79 2164 136 2209 03¹¹
155 2187 207 2214 τις
234 2175 386 2209 τοιοῦτον
404 2170 468 2221 ἔχῃ
486 2169 670 2217 δεσπότην,
691 2169 781 2213 τίνος
799 2169 1022 2222 ἐλεεινότερος
1046 2171 1106 2208 Οὗκ
1125 2199 1156 2224 24
1177 2176 1285 2214 hahet
1315 2176 1503 2214 dominum
1516 2206 1527 2226 ,
1557 2190 1628 2228 quo
1664 2190 1732 2215 non
1778 2177 2015 2214 miserabilior
2044 2175 2173 2213 fuerit?

81 2232 96 2245 -ι
154 2231 169 2246 sl
226 2232 235 2245 a
285 2234 296 2243 π
313 2232 322 2248 x
373 2232 380 2243 x
435 2231 442 2245 x
495 2233 504 2245 ³
584 2230 593 2243 l
847 2229 856 2245 x
965 2230 971 2243 ι
1040 2235 1061 2242 ω

80 2248 119 2269 αν
137 2248 212 2279 ειη,
231 2234 331 2270 Αλλα
350 2249 388 2270 το
404 2248 466 2282 μεν
487 2235 685 2284 ανθρωπους
701 2233 883 2282 βιωτικους
897 2246 977 2282 περι
997 2246 1107 2268 ταυτα
1129 2236 1155 2265 Α

79 2294 269 2338 ἐπτοῆσθαι
284 2324 293 2340 ,
311 2295 374 2344 οὐχ
394 2291 484 2331 οὕτω
510 2292 618 2330 δεινόν
635 2307 643 2315 ·
660 2291 788 2344 καίπερ
805 2291 840 2329 ὂν
864 2291 971 2330 δεινόν
985 2307 992 2314 ·
1008 2292 1047 2330 τὸ
1072 2290 1107 2329 δὲ

78 2352 156 2397 τοὺς
173 2357 232 2391 τοῦ
258 2353 390 2404 κόσμου
418 2353 583 2404 λέγοντας
612 2352 925 2399 ἀποπεπηδηκέναι
946 2351 991 2390 τὰ
1020 2351 1108 2390 αὐτὰ

78 2420 202 2462 νοσεῖν,
223 2416 353 2465 μᾶλλον
384 2413 420 2452 δὲ
448 2412 702 2467 χαλεπώτερα,
722 2419 822 2452 τοῦτο
850 2413 1005 2464 μάλιστά
1034 2415 1107 2452 ἐστι

78 2474 118 2513 τὸ
146 2474 264 2513 δεινόν.
284 2474 451 2518 Ἐκείνοις
473 2475 535 2526 μὲν
563 2474 632 2526 γὰρ
653 2475 757 2528 μέχρι
783 2474 977 2528 χρημάτων
996 2479 1018 2522 ἡ
1041 2477 1106 2522 ζη-

81 2534 163 2585 μία·
180 2537 325 2574 ἐνταῦθα
345 2535 380 2573 δὲ
405 2535 509 2588 μέχρι
531 2538 644 2587 ψυχῆς
670 2539 687 2573 ὂ
717 2535 881 2580 κίνδυνος.
903 2535 1018 2574 εὈταν
1039 2536 1108 2589 γὰρ

86 2594 129 2609 *x*
165 2595 217 2609 ΝΠ·

83 2611 140 2633 οια
162 2611 260 2639 οοςαν
279 2596 396 2634 πίστιν
420 2596 612 2646 ἀμείὲωσιν
633 2596 749 2647 ὀρθὴν,
768 2597 828 2634 καὶ
846 2596 903 2634 ἵνα
932 2597 1028 2634 αὐτοὶ
1053 2598 1107 2635 δο-

83 2656 274 2705 ξάζωνται,
290 2657 347 2695 τὸν
368 2657 456 2696 Θεὸν
474 2657 689 2707 ἀτιμάζωσι,
709 2657 787 2695 τίνα
809 2657 1003 2710 ὑπερὸολὴν
1023 2660 1109 2696 δοῦκ

83 2717 122 2755 ἂν
146 2718 220 2770 ἔχοι
252 2718 417 2769 βλακείας
432 2718 491 2756 καὶ
515 2717 640 2769 μανίας
660 2718 699 2756 τὸ
724 2717 924 2770 γινόμενον,
945 2718 1021 2757 εἶπέ
1037 2734 1108 2769 μοι.

83 2779 140 2817 Τὰ
158 2778 220 2830 μὲν
240 2773 296 2817 οῦν
314 2779 404 2817 ἄλλα
423 2779 518 2825 πάθη
530 2810 538 2826 ,
555 2778 618 2816 κᾶν
639 2778 770 2825 πολλὴν
787 2778 850 2824 τὴν
873 2778 1006 2830 βλάὸην
1021 2779 1085 2831 ἔχῃ
1099 2809 1108 2827 ,

83 2840 177 2892 φέρει
207 2845 285 2892 γοῦν
308 2857 386 2878 τινα
416 2839 476 2878 καὶ
504 2839 642 2887 ἡδονὴν,
674 2842 703 2878 εἰ
729 2840 789 2878 καὶ
810 2839 1021 2894 πρόσκαιρον
1050 2840 1110 2878 καὶ

84 2904 263 2954 βραχεῖαν.
284 2902 354 2939 Καὶ
381 2901 448 2954 γὰρ
473 2905 490 2939 ὃ
517 2901 797 2954 φιλοχρήματος,
815 2902 874 2940 καὶ
896 2905 913 2940 ὃ
943 2902 1109 2954 φίλοινος,

82 2961 141 3000 καὶ
169 2966 186 3000 ὁ
209 2962 412 3014 φιλογύνης,
442 2961 560 3014 ἔχουσί
580 2979 658 3000 τινα
679 2962 768 3013 μετὰ
795 2966 857 3009 τῆς
886 2962 1018 3014 βλάὸης
1050 2962 1109 3000 καὶ

53 3054 56 3058 -
81 3026 220 3075 ἡδονὴν,
240 3030 270 3065 εἷ
291 3027 351 3066 καὶ
375 3030 560 3081 βραχεῖαν·
585 3031 615 3066 οἱ
631 3028 666 3067 δὲ
681 3034 740 3067 τοῦ
767 3029 896 3073 πάθους
918 3029 1108 3081 αἰχμάλω-

82 3108 136 3131 τοι
176 3093 317 3142 τούτου,
350 3094 538 3138 διαπαντὸς
573 3094 788 3148 κατάπικρον
822 3097 907 3140 ζῶσι
943 3095 1014 3148 βίον
1050 3096 1109 3135 καὶ

130 3199 147 3222 b
169 3203 291 3241 βαθεῖα·
311 3201 364 3232 διὸ.
389 3198 444 3230 Sic
462 3198 578 3232 Morel.
596 3198 699 3233 Savil.
729 3208 841 3232 autem
870 3203 913 3235 διὸ
940 3201 972 3232 in
989 3211 1094 3244 marg.

88 3248 236 3282 exhibet.

128 3310 144 3325 c
168 3301 269 3334 Savil.
288 3307 333 3336 ἵνα
351 3307 458 3348 ἕτεροι.
475 3301 591 3334 Morel.
616 3307 663 3336 ἵνα
680 3308 739 3347 γὰρ
757 3306 865 3347 ἕτεροι.
886 3301 976 3335 Ibid.
995 3302 1097 3336 Savil.

89 3361 166 3394 post
192 3364 315 3398 συνεχῶς
340 3353 436 3387 addit
459 3358 560 3398 βούλει
588 3360 695 3398 μαθεῖν
724 3359 814 3389 αὑτοῦ
842 3361 896 3393 τὴν
924 3359 1099 3401 τυραννίδας

91 3410 187 3440 ἱκανά..
204 3406 270 3439 Sed
286 3406 368 3447 haee,
385 3410 486 3450 βούλει
505 3412 612 3450 μαθεῖν
628 3411 718 3441 αὐτοῦ
735 3414 787 3447 τὴν
803 3411 971 3454 τυραννίδα,
982 3419 1053 3452 quae
1068 3409 1102 3441 in

1179 2237 1250 2276 Sed
1287 2237 1384 2288 quod
1415 2238 1601 2275 saeculares
1639 2237 1800 2276 homines
1832 2238 1889 2275 1115
1915 2238 2072 2285 inhient,
2104 2250 2173 2273 non

1178 2299 1227 2336 ita
1251 2312 1357 2350 grave
1388 2307 1457 2347 est,
1477 2299 1541 2336 etsi
1567 2312 1675 2350 grave
1703 2313 1824 2337 revera
1850 2299 1893 2336 sit
1910 2297 2029 2349 :quod
2056 2306 2173 2334 autem

1179 2359 1241 2411 qui
1269 2374 1306 2397 se
1327 2359 1461 2397 mundo
1486 2360 1706 2398 renuntiasse
1727 2359 1864 2407 dicunt,
1883 2360 1951 2396 hoc
1977 2358 2102 2395 morbo
2121 2357 2173 2393 la-

1178 2421 1320 2470 borent,
1346 2421 1418 2458 imo
1449 2421 1601 2472 majore,
1626 2420 1663 2458 id
1689 2429 1782 2457 certe
1815 2419 2080 2471 gravissimum.
2096 2418 2174 2455 Illis

1180 2482 1274 2520 enim
1307 2482 1540 2534 pecuniarum
1572 2491 1711 2519 tantum
1739 2489 1789 2518 est
1812 2481 1981 2532 jactura:
2004 2479 2060 2518 his
2090 2493 2174 2518 vero

1179 2541 1305 2580 animae
1320 2542 1530 2593 periculum.
1551 2542 1642 2579 Nam
1663 2554 1744 2578 cum
1767 2540 1888 2591 gloriae
1914 2554 2018 2578 causa
2040 2554 2060 2577 a
2081 2548 2175 2577 recta

1179 2602 1252 2640 fide
1268 2602 1479 2650 desciscunt,
1500 2611 1533 2639 et
1553 2611 1592 2639 ut
1619 2601 1688 2639 sibi
1710 2601 1862 2653 gloriam
1885 2601 2039 2653 pariant,
2057 2603 2174 2639 Deum

1179 2664 1350 2703 dedecore
1365 2664 1538 2713 afficiunt,
1547 2673 1731 2715 quantum,
1742 2677 1874 2714 quaeso,
1882 2663 2048 2715 torporis,
2062 2677 2174 2715 quan-

1180 2735 1258 2764 tum
1278 2726 1422 2764 insaniae
1439 2740 1494 2763 res
1511 2726 1586 2763 haec
1601 2740 1672 2778 prae
1692 2739 1728 2763 se
1743 2726 1836 2763 fert?
1849 2726 1982 2763 Caetera
1997 2740 2104 2777 porro
2119 2725 2174 2764 vi·

1181 2787 1245 2836 tia,
1263 2788 1344 2826 licet
1370 2787 1526 2825 multum
1544 2787 1666 2825 damni
1686 2788 1853 2835 inferant,
1875 2787 2031 2838 aliquam
2050 2788 2174 2825 saltem

1181 2851 1333 2887 afferunt
1353 2849 1586 2902 voluptatem,
1602 2849 1668 2887 etsi
1684 2859 1949 2901 temporaneam
1968 2858 2001 2886 et
2014 2849 2173 2887 brevem.

1181 2914 1277 2951 Nam
1304 2927 1449 2961 avarus,
1470 2912 1644 2961 ebriosus,
1668 2912 1931 2962 mulierumque
1962 2925 2096 2959 amans,
2111 2911 2175 2948 ali-

1182 2988 1289 3026 quam
1308 2973 1440 3012 damno
1459 2973 1672 3022 admixtam,
1691 2973 1752 3012 etsi
1782 2973 1940 3022 brevem,
1954 2973 2174 3024 voluptatem

1181 3035 1313 3073 habent
1329 3051 1337 3072 ι
1353 3035 1416 3087 qui
1432 3044 1550 3073 autem
1566 3035 1634 3073 hoc
1650 3035 1776 3072 morbo
1792 3034 1886 3086 capti
1902 3043 1994 3082 sunt,
2010 3032 2174 3070 acerbam

1180 3110 1318 3149 semper
1337 3105 1370 3135 et
1389 3096 1573 3149 voluptate
1602 3110 1754 3134 vacuam
1781 3103 1893 3146 agunt
1910 3094 2033 3134 vitam.
2053 3094 2176 3143 Neque

1162 3199 1290 3244 aliquot
1301 3202 1380 3232 Mss.
1400 3199 1564 3243 leguntur,
1582 3199 1711 3231 inutilia
1730 3198 1897 3231 videntur.

1208 3253 1225 3277 d
1250 3254 1404 3295 [nl-hm...
1425 3256 1543 3285 συνιδεῖν
1561 3251 1661 3285 Savil.
1694 3253 1727 3283 in
1754 3262 1859 3293 marg.
1875 3249 1988 3282 habet.
2017 3250 2058 3280 In
2086 3256 2175 3280 textu

1166 3316 1244 3338 vero
1261 3316 1335 3336 cum
1350 3303 1435 3336 Cod.
1454 3305 1518 3336 706
1538 3311 1627 3337 ἄκουε
1641 3307 1670 3336 δὲ
1687 3308 1734 3336 καὶ
1752 3313 1809 3336 τῶν
1825 3300 1920 3343 ἐξῇ-,1

1211 3368 1225 3382 ³
1249 3355 1365 3388 Morel.
1383 3360 1436 3398 ⁰32
1460 3360 1517 3394 ἕξοι
1533 3359 1688 3398 βλακείας.
1707 3352 1808 3386 Savil.
1827 3360 1860 3384 et
1876 3349 2013 3394 quidam
2032 3351 2106 3383 Mss.
2127 3354 2176 3384 οὐκ,

1169 3414 1205 3444 ἂν
1221 3414 1282 3452 ἔχοι
1299 3413 1452 3451 βλακείας.
1474 3406 1535 3439 Alii
1552 3418 1617 3439 non
1634 3404 1727 3449 pauci
1744 3409 1793 3439 οὐκ
1811 3411 1845 3438 ἂν
1860 3409 1919 3447 ἔχοι
1937 3407 2064 3447 βὶάέης.
