2481 3678
253 209 342 268 546
691 221 728 250 S.

250 310 317 346 stis
334 308 510 358 spiritum
526 306 735 350 servitutis,
757 303 825 341 scd
839 303 1039 353 accepistis
1056 301 1233 351 spiritum

250 370 479 421 adoptionis.
497 367 587 404 Nam
598 374 733 403 veteres
749 363 803 401 illi
820 377 960 413 quoque
978 361 1153 413 Spiritum
1172 360 1235 396 ha-

250 429 397 475 bebant,
419 427 481 465 sed
501 427 582 465 aliis
596 440 664 463 non
685 424 935 477 impertiebant
955 438 961 458 :
980 421 1131 474 apostoli
1150 435 1235 459 vero

251 491 454 528 {innumeros
476 488 539 526 illo
562 487 787 539 replebant);
810 484 980 535 quoniam
999 483 1111 534 igitur
1138 481 1237 519 illam

253 552 403 604 gratiam
417 549 596 603 accepturi
613 557 711 586 erant
727 546 908 596 (noudum
920 545 1014 583 enim
1030 544 1113 582 data
1126 553 1198 581 erat
1212 548 1236 592 ),

253 614 333 651 ideo
370 613 433 661 ait,
464 612 648 650 Nondum
681 618 765 646 erat
789 609 951 660 Spiritus
981 615 1152 644 sanctus.
1186 606 1238 642 De

252 675 317 713 liae
335 675 443 726 igitur
473 672 583 725 gratia
619 670 836 722 evangelista
868 669 1023 717 dicebat,
1055 669 1239 706 Nondum

252 747 332 775 erut
350 738 511 789 Spiritus
527 743 699 780 sauctus,
724 746 850 784 nempe
876 731 993 779 datus,
1012 733 1107 783 quia
1124 731 1239 767 Jesus

253 800 424 836 nondum
456 806 538 835 erat
571 796 827 848 glorificatus,
868 792 1019 845 gloriam
1057 791 1239 844 appellans

251 873 405 896 crucem.
438 858 533 905 Quia
555 856 649 894 enim
681 853 816 892 inimici
845 868 998 901 eramus,
1030 861 1238 904 peccatores,

251 920 363 971 gratia
385 920 452 957 Dei
471 918 619 971 privati,
638 916 774 956 inimici
800 915 887 963 Dei;
918 914 1031 966 gratia
1056 927 1140 953 vero
1165 922 1239 950 erat

248 980 545 1019 reconciliationis
564 977 756 1026 indicium3
780 976 915 1014 donum
934 984 1052 1012 autem
1071 987 1140 1011 non
1172 972 1238 1010 ini-

248 1042 350 1080 micis
377 1051 410 1079 et
428 1040 576 1094 perosis,
604 1039 667 1077 sed
695 1037 818 1076 amieis
856 1046 889 1073 et
922 1034 1083 1087 probatis
1109 1034 1237 1082 datur3

248 1104 433 1155 oportebat
465 1102 566 1154 prius
587 1114 651 1152 pro
675 1099 777 1135 nobis
799 1096 922 1134 offerri
946 1094 1179 1142 sacrificium,
1206 1104 1239 1131 et.
1261 1097 1283 1126 B

248 1163 474 1200 inimicitiam
491 1162 526 1198 in
545 1174 648 1198 carue
667 1158 773 1203 solvi,
794 1171 930 1207 nosque
950 1156 1018 1194 Dei
1037 1156 1170 1193 amieos
1189 1154 1238 1192 ef-

249 1223 319 1269 fici,
338 1233 370 1261 et
386 1233 468 1260 tunc
486 1222 620 1260 donum
641 1220 811 1272 accipere.
833 1219 924 1257 Nam
944 1217 973 1255 si
1002 1216 1070 1254 hoc
1099 1216 1137 1254 in
1156 1230 1239 1268 pro-

249 1285 414 1323 missione
438 1284 589 1321 Abrabae
605 1283 738 1319 factum
757 1290 822 1330 est,
840 1279 953 1318 multo
974 1277 1088 1330 magis
1110 1277 1145 1315 in
1162 1291 1240 1329 gra-

56 1347 309 1399 1:0111.4.14.tia.
334 1346 381 1384 Et
396 1347 464 1383 hoc
486 1345 643 1383 declarat
658 1342 790 1380 Paulus
809 1341 867 1378 his
888 1340 1004 1378 verbis
1023 1355 1030 1376 ε
1051 1339 1091 1377 Si
1117 1341 1235 1385 enim,

59 1410 102 1431 11).

251 1410 319 1460 (sui
334 1422 381 1445 ea·
399 1408 492 1459 lege,
514 1406 682 1443 haeredes
699 1411 803 1449 sunt,
822 1402 1028 1439 exinanita
1043 1407 1103 1437 est
1106 1399 1213 1451 fides
1226 1415 1236 1435 :

251 1471 313 1507 let·
330 1472 431 1507 enim
449 1471 547 1506 iram
565 1474 745 1519 operatur
751 1481 765 1510 ,-
787 1464 856 1501 hoe
869 1472 931 1513 est,
948 1460 1117 1499 Promisit
1142 1462 1240 1498 Deus

250 1531 402 1569 Abrahae
422 1539 455 1568 et
473 1528 596 1567 semini
614 1529 689 1580 ejus
704 1526 873 1564 daturum
890 1539 925 1562 se
942 1533 1092 1561 terram:
1106 1521 1168 1559 sed
1182 1536 1241 1560 ne-

249 1602 348 1644 potes
373 1593 448 1643 ejus
475 1589 711 1643 promissione
740 1588 801 1625 illa
832 1585 971 1637 indigni
998 1585 1110 1629 fuere,
1142 1592 1175 1620 et
1194 1598 1239 1621 ex

249 1652 405 1705 propriis
421 1651 603 1689 laboribus
620 1650 757 1702 placere
768 1661 837 1686 non
854 1653 1059 1699 potuerunt.
1075 1643 1240 1696 Propter—

250 1728 288 1751 ea
308 1713 452 1751 intravit
469 1711 570 1757 fides,
585 1725 640 1748 res
662 1709 790 1759 facilis,
808 1718 847 1745 ut
868 1706 1019 1759 gratiam
1033 1706 1239 1754 attraheret,

58 1788 135 1815 Ital.
149 1797 175 1815 v.
193 1785 282 1817 16.et
301 1775 473 1827 promissa
492 1788 561 1812 non
581 1771 797 1810 exciderent.
817 1770 878 1819 Et,
895 1771 988 1807 Ideo
1005 1769 1159 1821 cxfide,
1183 1767 1239 1805 di-

251 1837 311 1886 cit,
335 1846 376 1874 ut
394 1837 605 1874 secundum
619 1836 789 1886 gratiam
805 1834 867 1879 sit,
903 1840 1019 1883 utque
1034 1831 1239 1882 promissio

249 1898 367 1949 firma
385 1900 447 1935 sit.
475 1896 558 1934 Ideo
572 1895 788 1934 Secundum
809 1895 994 1945 gratiam,
1022 1891 1105 1942 quia
1126 1890 1164 1928 id
1190 1890 1240 1927 la·
1261 1895 1284 1925 C

253 1959 336 1996 bore
351 1957 549 2007 sudoreque
567 1970 629 1993 suo
645 1969 712 1993 non
728 1963 903 2007 poterant.
926 1954 999 1990 Cur
1017 1961 1135 1990 autem
1159 1965 1241 1989 cum

250 2019 412 2068 dixisset,
427 2017 632 2057 Secundum
657 2016 873 2067 Scripturas,
894 2028 964 2052 non
991 2013 1116 2066 adjicit
1146 2011 1241 2050 testi-

252 2080 438 2117 numium?
459 2079 553 2125 Quia
577 2086 743 2129 corrupta
768 2076 914 2113 illorum
945 2074 1117 2112 sententia
1152 2081 1237 2111 erat.

251 2143 314 2178 40.
333 2141 422 2178 Alii
437 2143 539 2178 cuim
553 2140 746 2183 dicebant,
772 2139 848 2174 Hic
867 2144 922 2173 est
941 2136 1010 2172 ille
1027 2136 1240 2186 proplieta5

253 2205 317 2240 41.
339 2203 410 2239 alii
430 2203 623 2246 dicebant,
654 2200 807 2238 Seducit
834 2199 1016 2237 turbam5
1037 2197 1121 2241 alii,
1153 2196 1241 2232 Non

254 2279 300 2301 (w
318 2264 488 2301 Galilaea
504 2264 611 2300 veuit
629 2262 820 2306 Christus,
838 2259 902 2297 42.
923 2258 991 2296 sed
1014 2271 1061 2294 cx
1087 2256 1242 2294 Bethle-

255 2326 341 2362 hem
357 2327 469 2368 vico,-
487 2323 558 2360 alii
587 2323 781 2366 dicebant,
814 2321 990 2358 Christus
1015 2332 1103 2356 cum
1127 2332 1244 2355 vene-

255 2389 318 2434 rit,
337 2399 446 2423 nemo
462 2387 534 2422 scit
553 2384 655 2421 unde
670 2385 738 2421 sit}
762 2391 796 2419 et
813 2380 963 2419 diversae
988 2388 1086 2417 erant
1105 2378 1244 2431 opinio-

256 2462 327 2497 nes,
348 2457 386 2485 ut
408 2447 442 2485 in
461 2446 566 2484 turba
586 2445 740 2483 confusa.
754 2444 876 2494 Neque
896 2442 992 2480 enim
1014 2440 1121 2478 dietis
1136 2439 1242 2477 adhi-

255 2509 385 2546 bebant
403 2507 577 2556 animum,
594 2519 707 2556 neque
725 2503 885 2543 discendi
901 2503 1022 2556 cupidi
1040 2510 1148 2540 erant.
1163 2501 1247 2539 Ideo
1269 2503 1292 2531 l)

256 2569 314 2606 liis
337 2569 428 2606 nihil
449 2567 651 2620 respondet,
681 2567 744 2605 etsi
773 2565 940 2614 dicerent,
968 2563 1172 2616 Numquid
1200 2577 1247 2600 ex

263 2630 435 2668 Galiloea
454 2631 629 2668 Christus
661 2631 763 2667 venit
775 2633 791 2665 Ξ)
810 2626 1068 2666 Nathanaelem
1086 2638 1172 2664 vero
1192 2638 1248 2664 ve-

260 2692 457 2730 hementius
488 2699 520 2728 et
554 2690 712 2742 asperius
736 2689 925 2739 dicentem,
960 2689 1025 2726 Ea*
1049 2686 1250 2725 Nazareth

259 2761 382 2806 potest
398 2753 551 2804 aliquid
572 2753 662 2789 boui
677 2754 806 2789 crire?
826 2749 988 2789 laudavit
1005 2758 1042 2787 ut
1061 2762 1142 2787 vere
1157 2749 1251 2785 Isra-

262 2817 396 2854 elitam.
423 2815 466 2851 lli
489 2814 582 2851 euim
601 2822 633 2851 et
655 2814 718 2864 qui
734 2812 928 2851 Nicodemo
948 2811 1125 2859 dicebant,
1140 2811 1251 2848 Scru-

265 2888 348 2917 tare
361 2886 397 2916 et
410 2877 516 2922 vide,
533 2878 625 2927 quia
639 2889 686 2912 ex
706 2876 876 2913 Galiloea
889 2889 965 2912 non
981 2874 1146 2912 surrevit
1160 2885 1250 2923 pro-

266 2941 398 2991 pheta,
418 2951 486 2976 non
506 2934 665 2973 discendi
683 2950 785 2972 causa
811 2935 992 2985 dicebant,
1021 2933 1082 2971 sed
1100 2941 1140 2970 ut
1171 2932 1250 2984 opi-

270 3001 410 3039 nionem
425 2998 468 3036 (le
488 2997 628 3035 Christo
644 2996 836 3048 rejicerent.
856 2996 923 3033 Ille
937 3009 1035 3045 vero,
1058 3002 1178 3046 utpote
1193 3007 1252 3031 ve-

270 3061 384 3099 ritatis
404 3073 537 3108 amans,
557 3057 617 3109 qui
644 3066 761 3095 vetera
790 3056 906 3093 omnia
933 3064 1094 3093 accurate
1124 3062 1251 3103 nosset,

271 3123 338 3161 hoe
359 3122 499 3160 dicebat
518 3136 525 3157 τ
544 3120 597 3157 illi
619 3128 736 3156 autem
759 3131 871 3155 unum
891 3118 1005 3155 solum
1031 3116 1250 3168 spectabant,

272 3194 311 3223 ut
331 3185 530 3223 evincerent
550 3182 666 3234 ipsum
689 3194 758 3218 non
774 3193 847 3217 esse
869 3179 1063 3216 Christum.
1085 3178 1250 3229 Quapro-
1276 3186 1297 3215 Ε

274 3257 350 3298 pter
370 3246 456 3299 ipsis
472 3244 562 3283 nihil
581 3242 762 3282 revelavit.
786 3241 857 3287 Qui
878 3240 972 3279 enim
996 3240 1169 3279 contraria
1196 3237 1244 3274 lo-

318 3371 333 3386 *
351 3371 433 3411 [ἐπεὶ
450 3371 497 3404 οὖν
514 3374 528 3403 'o
545 3372 640 3413 κύριος
656 3371 723 3411 περὶ
745 3382 774 3401 τ.
807 3371 883 3409 λέγει
899 3374 951 3404 τῆς
965 3369 1133 3411 χάριτος,”ο
1150 3370 1190 3400 23.
1212 3370 1275 3399 ε”λ-τ-

279 3439 323 3466 γςν
351 3421 494 3455 suxit...
515 3425 529 3455 ὅ
549 3424 681 3466 νύριος...
702 3424 832 3462 λέγων...
861 3417 945 3452 Cod.
965 3420 1028 3450 705
1060 3418 1147 3450 Alter
1167 3418 1250 3451 Cod,
1266 3446 1272 3456 ,

767 219 952 250 JOANMS
988 216 1231 248 CHRYSOST.
1265 215 1468 244 ,Uictumu
1507 213 1870 243 CONSTANTINOP-

1302 306 1377 343 ἀλλ’
1401 304 1543 343 ἐλάὸετε
1572 309 1708 353 πνεῦμα
1730 303 1911 346 υἱοθεσίας.
1942 304 2012 342 Καὶ
2034 303 2102 356 γὰρ
2122 305 2152 341 οἱ
2186 303 2328 341 παλαιοὶ

1302 365 1361 403 καὶ
1381 365 1477 403 αὐτοὶ
1494 363 1556 415 μὲν
1573 367 1712 414 πνεῦμα
1742 358 1847 416 εἶχον,
1873 364 1990 407 ἄλλοις
2019 363 2054 401 δὲ
2078 366 2115 402 οὐ
2134 369 2301 416 παρεῖχον
2324 379 2330 385 ·

1304 429 1334 465 οἳ
1357 425 1391 464 δὲ
1409 426 1595 464 ἀπόστολοι
1613 424 1782 477 μυριάδας
1797 425 1989 473 ἐνέπλησαν
2001 429 2011 473 >
2023 441 2030 448 ·
2043 424 2162 472 ἐπειδὴ
2177 420 2234 463 οὖν
2248 425 2331 463 ταύ-

1302 503 1365 534 την
1376 485 1518 538 ἔμελλον
1535 486 1727 538 λαμὸάνειν
1739 485 1803 532 τὴν
1817 485 1933 540 χάριν,
1949 486 2045 524 οὔπω
2061 485 2096 524 δὲ
2117 480 2158 532 ἦν
2181 488 2331 531 δοθεῖσα,

1304 547 1360 586 διὰ
1379 547 1477 587 τοῦτό
1497 564 1618 600 φησιν·
1636 547 1748 586 Οὔπω
1768 546 1836 598 γὰρ
1852 542 1893 594 ἦν
1913 549 2060 598 Πνεῦμα
2075 547 2184 599 ἅγιον.
2200 546 2330 585 *Ἐπεὶ

1304 603 1361 647 οῧν
1382 608 1462 661 περὶ
1486 608 1613 655 ταύτης
1639 608 1748 658 λέγων
1776 611 1839 655 τῆς
1866 607 2008 661 χάριτος
2040 611 2058 646 ὃ
2088 606 2332 659 εὖαγγελιστὴς

1304 670 1438 723 ἔλεγεν·
1460 669 1572 708 Οὔπω
1592 669 1658 722 γὰρ
1682 664 1723 716 ἦν
1740 671 1886 721 Πνεῦμα
1902 670 2012 720 ἅγιον,
2032 669 2207 716 τουτέστι,
2224 667 2333 715 δοθὲν,

1306 732 1380 771 ἐπεὶ
1394 732 1527 779 Ἰησοῦς
1542 730 1677 770 οὐδέπω
1697 731 1862 777 ἐδοξάσθη
1875 761 1884 778 ,
1908 730 2006 775 δόξαν
2026 732 2141 768 καλῶν
2155 730 2213 768 τὸν
2229 745 2333 768 σταυ-

1308 793 1377 845 ρόν.
1403 793 1549 839 Ἐπειδὴ
1577 792 1645 845 γὰρ
1671 791 1788 844 ἐχθροὶ
1810 785 1898 843 ἦμεν
1919 791 1978 829 καὶ
2008 790 2251 844 ἡμαρτηκότες
2273 790 2332 828 καὶ

1306 854 1549 909 ὑστερούμενοι
1565 858 1626 901 τῆς
1653 856 1784 905 δωρεᾶς
1812 857 1871 891 τοῦ
1899 856 2012 903 Θεοῦ,
2039 853 2099 892 καὶ
2121 857 2332 904 θεοστυγεῖς·

1306 921 1327 964 ἡ
1347 917 1382 955 δὲ
1405 916 1507 969 χάρις
1525 917 1749 967 καταλλαγῆς
1766 910 1807 962 ἦν
1826 915 2015 959 ἀπόδειξις·
2034 917 2140 968 δῶρον
2161 913 2196 952 δὲ
2211 916 2249 952 οὓ
2263 919 2334 956 τοῖς

1307 980 1459 1031 ἐχθροῖς,
1480 976 1555 1016 οὐδὲ
1577 983 1648 1020 τοῖς
1670 976 1912 1028 μισουμένοις,
1935 976 2024 1015 ἀλλὰ
2048 981 2118 1019 τοῖς
2138 975 2248 1028 φίλοις
2277 975 2332 1013 δί-·

1307 1041 1416 1087 δοται,
1433 1039 1493 1077 καὶ
1521 1045 1591 1082 τοῖς
1620 1038 1904 1089 εὐηρεστηκόσιν·
1934 1039 2002 1077 ἔδει
2028 1037 2194 1091 πρότερον
2218 1052 2332 1089 προσ-

1306 1103 1488 1151 ενεχθῆναι
1512 1099 1576 1146 τὴν
1602 1099 1690 1152 ὑπὲρ
1723 1102 1824 1149 ἡμῶν
1854 1099 1994 1147 θυσίαν,
2027 1099 2086 1137 καὶ
2116 1098 2179 1146 τὴν
2208 1098 2333 1151 ἔχθραν

1306 1163 1341 1198 ἐν
1373 1164 1415 1210 τῇ
1452 1160 1555 1212 σαρκὶ
1583 1162 1843 1208 καταλυθῆναι,
1877 1160 1937 1198 καὶ
1967 1160 2127 1211 γενέσθαι
2153 1165 2212 1198 τοῦ
2243 1163 2334 1199 Θεοῦ

1306 1221 1439 1274 φίλους,
1464 1221 1523 1259 καὶ
1541 1221 1619 1259 τότε
1639 1221 1760 1258 λαὸεῖν
1788 1220 1851 1266 τὴν
1868 1221 2015 1272 δωρεάν.
2039 1222 2083 1259 Εἰ
2109 1220 2177 1273 γὰρ
2201 1221 2257 1258 ἐπὶ
2272 1223 2334 1266 τῆς

1312 1283 1520 1335 ἐπαγγελίας
1546 1286 1647 1321 τοῦτο
1679 1282 1798 1334 γέγονε
1831 1285 1894 1328 τῆς
1915 1283 2000 1336 πρὸς
2019 1282 2194 1334 Ἀδραὰμ,
2216 1284 2334 1333 πολλῷ

1316 1348 1447 1397 μᾶλλον
1477 1345 1534 1384 ἐπὶ
1554 1348 1616 1392 τῆς
1634 1345 1789 1397 χάριτος.
1818 1344 1888 1383 Καὶ
1906 1349 2005 1383 τοῦτο
2026 1345 2138 1391 δηλῶν
2158 1348 2175 1383 ὃ
2197 1346 2336 1388 Παῦλος

1306 1407 1438 1458 ἔλεγεν·
1472 1408 1515 1444 Εἰ
1545 1406 1612 1459 γὰρ
1647 1407 1686 1443 ἐκ
1719 1405 1824 1456 νόμου
1847 1405 2079 1458 κληρονόμοι,
2101 1405 2333 1451 κεκένωταιῆ

1305 1467 1438 1512 πίστις·
1455 1472 1472 1506 ὁ
1488 1468 1555 1520 γὰρ
1576 1469 1680 1519 νόμος
1705 1466 1809 1521 ὀργὴν
1830 1467 2090 1520 κατεργάζεται.
2110 1465 2159 1505 “Ὸ
2180 1465 2214 1505 δὲ
2228 1467 2335 1518 λέγει,

1306 1529 1456 1568 τοιοῦτόν
1475 1532 1587 1567 ἐστιν·
1623 1528 1858 1581 ἐπηγγείλατο
1878 1531 1895 1565 ὃ
1920 1528 2009 1572 Θεὸς
2029 1531 2079 1580 τῷ
2100 1527 2260 1579 Ἀδραὰμ
2276 1528 2334 1566 καὶ

1305 1593 1356 1643 τῷ
1391 1590 1570 1642 σπέρματι
1598 1591 1701 1627 αὐτοῦ
1734 1588 1855 1627 δώσειν
1884 1588 1946 1636 τὴν
1978 1591 2061 1640 γῆν·
2096 1590 2172 1626 ἀλλ’
2203 1587 2335 1631 ἀνάξιοι

1306 1646 1395 1698 ἦσαν
1417 1655 1480 1698 τ’ῆς
1511 1650 1720 1703 ἐπαγγελίας
1741 1653 1771 1689 οἱ
1800 1649 1954 1702 ἔκγονοι,
1982 1649 2040 1687 καὶ
2062 1648 2096 1693 ἐξ
2118 1649 2253 1687 οἰκείων
2274 1650 2336 1687 οὐκ

1307 1713 1478 1758 ἠδύναντο
1502 1715 1733 1764 εὐαρεστῆσαι
1759 1711 1885 1750 πόνων.
1912 1711 1980 1750 Διὰ
2006 1714 2106 1749 τοῦτο
2129 1712 2284 1756 εἰσῆλθεν
2312 1713 2333 1756 ἡ

1305 1773 1440 1822 πίστις,
1456 1781 1605 1827 πρᾶγμα
1621 1773 1758 1812 εὔκολον
1768 1804 1777 1822 ,
1797 1772 1853 1811 ἵνα
1871 1772 1934 1820 τὴν
1949 1773 2051 1826 χάριν
2078 1772 2334 1819 ἐπισπάσηται,

1306 1834 1437 1886 καὶμὴ
1469 1835 1679 1874 διαπέσωσιν
1714 1835 1749 1872 αἱ
1776 1833 1992 1886 ἐπαγγελίαι.
2024 1832 2096 1872 Καὶ
2125 1832 2237 1885 λέγει·
2268 1833 2337 1872 Διὰ

1306 1902 1404 1935 τοῦτο
1429 1899 1468 1934 ἐκ
1487 1896 1655 1942 πίστεως,
1686 1895 1741 1933 ἵνα
1763 1894 1853 1933 κατὰ
1884 1894 2000 1947 χάριν,
2024 1896 2070 1938 εἷς
2097 1894 2135 1933 τὸ
2164 1888 2251 1932 εἶναι
2280 1895 2336 1945 βε-

1307 1957 1408 1995 &octav
1430 1957 1492 2004 τὴν
1513 1956 1734 2009 ἐπαγγελίαν.
1755 1956 1822 1994 Διὰ
1843 1961 1942 1995 τοῦτο
1966 1955 2066 1994 Κατὰ
2081 1955 2198 2008 χάριν,
2218 1953 2335 2000 ἐπειδὴ

1309 2020 1341 2064 ἐξ
1362 2019 1517 2072 ἱδρώτων
1535 2020 1596 2057 οὐκ
1618 2019 1777 2070 ἴσχυσαν.
1799 2018 1903 2061 Τίνος
1919 2017 1954 2056 δὲ
1974 2017 2086 2056 ἕνεκεν
2109 2016 2227 2064 εἰπὼν,
2246 2015 2338 2054 κατὰ

1308 2082 1368 2125 τὰς
1398 2080 1558 2134 Γραφὰς,
1585 2083 1646 2119 οὐκ
1677 2080 1800 2131 ἐπάγει
1831 2079 1890 2118 καὶ
1924 2078 1983 2126 τὴν
2023 2078 2233 2131 μαρτυρίαν,
2252 2075 2338 2115 ςὈτι

1309 2141 1540 2195 διεφθαρμένη
1566 2144 1677 2179 αὐτῶν
1697 2144 1718 2187 ἡ
1748 2141 1871 2193 γνώμη
1892 2135 1946 2187 ἦν.
1966 2142 2012 2179 Οἱ
2034 2140 2096 2191 μὲν
2111 2138 2178 2192 γὰρ
2200 2138 2336 2190 ἔλεγον·

1309 2198 1421 2246 Οὗτός
1442 2205 1532 2240 ἐστιν
1550 2206 1567 2240 ὁ
1584 2203 1782 2256 προφήτης·
1802 2202 1902 2240 ἄλλοι
1929 2200 1964 2239 δὲ
1991 2200 2120 2251 ἔλεγον,
2136 2200 2188 2238 ὅτι
2215 2202 2333 2251 πλανᾷ

1310 2265 1367 2303 τὸν
1399 2264 1522 2316 ὄχλον·
1556 2264 1655 2302 ἄλλοι
1685 2263 1720 2302 δὲ
1750 2264 1879 2315 ἔλεγον,
1909 2265 1969 2301 οὐκ
1991 2265 2029 2300 ἐκ
2065 2265 2127 2308 τῆς
2150 2261 2340 2304 Γαλιλαίας

1313 2326 1455 2380 ἔρχεται
1471 2329 1488 2364 ὃ
1506 2326 1656 2379 Χριστὸς
1672 2356 1679 2369 ,
1701 2325 1790 2363 ἀλλὰ
1826 2325 1895 2362 ἀπὸ
1928 2323 2090 2375 Βηθλεὲμ
2113 2327 2175 2370 τῆς
2197 2322 2338 2373 κώμης·

1312 2389 1411 2426 ἄλλοι
1433 2387 1468 2426 δὲ
1487 2386 1616 2438 ἔλεγον,
1644 2390 1662 2424 ὃ
1700 2385 1848 2439 Χριστὸς
1866 2385 1947 2424 ὅταν
1969 2386 2132 2438 ἔρχηται,
2157 2385 2263 2429 οὐδεὶς
2281 2401 2339 2435 γι-

1313 2448 1439 2487 νώσκει
1470 2448 1573 2487 πόθεν
1605 2447 1695 2486 ἐστί·
1731 2447 1790 2485 καὶ
1822 2447 1981 2498 διάφορος
2001 2443 2041 2494 ἦν
2071 2450 2092 2493 ἡ
2113 2446 2258 2497 γνώμη,
2281 2447 2341 2483 ἅτε

1314 2513 1373 2548 ἔὶέν
1389 2510 1513 2557 πλήθει
1543 2508 1802 2562 τεταραγμένῳ,
1830 2507 1920 2546 Οὐδὲ
1939 2508 2005 2560 γὰρ
2031 2508 2184 2561 ἀκριὸῶς
2205 2513 2342 2560 προσ-εὶ·

1315 2585 1376 2624 χον
1398 2576 1468 2614 τοῖς
1498 2570 1714 2622 λεγομένοις,
1737 2569 1813 2608 οὐδὲ
1843 2575 1902 2608 τοῦ
1924 2571 2044 2621 μαθεῖν
2064 2569 2190 2607 ἕνεκεν,
2208 2568 2277 2607 Διὰ
2300 2567 2340 2614 δὴ

1315 2637 1416 2671 τοῦτο
1436 2632 1567 2675 τούτοις
1587 2631 1647 2683 μὲν
1674 2631 1768 2670 οὐδὲν
1789 2631 2031 2684 ἀποκρίνεται,
2051 2631 2165 2670 καίτοι
2184 2631 2341 2682 λέγουσι·

1318 2695 1379 2741 Μὴ
1404 2698 1441 2733 ἐκ
1465 2698 1526 2741 τῆς
1553 2692 1743 2736 Γαλιλαίας
1758 2697 1775 2731 ὁ
1790 2693 1939 2745 Χριστὸς
1954 2693 2113 2746 ἔρχεται3
2130 2693 2188 2731 τὸν
2211 2693 2246 2732 δὲ
2269 2695 2343 2732 Να-

1319 2755 1453 2802 θαναὴλ
1478 2753 1703 2807 σφοδρότερον
1722 2753 1863 2792 εἰπόντα
1879 2753 1938 2791 καὶ
1962 2753 2256 2806 πληκτικώτερον,
2276 2754 2341 2792 Ἕκ

1318 2817 1481 2869 Ναζαρὲτ
1503 2815 1645 2854 δύναταί
1660 2831 1694 2852 τι
1722 2814 1848 2866 ἀγαθὸν
1875 2808 1981 2863 εἶναι,
2005 2814 2169 2865 ἐπῄνεσεν
2187 2817 2232 2857 ὡς
2255 2816 2345 2861 ἀλη-

1319 2881 1384 2920 θῶς
1402 2875 1635 2930 Ἰσραηλίτην.
1658 2869 1765 2914 Οὗτοι
1787 2874 1847 2925 μὲν
1867 2875 1934 2927 γὰρ
1956 2875 2015 2913 καὶ
2037 2878 2068 2914 οἱ
2091 2876 2176 2928 πρὸς
2194 2876 2251 2913 τὸν
2274 2878 2344 2914 Νι-

1318 2938 1468 2989 κόδημον
1488 2937 1639 2980 εἰπόντες
1652 2968 1661 2985 ,
1679 2936 1888 2988 Ἐρεύνησον
1912 2936 1970 2973 καὶ
1988 2936 2055 2983 ἴδε,
2076 2936 2128 2974 ὅτι
2144 2938 2183 2975 ἐκ
2199 2940 2260 2983 τῆς
2282 2939 2346 2976 Γα-

1318 2998 1455 3042 λιλαίας
1475 2998 1654 3052 προφήτης
1668 3000 1728 3036 οὐκ
1749 2997 1957 3050 ἐγήγερται,
1972 2998 2008 3035 οὐ
2027 3001 2147 3048 μαθεῖν
2168 2999 2345 3045 ζητοῦντες

1322 3059 1452 3112 ἔλεγον,
1473 3060 1548 3097 ἀλλ’
1567 3059 1684 3102 ἁπλῶς
1709 3058 1898 3110 ἀνατρέψαι
1930 3058 1993 3104 τὴν
2015 3058 2095 3110 περὶ
2116 3063 2175 3097 τοῦ
2195 3060 2346 3110 Χριστοῦ

1324 3120 1435 3165 δόξαν.
1455 3120 1608 3162 Ἐκεῖνος
1638 3118 1672 3157 δὲ
1704 3118 1866 3164 ἀληθείας
1882 3118 1929 3156 ὢν
1951 3118 2116 3170 ἐραστὴς,
2136 3118 2196 3156 καὶ
2214 3117 2258 3156 τὰ
2277 3133 2345 3155 πα-

1322 3181 1406 3220 λαιὰ
1423 3181 1575 3234 ἀκριὸῶς
1593 3180 1708 3219 πάντα
1730 3181 1977 3231 ἐπιστάμενος,
2006 3185 2106 3218 τοῦτο
2133 3179 2264 3231 ἔλεγεν·
2290 3181 2347 3217 αὖ·

1322 3243 1375 3281 τοὶ
1398 3243 1434 3281 δὲ
1454 3242 1539 3295 πρὸς
1560 3241 1594 3280 ἓν
1618 3241 1718 3294 μόνον
1734 3240 1863 3293 ἑώρων,
1882 3242 1921 3280 τὸ
1938 3241 2130 3293 ἀνατρέψαι
2146 3240 2199 3279 ὅτι
2223 3244 2240 3279 ὃ
2259 3242 2344 3292 Χρι-

1342 3374 1377 3399 ut
1390 3365 1523 3407 Montf.,
1542 3365 1687 3408 vitiose]

1386 3430 1398 3443 ἢ
1425 3418 1537 3451 Morel.
1558 3423 1585 3453 ἐν
1602 3423 1705 3457 πλήθει
1721 3423 1764 3460 μὴ
1779 3422 1961 3459 τεταγμένῳ.
