2481 3678
276 191 366 236 338

697 208 736 238 S.
773 208 961 238 JOANMS
996 207 1240 238 CHRYSOST.
1283 208 1486 240 ARCHIEP.
1531 210 1889 242 CONSTANTINOP.

73 303 228 340 scripturis
270 297 340 339 est,
359 298 441 327 sunt
459 288 553 327 enim
569 288 725 342 Spiritus
751 289 862 328 sancti
887 289 996 328 dicta.
1016 289 1260 338 Quamobrem
1282 294 1306 324 E
1332 306 1416 341 ματι
1431 290 1499 344 γὰρ
1515 291 1696 346 εἰρημέναι
1717 292 1801 333 εἷσὶν
1818 293 1917 347 ἁγίῳ.
1939 295 2001 333 Διὸ
2017 294 2131 334 πάντα
2152 295 2240 346 μετὰ
2255 298 2353 349 ἅκρκ.

72 346 145 371 nituit
169 351 260 373 teme-

75 396 103 411 rt·
121 388 258 423 positum.

63 2196 150 2225 Jotm.
162 2205 248 2236 929.

271 349 389 387 omnia
407 360 570 389 accurate
598 350 853 402 disquiramus.
877 351 932 388 Ab
951 364 1021 389 una
1046 350 1179 403 quippe
1202 349 1259 387 di-

271 410 386 449 ctione
404 419 518 448 totum
537 426 629 464 saepe
641 425 781 450 sensum
794 411 984 461 discimus,
994 421 1034 449 ut
1043 412 1149 449 etiam
1164 424 1258 449 nunc

273 471 456 523 contingit.
479 473 599 510 Multi
614 475 715 509 enim
731 486 778 510 ex
793 473 1135 521 Jerosolymitanis
1152 475 1254 513 dice-

273 536 364 571 bant
384 549 394 569 :
415 534 504 570 Non
529 535 592 571 hic
606 542 661 571 est
678 547 790 585 quem
806 542 982 587 quaerunt
1012 536 1225 587 interficere
1240 541 1256 574 Ρ

271 596 307 633 E
312 604 325 633 t
341 609 426 633 ecce
438 595 573 646 palam
591 595 777 647 loquitur,
796 604 833 633 et
849 596 952 634 nihil
965 599 999 634 ei
1016 597 1163 635 dieunt.
1183 598 1257 636 Cur

270 655 559 708 set-osolymitani
579 657 845 695 memorantur?
862 657 1028 696 Ostendit
1042 658 1257 710 evangelista

1330 351 1426 395 ὃείας
1455 351 1677 404 ἐξετάζωμεν.
1695 354 1766 392 Καὶ
1786 353 1854 407 γὰρ
1877 355 1946 394 ἀπὸ
1963 361 2045 406 μιᾶς
2063 355 2186 400 λέξεως
2219 356 2350 395 ἔνεστιν

1327 413 1514 467 ὁλόκληρον
1535 417 1645 467 εὑρεῖν
1661 418 1750 463 νοῦν,
1765 409 1834 454 οἷον
1854 415 1894 464 δὴ
1910 416 1969 454 καὶ
1990 421 2046 455 νῦν
2068 420 2152 467 ἡμῖν
2174 419 2248 455 ἐστι
2263 433 2351 469 προ-

1326 474 1495 526 κείμενον.
1511 476 1642 515 Πολλοὶ
1662 475 1729 529 γὰρ
1752 478 1791 514 ἐκ
1810 479 1878 515 τῶν
1902 476 2188 530 Ἱεροσολυμιτῶν
2215 478 2330 530 ἔλεγον
2343 496 2351 503 ·

1326 539 1390 589 οὐχ
1424 531 1521 581 οὗτός
1548 540 1640 576 ἐστιν
1676 536 1712 575 ὃν
1745 539 1903 584 ζητοῦσιν
1935 541 2156 586 ἀποκτεῖναι;
2186 538 2257 577 Καὶ
2299 539 2350 577 ἴδε

1324 598 1504 651 παρρησίᾳ
1530 601 1651 646 λαλεῖ,
1676 599 1736 637 καὶ
1757 597 1851 637 οὐδὲν
1872 601 1965 651 αὐτῷ
1985 600 2134 652 λέγουσι.
2150 600 2198 639 Τί
2223 600 2351 647 δήποτε

1326 661 1545 714 πρόσκειται,
1555 660 1953 713 ΤῶνἹεροσολυμιτῶν;
1972 660 2152 700 Δείκνυσιν
2175 664 2193 700 ὃ
2209 663 2351 714 εὐαγγε-

272 731 328 754 eos
344 716 512 766 maxime,
528 717 588 768 qui
604 726 654 756 tot
669 717 778 769 signis
788 717 925 770 dignati
936 720 1086 768 fuerant,
1097 720 1257 758 omnium
1269 737 1315 762 294
1326 721 1466 768 λιστὴς,
1483 720 1535 760 ὅτι
1555 724 1586 761 οἱ
1606 721 1758 773 μάλιστα
1778 723 1856 780 τῶνω
1879 720 2038 773 μεγάλων
2074 722 2352 766 ἀπολελαυκότες

272 777 487 816 miserrimos
501 793 592 829 esse,
611 779 768 830 quicum
780 779 980 819 divinitatis
993 781 1104 833 ipsius
1115 781 1258 831 signum
1281 775 1306 804 Α
1329 779 1497 830 σημείων,
1535 773 1628 818 οὗτοι
1665 780 1804 818 πάντων
1834 782 1923 825 ἦσαν
1959 779 2197 832 ἐλεεινότεροι,
2230 779 2263 818 οἳ
2288 784 2366 827 τ’ἧς

270 839 469 877 maximum
486 839 680 887 vidissent,
712 849 825 878 totum
852 851 1100 895 corruptorum
1126 844 1260 897 prinei-

273 900 501 954 pumjudieio
514 901 752 940 remittebant.
770 904 894 940 Annon
907 904 1106 943 maximum
1117 905 1259 957 signum

270 972 365 1012 erat,
396 963 491 1013 quod
521 964 691 1012 furentes,
717 963 849 1001 eaedcm
875 964 1068 1016 spirantes,
1104 967 1257 1005 circum-

269 1034 465 1072 cursantes,
480 1034 586 1075 atque
602 1025 797 1063 interficere
812 1035 1023 1075 quaerentes,
1041 1041 1122 1064 cum
1139 1027 1257 1079 ipsum

271 1100 342 1136 prse
372 1085 535 1123 manibus
565 1093 737 1132 tenerent,
765 1084 885 1122 statim
906 1085 1146 1135 quiescerent?
1177 1089 1257 1138 quis

272 1146 335 1181 hoc
352 1145 511 1182 fecisset?
538 1145 617 1195 quis
646 1154 784 1182 tantum
808 1146 963 1183 furorem
994 1146 1044 1184 sic
1063 1147 1256 1187 exstinxis-

270 1206 344 1242 set?
368 1207 530 1243 Attamen
561 1214 641 1257 post
668 1214 718 1242 tot
745 1204 864 1257 signa,
895 1205 979 1243 vide
1009 1207 1199 1246 stultitiam
1223 1218 1256 1247 et

270 1267 436 1303 furorem.
460 1267 600 1303 Nonne
615 1266 677 1303 hic
699 1274 752 1303 est
770 1279 883 1318 quem
914 1276 1089 1319 quoerunt
1108 1271 1256 1323 interfi-

269 1341 352 1365 cere
364 1332 380 1364 Ρ
399 1326 494 1366 Vide
512 1326 691 1378 quomodo
702 1341 737 1365 se
751 1326 845 1379 ipsos
867 1327 1112 1367 condemnent.
1134 1331 1254 1382 Quem

269 1398 447 1441 qucerunt
478 1389 711 1442 interficere,
744 1389 930 1440 inquiunt,
954 1399 991 1428 et
1022 1392 1123 1429 nihil
1143 1395 1178 1430 ei
1198 1394 1254 1432 di-

268 1460 372 1488 eunt.
405 1451 476 1488 Nec
512 1450 619 1488 modo
657 1450 749 1487 nihil
780 1450 924 1499 dicunt,
958 1451 1019 1490 sed
1048 1467 1164 1506 neque
1183 1469 1252 1507 pa-

269 1512 339 1549 lam
359 1521 391 1549 et
416 1511 526 1549 libere
550 1512 755 1562 loquentem
782 1511 946 1563 ipsosque
969 1527 1097 1566 exaspe
1117 1524 1253 1554 rantem

268 1573 480 1624 reprimunt.
517 1573 722 1624 Numquid
745 1586 836 1609 vere
867 1584 1139 1624 cognoverunt,
1160 1580 1253 1629 quia
1275 1577 1298 1608 Β

267 1635 329 1671 hic
353 1643 406 1672 est
446 1635 650 1673 Christus?
676 1633 790 1672 Vobis
819 1642 936 1671 autem
967 1635 1054 1686 quid
1081 1636 1252 1676 videtur?

267 1709 375 1745 quam
397 1694 441 1732 de
460 1695 523 1732 illo
541 1693 640 1731 fertis
669 1694 904 1732 sententiam?
926 1696 1167 1749 Contrarium,
1197 1699 1249 1737 in-

265 1758 405 1808 quiunt.
437 1757 522 1796 Ideo
542 1755 732 1794 dicebant:
756 1756 832 1795 Sed
856 1759 958 1796 hunc
974 1761 1114 1798 scimus
1148 1763 1251 1800 unde

263 1824 325 1858 sit.
352 1822 383 1859 Ο
407 1817 626 1871 nequitiam!
653 1834 673 1857 o
701 1821 1036 1862 contradictionem!
1065 1824 1143 1862 Non
1168 1839 1251 1864 cum

262 1882 486 1935 principibus
501 1884 677 1921 calculum
689 1883 806 1920 ferunt
813 1912 825 1932 ,
846 1882 906 1920 sed
920 1883 1027 1921 aliam
1044 1895 1250 1939 corruptam

261 1944 411 1982 esserunt
430 1944 638 1982 sententiam
657 1944 808 1982 stultitia
823 1958 885 1982 sua
896 1943 1056 1997 dignam.
1078 1946 1226 1987 Scimus
1232 1978 1245 1996 ,

262 2005 449 2057 inquiunt,
470 2007 572 2044 unde
586 2009 635 2044 sit
654 2023 664 2042 :
685 2007 861 2044 Clu-istus
878 2015 1007 2044 autem
1023 2021 1112 2046 cum
1132 2023 1249 2048 vene-

260 2070 330 2114 rit,
364 2082 474 2106 nemo
490 2070 582 2106 sciet
602 2069 705 2106 unde
720 2070 782 2105 sit.
812 2067 920 2118 Atqui
939 2067 1118 2122 principes
1137 2072 1247 2110 vestri

262 2128 465 2181 interrogati
488 2128 673 2177 (licebant,
703 2128 738 2165 in
770 2127 980 2166 Bethlehem
1010 2129 1243 2170 nasciturum.

262 2190 309 2228 Et
328 2204 469 2228 rursum
487 2190 568 2238 alii,
589 2191 668 2228 Nos
684 2191 824 2228 scimus
841 2192 934 2242 quia
950 2192 1084 2239 Moysi
1113 2193 1247 2245 loquu-

262 2261 322 2291 tus
349 2261 403 2290 est
421 2253 527 2290 Deus
538 2268 553 2297 ;
576 2253 678 2289 hune
696 2259 825 2288 autem
852 2254 1040 2290 nescimus
1066 2255 1168 2292 unde
1183 2258 1243 2293 sit.

260 2314 455 2351 Ebriorum
483 2312 593 2352 verba
626 2311 821 2349 considera.
861 2313 1108 2364 Rumumque,
1140 2316 1244 2354 Num

259 2391 305 2412 ex
327 2375 498 2414 Galilaea
514 2376 624 2412 venit
642 2374 844 2411 Christus?
861 2387 995 2411 annon
1020 2389 1067 2412 ex
1085 2377 1243 2414 Bethle-

257 2439 343 2473 hem
360 2439 448 2473 vico
464 2439 480 2471 Ρ
497 2434 629 2473 Vitlen'
650 2433 833 2472 ebriorum
853 2435 1059 2474 calculum?
1081 2437 1221 2476 Scimus
1232 2469 1241 2487 ,

258 2498 450 2544 neseimus3
470 2511 515 2534 ex
531 2496 737 2534 Bethlehem
753 2495 852 2534 venit
867 2496 1029 2536 Christus
1035 2513 1046 2548 3
1066 2499 1242 2539 Christus

257 2568 385 2595 (tutem
402 2573 488 2596 cum
504 2560 654 2595 venerit
665 2587 676 2603 ,
698 2570 807 2595 nemo
824 2560 916 2595 sciet
943 2560 1045 2597 unde
1060 2562 1123 2598 sit.
1143 2560 1242 2608 Quid

259 2621 323 2656 hac
338 2620 515 2657 dictorum
536 2633 654 2671 pugna
674 2618 917 2657 manifestius?
938 2619 980 2658 Id
999 2635 1111 2659 unum
1129 2622 1241 2675 respi-

255 2680 406 2729 ciebant,
426 2689 463 2716 ut
482 2694 524 2717 ne
545 2678 735 2717 crederent.
765 2679 864 2726 Quid
883 2694 967 2732 ergo
980 2680 1028 2719 ad
1042 2681 1118 2720 haec
1137 2683 1240 2722 Chri-

254 2742 353 2779 stus?
372 2742 434 2779 98.
458 2743 510 2778 Et
527 2756 586 2778 me
604 2744 734 2788 nostis,
755 2750 789 2779 et
807 2743 910 2781 unde
923 2746 996 2782 sim
1014 2748 1119 2784 scitis
1138 2762 1149 2783 .·
1166 2755 1202 2786 et
1215 2761 1241 2786 a

256 2806 396 2854 meipso
416 2816 491 2839 non
517 2804 621 2848 veni,
643 2804 710 2841 sed
729 2811 784 2841 est
807 2817 923 2842 verus
946 2808 1014 2857 qai
1039 2810 1143 2846 misit
1163 2823 1235 2856 me,

256 2878 368 2915 quem
387 2876 457 2900 vos
476 2865 638 2900 nescitis.
657 2863 703 2900 Et
718 2878 873 2915 rursum,
893 2866 933 2903 Si
949 2881 1008 2904 me
1022 2870 1183 2916 sciretis,
1203 2878 1240 2908 et

256 2926 415 2962 ‚Patrem
440 2936 563 2960 meum
585 2925 742 2961 sciretis.
763 2925 951 2970 Quomodo
972 2941 1054 2979 ergo
1074 2928 1163 2968 dicit
1181 2944 1238 2969 eos

256 2995 287 3022 ‹·t
308 2986 439 3037 ipsum,
465 2992 497 3021 et
520 2983 612 3020 uude
640 2983 685 3021 sit
709 2999 823 3034 nosse3
849 2995 882 3024 et
903 2987 1004 3038 alibi,
1032 3003 1095 3029 nec
1118 2991 1238 3044 ipsum
1263 2990 1288 3020 D

257 3061 369 3096 nosse,
394 3059 456 3083 nec
485 3045 651 3082 Patrem?
682 3045 760 3082 Non
794 3060 912 3085 secum
937 3061 1086 3102 pugnat,
1118 3053 1234 3105 absit,

254 3108 316 3146 sed
333 3106 435 3145 valde
450 3106 518 3144 sibi
533 3114 677 3144 constat.
703 3107 756 3143 De
767 3106 833 3144 alia
851 3108 1006 3159 loquitur
1022 3115 1235 3167 cognitione,

253 3184 333 3208 cum
354 3169 458 3219 dicit,
474 3170 552 3207 Non
571 3167 694 3219 nostiS,
714 3169 1016 3218 quen‘iadmodum
1036 3189 1116 3214 eum
1130 3177 1214 3217 dicit
1232 3195 1239 3216 :

294 3290 306 3303 ἴ·
330 3276 444 3311 Mor-el.
461 3282 483 3311 ὡ
499 3284 551 3315 τῆς
568 3281 705 3322 ἀπορίας.

293 3332 304 3342 “
329 3329 413 3371 [llic
437 3328 566 3362 addunt
588 3328 692 3361 Savil.
709 3336 742 3360 et
764 3328 873 3361 Codd.
894 3332 999 3363 nostri
1015 3335 1145 3377 Οἴδαμεν
1165 3342 1252 3371 πόθε,

249 3389 326 3421 ἐστὶ,
343 3388 391 3416 καὶ
407 3386 457 3416 οὐκ
473 3385 594 3424 οἴδαμεν
610 3387 698 3416 πόθεν
720 3386 807 3415 ἐστίν.
824 3382 906 3422 Quae
929 3382 962 3416 in
978 3384 1097 3417 Montf.
1117 3396 1252 3430 propter

249 3438 469 3477 ἐμοιοτέλευτον
479 3433 852 3476 exciderunt.Exprossi‹
866 3434 1253 3479 Interpr„Scimus102<st

1329 842 1486 889 Οεότητος
1507 844 1608 880 αὐτοῦ
1637 848 1778 893 σημεῖον
1801 840 1991 895 ἑωρακότες
2013 840 2189 893 μέγιστον,
2218 841 2259 879 τὸ
2280 848 2349 880 πᾶν

1327 905 1370 953 τῇ
1390 902 1501 954 κρίσει
1525 906 1593 941 τῶν
1624 902 1800 956 ἀρχόντων
1832 902 2020 955 ἐπέτρεπον
2041 906 2109 941 τῶν
2139 903 2349 957 διεφθαρμέ-

1326 978 1405 1001 νων.
1423 961 1473 1001 Ἢ
1493 962 1559 1014 γὰρ
1582 965 1618 1002 οὖ
1644 963 1734 1015 μέγα
1755 968 1910 1014 σημεῖον,
1938 962 2181 1014 μαινομένους,
2197 963 2258 1001 καὶ
2285 979 2348 1016 φο-

1326 1026 1475 1071 νῶντας,
1493 1023 1553 1061 καὶ
1576 1024 1791 1076 περιιόντας,
1813 1023 1874 1062 καὶ
1904 1026 2090 1071 ζητοῦντας
2118 1025 2263 1072 ἀνελεῖν,
2289 1024 2348 1061 καὶ

1326 1084 1540 1136 κατέχοντας
1563 1085 1596 1121 ἐν
1614 1084 1747 1137 χερσὶν,
1777 1084 1964 1136 ἡσυχάζειν
1995 1083 2169 1137 ἐξαίφνης;
2200 1083 2252 1128 τίς
2281 1083 2349 1136 γὰρ

1326 1143 1365 1182 ἂν
1384 1149 1483 1183 τοῦτο
1503 1144 1644 1191 ἐποίησε
1655 1161 1665 1192 3
1684 1144 1735 1188 τίς
1755 1144 1943 1198 ὁλόκληρον
1968 1145 2093 1195 μανίαν
2109 1145 2218 1189 οὕτως
2245 1145 2349 1184 ἐσδε-

1325 1221 1381 1244 σεν
1394 1222 1403 1253 ;
1417 1205 1507 1243 Ἀλλ’
1525 1204 1619 1256 ὅμως
1637 1204 1725 1254 μετὰ
1739 1210 1892 1244 τοσαῦτα
1908 1212 2057 1255 σημεῖα,
2073 1205 2137 1258 ὅρα
2149 1205 2212 1253 τὴν
2229 1207 2346 1244 ἄνοιαν

1324 1267 1384 1305 καὶ
1404 1266 1465 1315 τὴν
1495 1266 1632 1318 μανίαν.
1653 1268 1732 1318 Οὐχ
1760 1260 1858 1310 οῧτός
1885 1269 1975 1305 ἐστιν
2007 1266 2043 1305 ὃν
2066 1268 2223 1314 ζητοῦσιν
2254 1270 2346 1306 ἀπο-

1323 1335 1473 1377 κτεῖναι,
1492 1327 1589 1382 ςΌρα
1609 1331 1683 1372 πῶς
1698 1329 1828 1366 ἑαυτῶν
1845 1332 2088 1382 κατηγοροῦσι.
2105 1327 2173 1367 dOia
2189 1330 2346 1378 ζητοῦσι,

1324 1391 1440 1444 φησὶν,
1464 1393 1686 1438 ἀποκτεῖναι,
1706 1388 1765 1428 καὶ
1792 1388 1886 1429 οὐδὲν
1908 1392 2002 1443 αὐτῷ
2017 1389 2167 1442 λέγουσι.
2184 1391 2255 1429 Καὶ
2283 1393 2347 1444 οὐχ

1323 1453 1442 1495 ἁπλῶς
1460 1451 1555 1490 οὐδὲν
1586 1454 1678 1504 αὐτῷ
1708 1450 1879 1503 λέγουσιν,
1909 1450 1998 1489 ἀλλὰ
2024 1451 2083 1489 καὶ
2110 1452 2346 1503 παρρησιαζο-

1323 1514 1435 1566 μένῳ·
1457 1517 1474 1552 6
1503 1513 1570 1565 γὰρ
1601 1512 1782 1565 παρρησίᾳ
1811 1514 1939 1560 λαλῶν,
1960 1511 2020 1550 καὶ
2053 1514 2128 1562 μετ’
2151 1512 2344 1565 ἐλευθερίας

1322 1575 1481 1622 ἁπάσης,
1504 1575 1634 1625 μᾶλλον
1664 1573 1704 1610 ἂν
1734 1571 1856 1615 αὐτοὺς
1887 1571 2104 1624 παρώξυνεν’
2135 1574 2211 1610 ἀλλ’
2249 1574 2342 1612 οὐδέν

1321 1635 1468 1674 ἐποίουν.
1488 1635 1636 1681 Μήποτε
1662 1635 1798 1681 ἀληθῶς
1825 1633 1992 1685 ἔγνωσαν,
2009 1633 2062 1671 ὅτι
2081 1627 2177 1677 οὗτός
2205 1636 2297 1672 ἐστιν
2327 1638 2345 1673 6

1318 1696 1486 1749 Χριστός,
1506 1695 1610 1747 εΥμῖν
1632 1695 1667 1734 δὲ
1686 1695 1720 1733 τί
1737 1696 1847 1743 δοκεῖ,
1867 1694 1969 1733 ποίαν
1988 1694 2068 1746 περὶ
2100 1696 2202 1732 αὐτοῦ
2224 1694 2343 1747 φέρετε

1317 1758 1447 1810 ψῆφοη
1463 1756 1538 1804 Τὴν
1559 1755 1730 1804 ἐναντίαν,
1750 1755 1849 1808 φησί.
1866 1755 1934 1794 Διὰ
1958 1760 2058 1793 τοῦτο
2078 1754 2193 1807 ἔλεγον
2206 1771 2213 1778 ·
2239 1755 2343 1794 Ἀλλὰ

1317 1824 1435 1857 τοῦτον
1454 1819 1595 1869 οἴδαμεν
1610 1816 1714 1856 πόθεν
1731 1816 1836 1855 ἐστίν.
1856 1815 1927 1854 ΜΩ.
1948 1819 2008 1863 τῆς
2027 1816 2196 1869 πονηρίας
2212 1848 2221 1866 ,
2237 1817 2266 1855 ὢ
2280 1820 2342 1864 τῆς

1317 1879 1567 1931 ἐναντιολογίας
1578 1895 1585 1903 ·
1605 1878 1682 1918 οὐδὲ
1691 1885 1766 1923 ταῖς
1775 1880 1844 1916 τῶν
1857 1877 2035 1931 ἀρχόντων
2047 1877 2189 1917 ἕπονται
2202 1879 2340 1932 ψήφοις,

1318 1942 1393 1980 ἀλλ’
1417 1940 1537 1993 ἑτέραν
1561 1940 1743 1994 ἐκφέρουσι
1773 1938 2038 1992 διεφθαρμένην,
2058 1939 2196 1986 καὶτῆς
2211 1940 2340 1984 οἰκείας

1317 2001 1434 2046 ἀνοίας
1463 2001 1571 2047 ἀξίαν.
1599 2002 1755 2052 Οἴδαμεν
1786 2000 1901 2048 αὐτὸν,
1925 2000 2029 2053 φησὶ,
2059 2000 2161 2039 πόθεν
2190 2001 2300 2040 ἐστίν·
2323 2005 2341 2040 6

1316 2061 1352 2101 δὲ
1372 2063 1521 2117 Χριστὸς
1535 2062 1617 2102 ὅταν
1637 2062 1806 2116 ἔρχηται,
1825 2062 1932 2106 οὐδεὶς
1944 2061 2106 2115 γινώσκει
2129 2061 2231 2100 πόθεν
2253 2062 2339 2101 ἐστί.

1316 2123 1386 2161 Καὶ
1401 2123 1470 2174 μὴν
1492 2126 1523 2162 οἱ
1543 2123 1707 2176 ἄρχοντες
1720 2126 1818 2175 ὑμῶν
1836 2122 2054 2176 ἐρωτώμενοι
2074 2123 2204 2176 ἔλεγον,
2224 2122 2277 2163 ὅτι
2304 2126 2338 2162 ἐν

1315 2184 1477 2235 Βηθλεὲμ
1496 2191 1668 2233 γεννᾶται.
1689 2184 1760 2222 Καὶ
1775 2184 1880 2222 πάλιν
1896 2185 1994 2222 ἄλλοι
2014 2183 2120 2233 τινὲς,
2140 2184 2265 2235 εΗμεῖς
2291 2184 2340 2223 οἴ-

1316 2246 1422 2295 δαμεν
1450 2245 1503 2283 ὅτι
1532 2248 1665 2297 Μωϋσῇ
1688 2245 1879 2292 λελάληκεν
1906 2248 1923 2283 6
1943 2245 2051 2289 Θεός·
2082 2249 2202 2284 τοῦτον
2222 2245 2258 2284 δὲ
2278 2248 2340 2284 οὐκ

1315 2304 1456 2356 οἴδαμεν
1479 2306 1581 2344 πόΟεν
1599 2306 1703 2344 ἐστίν.
1728 2306 1745 2325 *
1760 2305 1856 2357 “Opot
1877 2305 2072 2355 μεθυόντων
2094 2305 2246 2358 ῥήματα.
2268 2307 2339 2345 Καὶ

1313 2368 1418 2405 πάλιν
1433 2382 1440 2390 ·
1462 2366 1523 2414 Μὴ
1545 2369 1583 2405 ἐκ
1603 2370 1665 2414 τ’ῆς
1682 2366 1872 2409 Γαλιλαίας
1891 2366 2031 2418 ἔρχεται
2047 2370 2064 2405 6
2083 2366 2257 2418 Χριστός;
2276 2369 2338 2405 οὐκ

1314 2428 1382 2466 ἀπὸ
1401 2427 1562 2479 Βηθλεὲμ
1581 2430 1643 2475 τῆς
1661 2427 1807 2478 κώμης,
1830 2420 1932 2471 Εἶδες
1966 2427 2183 2478 μαινομένων
2205 2430 2336 2480 ψῆφον,

1312 2489 1480 2540 Οἴδαμεν,
1498 2490 1556 2527 καὶ
1588 2491 1650 2527 οὐκ
1670 2488 1831 2539 οἴδαμεν·
1854 2489 1922 2527 ἀπὸ
1953 2487 2116 2539 Βηθλεὲμ
2148 2488 2288 2540 ἔρχεται
2321 2492 2339 2527 ὃ

1312 2550 1484 2603 Χριστός·
1506 2549 1550 2589 Ὁ
1587 2549 1623 2588 δὲ
1654 2550 1804 2602 Χριστὸς
1838 2548 1919 2588 ὅταν
1953 2549 2122 2602 ἔρχηται,
2145 2549 2256 2594 οὐδεὶς
2285 2566 2337 2601 γι-

1311 2612 1436 2651 νώσκει
1456 2611 1560 2650 πόθεν
1578 2612 1664 2650 ἐστί.
1687 2611 1734 2650 Τί
1749 2611 1878 2658 ταύτης
1892 2614 1954 2658 τ’ῆς
1972 2610 2089 2663 μάχης
2106 2610 2336 2663 σαφέστερον,

1310 2674 1405 2726 Πρὸς
1424 2674 1491 2726 γὰρ
1519 2674 1554 2712 ἓν
1591 2673 1692 2724 μόνον
1712 2672 1840 2725 ἑώρων,
1861 2673 1901 2711 τὸ
1921 2672 1969 2724 μὴ
1990 2674 2187 2718 πεισθῆναι.
2208 2672 2255 2710 Τί
2277 2666 2336 2710 οῦν

1311 2736 1396 2788 πρὸς
1413 2739 1524 2774 ταῦτα
1543 2738 1560 2773 6
1590 2735 1759 2788 Χριστός,
1778 2734 1847 2774 Καὶ
1876 2733 1938 2785 ἐμὲ
1965 2733 2097 2781 οἴδατε,
2117 2732 2200 2771 ι’καὶ
2221 2734 2335 2772 οἴδατε

1310 2797 1413 2835 πόΟεν
1434 2796 1506 2846 εἰμί
1519 2812 1526 2820 ·
1548 2796 1606 2834 καὶ
1627 2798 1687 2834 ἀπ’
1708 2797 1859 2846 ἐμαυτοῦ
1874 2797 1935 2834 οὒκ
1955 2795 2104 2841 ἐλήλυθα
2117 2825 2126 2842 ,
2144 2796 2221 2832 ἀλλ’
2243 2794 2334 2833 ἔστιν

1312 2857 1442 2904 ἀληθὴς
1462 2860 1481 2894 6
1494 2856 1634 2909 πέμψας
1649 2872 1690 2906 με
1702 2887 1711 2903 ,
1723 2856 1759 2894 ὃν
1775 2857 1874 2906 ὑμεῖς
1890 2856 1953 2894 οὐκ
1968 2853 2096 2893 οἴδατε.
2122 2855 2190 2893 Καὶ
2210 2854 2314 2893 πάλιν
2326 2871 2333 2880 ·

1311 2921 1356 2958 Εἰ
1377 2918 1438 2970 ἐμὲ
1463 2918 1600 2970 ᾔδειτε,
1617 2917 1676 2955 καὶ
1695 2916 1753 2954 τὸν
1770 2916 1913 2967 Πατέρα
1942 2931 2007 2966 μου
2032 2916 2147 2967 ᾔδειτε
2175 2916 2229 2955 ἄν.
2251 2918 2335 2961 Πῶς

1311 2975 1367 3020 οῦν
1388 2995 1495 3033 φησιν
1516 2977 1637 3021 αὐτοὺς
1664 2976 1722 3015 καὶ
1743 2976 1869 3015 εἰδέναι
1890 2977 2003 3025 αὐτὸν,
2022 2977 2081 3015 καὶ
2099 2977 2203 3017 πόθεν
2237 2978 2311 3016 ἐστί
2325 2993 2332 3001 ·

1312 3047 1370 3087 καὶ
1390 3047 1508 3096 πάλιν,
1525 3046 1614 3098 μήτε
1638 3045 1740 3084 αὐτὸν
1757 3043 1882 3082 εἰδέναι
1906 3043 2027 3087 αὐτοὺς
2043 3075 2050 3089 ,
2069 3044 2158 3095 μήτε
2179 3043 2238 3082 τὸν
2255 3046 2336 3082 Πα-

1315 3114 1400 3167 τέρα
1407 3130 1418 3166 3
1441 3115 1517 3153 Οὐκ
1546 3113 1791 3164 ἐναντιολογῶν
1810 3126 1818 3134 ·
1838 3110 1968 3163 ἄπαγε·
1990 3110 2078 3149 ἀλλὰ
2111 3110 2170 3149 καὶ
2202 3109 2335 3161 σφόδρα

1317 3181 1428 3232 ἑαυτῷ
1468 3180 1674 3219 ἀκολουθῶν.
1715 3177 1862 3230 Ἑτέραν
1900 3177 1935 3216 δὲ
1953 3177 2046 3228 λέγει
2078 3178 2216 3228 γνῶσιν,
2252 3176 2334 3214 ὅταν

1320 3295 1378 3329 ese,
1392 3294 1422 3319 ez
1438 3288 1610 3328 nescimus,
1629 3286 1797 3329 inquiunt.
1815 3283 1915 3316 Ridet
1932 3285 2078 3326 scriptor
2093 3282 2226 3316 Judmos
2244 3283 2332 3314 inter

1317 3349 1350 3370 se
1368 3346 1586 3380 repugnantes
1598 3363 1605 3377 ,
1618 3348 1705 3370 nunc
1719 3347 1752 3369 se
1769 3336 1852 3368 scire
1868 3334 2072 3377 profitentes,
2084 3346 2178 3366 nunc
2193 3334 2329 3375 nescire,

1318 3390 1406 3423 unde
1422 3392 1464 3423 sit
1477 3389 1529 3421 ille
1543 3389 1705 3427 Christus,
1719 3395 1755 3419 ut
1772 3394 1885 3420 narrat
1901 3387 1998 3419 Joan.
2018 3389 2049 3427 7,
2068 3388 2107 3419 27
2117 3394 2148 3419 et
2167 3388 2197 3421 9.
2214 3387 2285 3427 29]

1366 3446 1379 3467 b
1406 3449 1453 3476 καὶ
1471 3446 1568 3477 οἴδατε
1585 3441 1675 3473 deest
1692 3443 1724 3474 in
1748 3437 1956 3483 quibusdam.
