2522 3683
87 1385 271 1425 Ia's=l12›s..‘3.z.

89 1755 167 1781 ,Ιωιινι
185 1752 270 1782 931.

88 2176 192 2203 Eamt.
215 2183 260 2203 12.

91 2225 275 2286 {imm—5⁴¹2.

88 2962 175 2990 Rom.
196 2962 241 2990 ¹3.

91 3004 136 3031 13.
166 3001 209 3041 14.

289 191 382 254 9⁹38

285 287 427 337 guinem
453 282 597 333 benigni
629 280 772 318 Domini
796 294 858 332 pro
886 278 987 316 nobis
1010 278 1174 314 effusum.
1197 275 1263 315 Vi-

284 339 364 376 den’
384 345 551 387 quantam
572 334 646 373 vim
665 333 771 371 habet
791 334 904 382 figura
924 344 1006 368 cuin
1022 329 1168 368 veritate
1182 341 1264 365 con-

283 390 605 437 side1·ata?ltaq11e
636 386 665 423 si
699 385 777 436 quis
805 384 949 424 Judaeus
978 382 1094 420 dicere
1113 380 1263 419 audeat:

285 443 358 480 Cur
380 441 493 479 Filius
511 452 633 492 passus
647 447 752 476 estut
769 437 924 475 mundus
943 443 1157 481 servaretur,
1177 447 1217 470 ac
1237 432 1263 469 si

284 508 352 531 non
372 493 463 531 alius
486 501 573 531 esset
599 490 759 529 servandi
780 488 933 527 modus?
953 486 1093 525 dicatur
1109 486 1139 524 ei
1162 501 1169 522 :
1193 485 1266 523 Cur

285 547 419 584 Pascha
430 544 652 583 immolatum
667 552 718 580 est
733 542 935 579 adsalutem
951 538 1266 591 primogenitorum

284 599 512 644 Judaeorum,
529 610 569 634 ae
589 596 618 633 si
642 609 710 632 non
730 594 801 632 alio
820 593 925 631 modo
948 592 1080 631 servari
1101 589 1268 643 pbssent?

284 651 331 688 Et
350 651 410 687 ille
427 649 514 700 quid
536 647 742 699 respondeat
762 661 830 684 non
852 645 998 683 habebit
1021 647 1150 694 (neque
1172 643 1264 681 enim

285 706 379 741 Deos
395 701 568 739 sacrificio
584 715 672 752 opus
688 699 828 746 habuit,
843 712 954 748 neque
972 696 1072 748 signo
1089 705 1127 734 ut
1145 696 1268 733 domos

285 757 549 806 ‹·ognosceret);
586 752 688 790 nobis
707 766 792 790 vero
820 765 874 789 res
904 751 978 802 ipsa
1004 748 1267 802 patrocinatur,

284 818 316 845 et
338 816 494 844 sanctam
515 805 626 842 fidem
644 804 843 841 testimonio
868 803 1005 846 firmat,
1028 815 1110 839 cum
1135 800 1265 850 iniqui-

284 870 335 897 tas
358 869 475 897 nostra
503 858 539 895 in
564 857 698 895 Christi
725 856 862 908 justitia
888 854 1062 903 solvitur,
1092 867 1170 904 quae
1198 852 1267 889 alio

283 912 390 950 modo
410 925 478 949 non
498 911 693 949 solveretur
707 909 874 957 (tenebrae
893 921 1044 957 namque
1064 921 1083 944 a
1103 907 1181 943 luce
1199 904 1269 942 dis-

285 965 483 1016 sipantur);
507 972 540 1000 et
562 977 643 1000 cum
664 976 759 999 mors
781 970 899 999 nostra
919 974 980 1012 per
1006 958 1139 996 Christi
1157 957 1267 996 vitam

283 1017 428 1068 sugatur
442 1047 450 1063 ‚
470 1025 509 1053 ut
527 1030 546 1053 a
571 1015 650 1052 luce
669 1014 832 1051 tenebrae.
856 1014 963 1051 Sacra
985 1011 1095 1061 igitur
1117 1018 1190 1046 erat
1206 1007 1267 1046 illa

285 1083 424 1119 quoque
436 1068 593 1111 victima,
606 1067 687 1117 quia
697 1081 787 1105 verae
801 1065 954 1104 victimae
968 1073 1075 1115 typus
1088 1071 1173 1099 erat.
1186 1061 1269 1098 Haec

284 1131 401 1159 autem
423 1135 520 1158 sacra
547 1119 689 1157 omnino
720 1127 769 1155 cst
787 1147 795 1163 ,
825 1127 949 1169 utpore
977 1129 1078 1163 vera,
1107 1127 1186 1164 quae
1207 1127 1268 1165 per

285 1174 522 1225 ignorantiam
552 1171 745 1222 impiorum
778 1170 964 1207 hominnm
992 1167 1098 1205 morti
1126 1175 1160 1204 et
1191 1165 1268 1202 neci

286 1227 414 1264 tradita
432 1234 502 1275 est,
519 1239 563 1262 ex
582 1224 765 1262 voluntate
779 1231 897 1259 autem
911 1220 977 1258 Dei
995 1220 1028 1257 in
1046 1233 1183 1256 sacram
1204 1218 1268 1255 ho—

284 1279 389 1315 stiam
407 1286 546 1329 accepta
567 1285 634 1321 est;
656 1284 689 1312 et
710 1289 754 1312 ex
778 1274 876 1311 illius
893 1273 1025 1326 placito
1046 1271 1143 1309 Patri
1165 1270 1268 1308 obla-

286 1331 334 1368 tio
354 1332 443 1368 facta
460 1339 521 1368 est.
539 1327 711 1366 Tradidit
725 1327 838 1375 enim,
857 1326 993 1376 inquit,
1015 1326 1119 1362 Pater
1135 1323 1269 1361 Filium

287 1397 348 1435 pro
369 1383 485 1427 nobis;
512 1391 544 1419 et
566 1381 714 1419 Obtulit
731 1382 970 1431 semetipsum
992 1376 1090 1415 Patri
1107 1375 1270 1413 Christus

285 1450 349 1487 pro
357 1435 512 1483 ecclesia,
522 1435 756 1471 oblationem
767 1432 1043 1484 etsacrificium
1059 1432 1100 1466 in
1116 1430 1270 1465 odorem

286 1491 504 1525 suavitatis.
528 1488 642 1535 Atque
663 1485 735 1522 illis
756 1484 920 1534 quidem,
944 1482 1006 1533 qui
1033 1481 1213 1520 Christum
1234 1494 1270 1518 se

285 1540 461 1577 occisuros
478 1539 683 1591 sperabant,
708 1536 947 1589 perniciosum
964 1534 1031 1572 fuit
1053 1533 1240 1572 eonsilium
1254 1548 1265 1581 ;

286 1593 329 1630 iis
344 1607 429 1630 vero
443 1623 452 1639 ,
465 1592 526 1643 qui
538 1591 685 1628 salutem
702 1604 765 1642 per
776 1598 924 1626 mortem
937 1587 1080 1625 Domini
1095 1594 1269 1636 quaerunt,

287 1645 450 1683 salutaris
459 1654 509 1682 est
523 1643 621 1681 fides.
638 1643 709 1680 Hos
721 1642 809 1679 ultio
824 1651 856 1678 et
866 1655 961 1678 mors
977 1638 1268 1692 pert1·ansit,quia

287 1712 355 1735 non
368 1697 412 1734 ad
424 1696 643 1748 perniciema
658 1703 769 1732 morte
780 1693 994 1737 detinentur,
1009 1690 1206 1729 secundum
1217 1690 1268 1737 id,

286 1749 412 1800 quoda
426 1751 613 1788 Servatore
640 1747 776 1784 dictum
801 1746 922 1783 est:Si
941 1747 1025 1798 quis
1057 1757 1269 1781 sermonem

288 1817 413 1839 meum
428 1803 651 1845 servaverit,
675 1808 831 1837 mortem
852 1812 929 1835 non
943 1797 1089 1836 videbit
1103 1798 1144 1832 in
1159 1804 1268 1832 ceter-

290 1869 392 1892 num.
411 1857 477 1892 Per
491 1853 696 1904 sanguinem
709 1852 802 1889 enim
816 1865 880 1902 pro
893 1850 995 1888 nobis
1010 1849 1141 1896 fusum,
1157 1847 1269 1899 Spiri-

287 1916 362 1944 tum
371 1903 1269 1956 sanctumaccipimus:siquideminunumconvene-

287 1968 366 1996 rant
382 1958 525 2009 sanguis
544 1967 576 1995 et
595 1957 752 2008 spiritus,
772 1965 810 1992 ut
838 1969 901 2007 per
921 1967 1150 2004 congenerem
1167 1952 1270 1989 nobis

287 2011 493 2061 sangninem
501 2024 568 2047 non
577 2022 804 2060 congenerem
814 2007 914 2044 nobis
924 2006 1101 2058 Spiritum
1108 2013 1266 2042 sanctuni

288 2064 445 2115 accipere
456 2076 647 2114 possemus,
671 2076 711 2099 ac
740 2075 802 2113 per
821 2060 925 2097 illum
951 2058 1056 2096 m01ti
1071 2058 1269 2108 ingressum

289 2115 510 2152 claudamus.
535 2114 679 2165 Duplex
701 2123 819 2151 autem
834 2121 884 2150 est
904 2111 1009 2149 morti
1029 2111 1219 2161 ingressus,
1237 2119 1270 2147 et

290 2167 367 2205 idco
375 2168 511 2219 duplex
518 2168 670 2204 efficitur
678 2164 1039 2216 sanguinissigillnm.
1050 2165 1098 2199 In
1106 2164 1267 2208 duobus,

1242 194 1411 224 Spuma.

1383 273 1389 284 1
1444 276 1465 286 Ν
1527 276 1535 287 5
1633 272 1639 285 Ι
1862 272 1867 283 V
1924 273 1938 286 U
2193 272 2201 285 5

1338 276 1395 312 ἐπι
1423 290 1484 320 της
1520 275 1681 319 αληθειας
1702 276 1905 325 θεωρηθεις,
1939 274 2035 311 Ωστε
2055 273 2086 310 εἴ
2114 288 2165 316 τις
2207 274 2356 316 Ιουδαῖος

1336 327 1448 376 λέγειν
1483 323 1697 377 ἐπιχειροίη,
1726 324 1759 362 τί
1789 325 1918 371 δήποτε
1947 329 1965 363 6
1997 324 2079 368 Υἱὸς
2107 325 2272 376 ἔπασχεν,
2300 324 2356 362 ἵνα

1337 381 1430 429 σωθῇ
1451 382 1468 416 6
1484 377 1633 427 κόσμος,
1654 379 1700 420 ὡς
1727 379 1788 414 οὐκ
1815 377 1854 415 ἂν
1886 378 1946 415 καὶ
1967 378 2045 415 ἄνευ
2066 377 2187 415 τούτου
2219 376 2357 421 σωθείς

1335 430 1487 482 λεγέσθω
1509 429 1593 482 πρὸς
1610 428 1726 467 αὐτόν·
1743 429 1778 467 τί
1798 429 1926 476 δήποτε
1946 430 1985 468 τὸ
2000 430 2122 482 πάσχα
2142 428 2256 468 ἐθύετο
2275 430 2359 481 πρὸς

1334 483 1509 534 σωτηρίαν
1529 480 1702 519 Ἰουδαίων
1731 482 1978 533 πρωτοτόκων,
2000 485 2045 526 ὡς
2065 485 2126 520 οὐκ
2144 481 2183 519 ἂν
2198 482 2258 519 καὶ
2279 482 2359 519 ἄνευ

1333 535 1451 574 τούτου
1474 534 1674 580 σωθέντων;
1696 535 1861 577 Κάκεῖνος
1883 534 1945 585 μὲν
1967 536 2033 586 οὐχ
2054 534 2122 578 ἕξει
2151 534 2185 572 τί
2205 533 2357 586 ἀποκρί-

1335 603 1428 626 νεται
1449 588 1509 635 (οὗ
1529 586 1596 638 γὰρ
1622 586 1740 629 θυσίας
1758 588 1961 638 προσδεῖται
1977 588 2085 634 Θεὸς,
2106 585 2182 625 οὐδὲ
2212 585 2359 637 σημείου

1334 641 1418 693 πρὸς
1446 639 1630 691 ἐπίγνωσιν
1648 639 1805 688 οἷκιῶν)·
1824 643 1908 690 ἡμῖν
1928 638 1963 676 δὲ
1985 645 2167 690 συνηγορεῖ
2194 639 2234 676 τὸ
2264 645 2354 691 πρᾶι

1335 709 1428 743 γμα,
1455 692 1513 730 καὶ
1535 695 1577 743 τῇ
1613 690 1696 743 ἁγία
1723 691 1839 730 πίστει
1879 687 2068 744 μαρτυρεῖ,
2103 695 2165 738 τῆς
2187 691 2360 744 ἡμετέρας

1336 744 1471 788 ἀδικίας
1491 747 1525 782 ἐν
1546 747 1589 795 τῇ
1615 743 1813 795 δικαιοσύνῃ
1837 749 1896 782 τοῦ
1911 745 2063 796 Χριστοῦ
2087 743 2277 794 λυομένης,
2295 743 2360 781 ἄλ-

1334 799 1402 841 λως
1422 796 1457 835 δὲ
1471 799 1532 835 οὐκ
1551 797 1590 834 ἂν
1610 796 1769 842 λυθείσης
1789 800 1800 841 (
1818 796 1938 839 σκότος
1969 796 2036 849 γὰρ
2058 796 2124 834 ὑπὸ
2143 794 2255 848 φωτὸς
2271 798 2360 847 ἀφα-

1333 850 1504 896 νίζεται),
1526 848 1808 900 καταργουμένου
1831 849 1866 887 δὲ
1885 849 1944 887 καὶ
1974 853 2033 886 τοῦ
2055 847 2226 899 ἡμετέρου
2255 847 2359 885 θανά-

1333 918 1391 940 του
1419 902 1475 940 διὰ
1506 903 1657 955 Χριστοῦ
1689 904 1800 949 ζωῆς,
1821 901 1939 953 ὥσπερ
1974 900 2114 944 σκότους
2136 900 2201 938 ὑπὸ
2232 899 2356 950 φωτός.

1333 953 1438 1007 Ἱερὸν
1459 954 1520 1004 μὲν
1557 957 1614 992 οὐν
1633 956 1771 992 κάκεῖνο
1793 954 1832 992 τὸ
1851 957 1943 1005 θῦμα
1956 983 1965 999 ,
1983 953 2070 991 διότι
2093 952 2198 995 τύπος
2215 947 2257 999 ἦν
2299 955 2358 990 τοῦ

1333 1008 1499 1053 ἀληθοῦς·
1517 1010 1616 1044 τοῦτο
1633 1005 1667 1044 δὲ
1687 1007 1776 1058 ἱερὸν
1790 1007 1895 1049 ὅντως
1907 1035 1916 1051 ,
1934 1009 1980 1049 ὡς
1995 1005 2138 1053 ἀληθὲς,
2162 1004 2282 1056 ἀγνοίᾳ
2299 1003 2360 1054 μὲν

1333 1062 1375 1109 τῇ
1399 1061 1468 1096 τῶν
1498 1058 1711 1096 ἀσεὸούντων
1732 1057 1948 1107 ἐκδιδόμενον
1976 1058 2114 1109 θανάτῳ
2136 1058 2196 1096 καὶ
2217 1057 2358 1109 ἀναιρέ-

1334 1125 1411 1158 σει,
1431 1112 1537 1162 βουλῇ
1559 1110 1593 1148 δὲ
1614 1115 1673 1148 τοῦ
1692 1112 1784 1148 Θεοῦ
1806 1111 1891 1161 πρὸς
1914 1110 2033 1148 θυσίαν
2060 1110 2155 1160 ἱερὰν
2173 1109 2358 1159 λαμὸανό-

1335 1178 1456 1213 μενον,
1477 1163 1537 1201 καὶ
1558 1166 1600 1214 τῇ
1624 1164 1747 1200 ἑαυτοῦ
1775 1162 1938 1214 βουλήσει
1960 1161 2141 1215 προσφορὰ
2163 1164 2212 1212 τῷ
2242 1162 2361 1213 Πατρὶ

1333 1216 1604 1266 προσαγόμενον.
1636 1214 1827 1268 Παρέδωκε
1849 1214 1929 1266 γὰρ,
1951 1214 2068 1266 φησὶν,
2100 1218 2118 1252 6
2148 1212 2274 1265 Πατὴρ
2298 1213 2358 1250 τὸν

1334 1267 1418 1305 Υἱὸν
1437 1267 1522 1319 ὑπὲρ
1548 1270 1661 1318 ἡμῶν,
1680 1267 1739 1304 καὶ
1762 1267 2005 1319 Προσήνεγκεν
2028 1265 2145 1304 ἑαυτὸν
2173 1268 2224 1317 τῷ
2244 1265 2361 1318 Πατρὶ

1335 1321 1483 1373 Χριστὸς
1510 1320 1597 1373 ὑπὲρ
1617 1323 1677 1366 τῆς
1695 1319 1910 1366 Ἐκκλησίας
1930 1318 2129 1370 προσφορὰν
2150 1318 2210 1355 καὶ
2238 1317 2359 1355 θυσίαν

1335 1375 1382 1416 εἰς
1407 1373 1519 1423 ὀσμὴν
1543 1372 1698 1416 εὐωδίας.
1722 1372 1792 1410 Καὶ
1811 1378 1880 1415 τοῖς
1916 1371 1977 1422 μὲν
2008 1370 2182 1424 ἀναίρεσιν
2207 1371 2360 1421 Χριστοῦ

1335 1425 1614 1477 προσδοκήσασιν
1634 1425 1784 1476 ὀλέθριος
1811 1427 1832 1470 ἡ
1858 1424 1986 1475 βουλὴ,
2016 1430 2086 1466 τοῖς
2119 1423 2154 1460 δὲ
2186 1421 2359 1473 σωτηρίαν

1335 1477 1392 1516 διὰ
1411 1481 1470 1516 τοῦ
1494 1477 1639 1516 Θανάτου
1655 1481 1714 1515 τοῦ
1736 1476 1864 1527 Κυρίου
1884 1480 2024 1523 ζητοῦσι
2053 1474 2224 1526 σωτήριος
2252 1478 2273 1520 ἡ
2295 1474 2359 1512 πί-

1335 1545 1420 1572 στις.
1440 1530 1592 1574 Τούτους
1612 1533 1633 1576 ἡ
1656 1529 1810 1580 τιμωρία
1828 1529 1887 1567 καὶ
1921 1532 1939 1566 ὃ
1967 1528 2111 1570 θάνατος
2140 1526 2361 1580 ὑπερὸαίνει,

1336 1579 1422 1619 διότι
1451 1583 1499 1633 μὴ
1530 1582 1614 1635 πρὸς
1639 1581 1817 1620 ἀπώλειαν
1847 1580 1983 1633 θανάτῳ
2005 1579 2236 1631 κατέχονται,
2271 1580 2361 1616 κατὰ

1335 1634 1375 1672 τὸ
1396 1635 1575 1687 εἰρημένον
1599 1634 1666 1672 ὑπὸ
1695 1637 1753 1672 τοῦ
1776 1636 1961 1687 Σωτῆρος·
1983 1632 2069 1671 Ἐάν
2089 1648 2140 1675 τις
2172 1631 2229 1668 τὸν
2260 1630 2361 1681 λόγον

1338 1703 1401 1737 μου
1422 1687 1578 1739 τηρήσῃ,
1600 1685 1744 1724 Οοίνατον
1762 1688 1799 1724 οὐ
1818 1685 1871 1736 μὴ
1899 1685 2066 1736 θεωρήσει
2092 1686 2139 1727 εἷς
2157 1682 2214 1720 τὸν
2239 1685 2360 1720 αἰῶνα.

1335 1739 1404 1777 Διὰ
1419 1739 1485 1791 γὰρ
1500 1744 1558 1777 τοῦ
1576 1737 1720 1788 αἵματος
1738 1742 1796 1776 τοῦ
1816 1737 1976 1789 χυθέντος
1996 1735 2082 1787 ὑπὲρ
2098 1738 2199 1786 ἡμῶν
2211 1737 2358 1785 Πνεῦμα

1336 1792 1374 1829 τὸ
1394 1792 1489 1843 ἅγιον
1503 1791 1740 1842 λαμὸοίνομεν.
1762 1790 1930 1841 Ἐπείπερ
1953 1792 1998 1833 εἷς
2022 1789 2056 1826 ἓν
2074 1784 2157 1836 ἦλθε
2178 1787 2256 1826 τότε
2272 1783 2360 1838 αἷμα

1336 1844 1396 1881 καὶ
1417 1844 1455 1882 τὸ
1475 1847 1635 1894 πνεῦμα,
1655 1842 1712 1881 ἵνα
1731 1842 1788 1880 διὰ
1819 1848 1878 1881 τοῦ
1900 1846 2081 1893 ὁμογενοῦς
2102 1844 2186 1890 ἡμῖν
2215 1839 2360 1891 αἵματος

1336 1897 1376 1934 τὸ
1393 1896 1440 1947 μὴ
1460 1895 1621 1948 ὁμογενὲς
1635 1898 1718 1946 ἡμῖν
1743 1897 1888 1946 Πνεῦμα
1903 1896 1942 1933 τὸ
1959 1894 2053 1946 ἅγιον
2068 1893 2186 1931 λαὸεῖν
2211 1894 2361 1939 δυνηθῶ-

1338 1965 1413 2000 μεν,
1428 1950 1487 1987 καὶ
1507 1949 1564 1987 διὰ
1581 1949 1700 1987 τούτου
1718 1947 1781 1994 τὴν
1798 1947 1927 1986 εἴσοδον
1948 1945 2211 1996 ἀποκλείσωμεν
2237 1948 2286 1996 τῷ
2303 1949 2363 1983 θα·

1335 2001 1429 2054 νάτῳ
1452 2001 1514 2048 τὴν
1532 2003 1578 2045 εἷς
1597 2005 1708 2051 ἡμᾶς.
1729 2002 1845 2047 Διπλῆ
1863 1999 1900 2037 δέ
1919 1999 1970 2043 τίς
1998 2001 2090 2037 ἐστιν
2118 2002 2139 2044 ἡ
2162 1997 2290 2039 εἴσοδος
2311 2000 2360 2049 τῷ

1338 2054 1496 2106 θανάτῳ,
1517 2055 1576 2092 καὶ
1606 2053 1662 2091 διὰ
1677 2057 1777 2091 τοῦτο
1799 2053 1905 2098 διπλῆ
1933 2052 2065 2103 γίνεται
2087 2056 2146 2089 τοῦ
2169 2049 2314 2100 αἵματος
2339 2053 2360 2096 ἡ

1339 2108 1496 2159 σφραγίς.
1517 2106 1601 2144 Ἐπὶ
1625 2109 1693 2143 τῶν
1715 2105 1795 2151 δύο,
1818 2104 1924 2157 φησὶ,
1941 2106 2120 2155 σταθμῶν,
2141 2103 2201 2141 καὶ
2223 2102 2280 2140 ἐπὶ
2301 2105 2363 2149 τῆς

1340 2160 1452 2211 φλιᾶς.
1472 2159 1680 2210 Εἷσέρχεται
1704 2158 1765 2209 μὲν
1793 2157 1860 2209 γὰρ
1889 2158 1931 2194 δι’
1963 2155 2134 2209 ἁμαρτίας
2155 2160 2172 2194 6
2201 2154 2363 2201 θάνατος,

2001 2210 2015 2221 κ

291 2221 428 2271 inquit,
453 2222 625 2271 postibus
652 2227 687 2255 et
716 2222 756 2255 in
779 2219 924 2255 limine.
955 2218 1067 2253 Intrat
1086 2215 1177 2253 enim
1209 2229 1272 2266 per
1282 2220 1328 2244 255
1341 2214 1387 2255 ὡς
1413 2217 1430 2251 ὃ
1451 2211 1640 2254 ἀπόστολός
1659 2227 1774 2262 φησιν.
1803 2209 1975 2263 Ἁμαρτία
1998 2209 2055 2253 οὲ,
2077 2212 2098 2254 ἦ
2130 2207 2190 2258 μὲν
2211 2206 2301 2245 κατὰ
2324 2207 2364 2245 τὸ

290 2283 472 2325 peccatum
491 2286 586 2309 mors
599 2301 608 2317 ,
628 2279 667 2308 ut
685 2270 734 2308 ait
751 2270 941 2322 apostolus.
962 2270 1150 2306 Peccatum
1169 2281 1269 2314 vero,

288 2325 390 2362 aliud
405 2325 439 2362 in
459 2324 559 2361 nobis
580 2324 619 2361 fit
639 2337 701 2374 per
715 2322 936 2374 passionem,
957 2334 1034 2370 quae
1053 2319 1187 2371 duplex
1204 2328 1272 2368 est3

288 2378 358 2415 alia
389 2391 514 2428 nempe
546 2375 712 2414 mollities
733 2374 841 2412 animi
872 2374 908 2411 in
940 2372 1179 2417 debilitatem,
1204 2371 1273 2408 alia

288 2430 444 2481 asperior
470 2430 505 2466 in
535 2428 708 2466 feritatem
738 2427 851 2477 vergit
874 2442 881 2462 :
904 2424 1005 2463 aliud
1036 2437 1099 2476 per
1126 2424 1272 2461 ratioci—

288 2482 409 2529 nium,
441 2496 520 2518 cum
554 2494 623 2518 non
654 2494 736 2517 sana
761 2493 824 2516 nec
865 2487 959 2515 recta
989 2476 1133 2527 cogitat.
1157 2476 1203 2513 Et
1223 2485 1273 2514 est

288 2533 432 2583 quidem
448 2533 690 2581 ratiocinium,
707 2532 806 2582 quasi
825 2530 953 2578 limen,
975 2529 1012 2566 id
1029 2538 1098 2577 est,
1122 2528 1273 2579 superli-

288 2586 438 2634 minare,
457 2600 564 2637 supra
586 2594 778 2634 utrumque
797 2592 953 2635 postcom
970 2596 1053 2619 nam
1073 2581 1173 2631 quasi
1195 2581 1272 2619 dux

287 2646 338 2674 est
350 2668 359 2685 ,
380 2647 413 2674 et
431 2647 551 2675 natura
569 2637 731 2689 superior
749 2636 864 2688 passio
883 2644 998 2672 autem
1020 2633 1141 2671 referri
1158 2643 1272 2685 potest

288 2689 335 2726 ad
354 2699 468 2741 postes
483 2720 492 2737 ‚
512 2704 591 2739 quae
617 2689 802 2726 ratiocinio
817 2687 1027 2738 subjicitur,
1047 2686 1137 2724 sicut
1155 2695 1271 2737 postes

287 2742 621 2793 super!iniinarilnis
635 2750 716 2778 sunt
729 2741 891 2792 subjecti.
915 2740 1089 2785 Quaenam
1103 2747 1185 2775 sunt
1201 2738 1271 2775 illae

288 2794 466 2845 passiones·
489 2807 566 2842 qua?
585 2793 629 2830 ad
649 2793 834 2831 mollitiem
853 2791 1061 2830 deducunt?
1081 2791 1176 2828 Gula
1189 2820 1199 2839 ,
1220 2800 1270 2827 te-

288 2845 478 2893 mulentia,
508 2854 541 2882 et
567 2845 847 2896 concupiscentia
876 2843 1077 2881 libidinosa.
1113 2843 1270 2889 Quinam

289 2907 370 2935 sunt
391 2897 504 2948 asperi
521 2898 665 2934 affectus
682 2897 790 2934 animi
802 2898 819 2933 ἶ)
840 2898 896 2934 Ira
909 2926 918 2943 ‚
937 2895 1138 2945 arrogantia
1152 2925 1160 2941 ,
1181 2909 1269 2946 quas

290 2950 537 2987 uteliminarct
552 2950 683 2986 Paulus
708 2949 872 2986 dicebat:
893 2950 982 2986 Non
1015 2949 1054 2985 in
1082 2961 1269 2985 comessa-

289 3004 454 3039 tionibus
488 3011 524 3038 σε
554 3003 826 3046 ebrietatibus,
862 3016 938 3038 non
966 3003 1007 3037 in
1024 3001 1211 3037 cubilibus
1231 3008 1265 3036 et

287 3055 552 3105 impudicitiis,
575 3067 650 3089 non
677 3055 718 3088 in
739 3056 982 3090 contentione
996 3061 1033 3090 et
1052 3053 1265 3090 ‹emulatio-

288 3120 350 3149 ne,·
376 3107 444 3143 sed
469 3106 677 3142 induimini
696 3105 905 3141 Dominum
936 3113 1105 3142 nostrum
1133 3106 1265 3141 Jesztm

286 3158 494 3195 Christum.
520 3157 657 3194 Similis
685 3165 735 3193 cst
767 3169 849 3206 crgo
879 3156 997 3193 unt-,tio
1030 3157 1236 3194 indumento
1253 3186 1263 3204 ,

284 3210 424 3259 quando
454 3209 585 3247 Christi
620 3208 772 3260 passioni
811 3208 1017 3245 conformati
1041 3238 1049 3255 ,
1082 3208 1266 3246 sanctitate

326 3353 337 3364 Α·
364 3340 502 3372 Sarilius
521 3339 691 3383 legendum
712 3347 805 3382 potat
822 3346 893 3374 ἐστι.

1295 2258 1318 2285 Α

1292 2997 1314 3026 B

1341 2265 1450 2308 ποίθος
1465 2265 1504 2303 τὸ
1520 2267 1553 2302 ἐν
1576 2267 1660 2314 ἡμῖν
1680 2263 1814 2310 (διττὸν
1829 2262 1864 2300 δὲ
1884 2266 2004 2309 τοῦτο,
2025 2260 2047 2306 ἢ
2068 2260 2282 2311 μαλακτικὸν
2302 2262 2364 2305 τῆς

1340 2318 1454 2368 ψυχῆς
1466 2319 1512 2360 εἰς
1532 2314 1789 2362 ἁπαλότητα,ἢ
1809 2313 2038 2367 σκληροποιὸν
2059 2316 2105 2355 εἷς
2120 2311 2362 2365 τραχύτητα)·

1341 2373 1363 2415 ἡ
1382 2369 1417 2408 δὲ
1439 2369 1530 2407 κατὰ
1545 2369 1601 2406 τὸν
1630 2367 1808 2419 λογισμὸν,
1827 2369 1883 2404 ὅτε
1905 2366 1952 2417 μὴ
1982 2369 2062 2416 ὑγιῆ
2086 2364 2172 2416 μηδὲ
2204 2363 2287 2414 ὀρθὰ
2306 2365 2362 2401 λο-

1342 2421 1481 2473 γίζοιτο.
1503 2421 1572 2458 Καὶ
1591 2420 1682 2457 ἔστιν
1704 2423 1721 2458 6
1744 2418 1805 2469 μὲν
1826 2419 2008 2469 λογισμὸς,
2029 2417 2130 2456 οἱονεὶ
2160 2415 2263 2468 φλιὰ,
2285 2431 2362 2454 του-

1340 2474 1468 2521 τέστιν,
1490 2473 1693 2525 ὑπέρθυρον,
1715 2471 1771 2522 ἐπὶ
1793 2477 1863 2515 τοῖς
1885 2475 2051 2521 σταθμοῖς
2067 2470 2259 2520 ἑκατέροις·
2280 2471 2362 2518 ἡγε-

1343 2527 1481 2576 μονικὸς
1502 2525 1568 2578 γὰρ
1597 2525 1656 2562 καὶ
1692 2523 1860 2576 ἀνώτερος
1888 2526 1930 2574 τῇ
1968 2522 2087 2574 φύσει·
2118 2521 2158 2558 τὸ
2188 2521 2223 2558 δὲ
2255 2520 2363 2563 πάθος

1342 2579 1508 2631 ἀνάλογον
1526 2578 1598 2629 ἔχει
1620 2582 1690 2620 τοῖς
1721 2579 1913 2625 σταθμοῖς,
1936 2574 2160 2624 ὑποκείμενον
2191 2575 2241 2624 τῷ
2259 2574 2360 2623 λογι-

1342 2634 1439 2683 σμῷ,
1459 2631 1616 2682 καθάπερ
1639 2631 1669 2667 οἱ
1692 2628 1841 2678 σταθμοὶ
1872 2634 1942 2671 τοῖς
1971 2625 2172 2678 ὑπερθύροις
2204 2624 2361 2663 ὑπόκειν-

1340 2700 1410 2722 ται.
1437 2683 1528 2722 Τίνα
1562 2683 1606 2720 τὰ
1632 2682 1716 2732 πρὸς
1756 2681 1962 2726 ἁπαλότητα
1991 2696 2017 2716 π
2041 2679 2210 2728 οσοίγοντα
2244 2677 2361 2724 πάθη,

1341 2733 1708 2789 Γαστριμαργία,καὶ
1735 2731 1950 2784 οἰνοφλυγία,
1978 2747 2036 2769 και
2069 2732 2254 2768 συνουσιῶν
2282 2731 2359 2767 ε’πι-

1341 2788 1456 2838 θυμία.
1475 2788 1564 2825 Τίνα
1582 2786 1626 2824 τὰ
1643 2785 1778 2837 σκληρὰ
1794 2786 1856 2830 τῆς
1876 2786 2012 2836 ψυχῆς,
2031 2781 2157 2834 Ὀργαὶ
2173 2781 2231 2819 καὶ
2249 2781 2358 2819 αὐθά-

1340 2842 1428 2878 δειαι
1442 2870 1451 2886 ,
1474 2836 1520 2878 ὧν
1537 2843 1554 2878 ὃ
1572 2841 1709 2881 Παῦλος
1724 2837 1785 2884 τὴν
1803 2836 1977 2889 ἀναίρεσιν
1997 2834 2221 2884 ποιούμενος,
2241 2832 2337 2883 ἔλεγε
2351 2848 2358 2856 ·

1339 2893 1400 2939 Μὴ
1423 2892 1554 2943 κώμοις
1575 2891 1633 2929 καὶ
1657 2891 1798 2940 μέθαις,
1824 2888 1872 2938 μὴ
1900 2888 2030 2931 κοίταις
2062 2887 2121 2924 καὶ
2146 2885 2359 2936 ἀσελγείαις,

1343 2945 1391 2995 μὴ
1419 2944 1505 2996 ἔριδι
1527 2943 1585 2982 καὶ
1606 2944 1699 2990 ζήλω
1713 2958 1720 2965 ·
1736 2943 1812 2980 ἀλλ’
1833 2940 2016 2979 ἐνδύσασθε
2035 2939 2092 2976 τὸν
2114 2937 2240 2989 Κύριον
2259 2940 2360 2986 ἡμῶν

1338 2998 1471 3044 Ἰησοῦν
1489 2995 1649 3047 Χριστόν.
1687 2998 1819 3044 Ομοιον
1833 2993 1942 3031 τοίνυν
1963 2996 1983 3038 ἡ
2004 2998 2118 3043 χρῖσις
2134 2994 2176 3042 τῇ
2202 2989 2334 3027 ε’νδύσει
2348 3017 2357 3035 ,

1338 3051 1393 3088 ὅτε
1417 3052 1466 3101 τῷ
1500 3050 1651 3100 Χριστοῦ
1681 3047 1783 3085 πάθει
1818 3044 2070 3098 μορφούμενοι,
2098 3042 2160 3088 τὴν
2190 3043 2359 3093 ἁγιότητα

1337 3101 1621 3153 περιὸαλλόμεθα
1637 3104 1695 3137 τοῦ
1714 3100 1884 3151 Χριστοῦ,
1906 3096 1993 3147 μήτε
2014 3098 2060 3139 εἰς
2084 3093 2208 3141 ἡδονὰς
2237 3092 2358 3131 ἐκλυό-

1339 3170 1457 3204 μενοι,
1479 3153 1567 3204 μήτε
1582 3155 1630 3196 εἷς
1650 3150 1775 3202 θυμοὺς
1791 3147 2091 3201 ἐκτραχυνόμενοι.
2110 3147 2223 3184 Καλὸν
2241 3145 2276 3183 δὲ
2297 3145 2356 3182 καὶ

1337 3213 1407 3250 τοῖς
1420 3207 1599 3257 λογισμοῖς
1613 3207 1741 3242 ῃεῖπεῖν
1755 3202 1890 3254 χρίσμα
1914 3200 1972 3239 καὶ
1991 3200 2187 3249 ἐπένδυμα,
2211 3196 2312 3249 σοφία
2333 3200 2354 3241 ἡ
