2507 3673
788 196 828 224 ΙΝ
865 195 1145 225 PUBLICANUM
1183 194 1234 223 ET
1270 190 1545 222 mmmm-:mh

112 277 305 328 δεξάμενος,
334 281 394 315 τοῦ
416 276 593 328 προὸάτου
611 275 668 313 τὸν
685 275 787 314 λύκον
811 275 951 320 ἐδίωξας
966 305 976 324 ,
997 275 1057 314 καὶ
1077 274 1136 313 τὸν

111 337 272 385 λυσσώδη
298 337 481 384 ἀπήλασας
505 336 652 374 ἔνοικον·
681 339 730 387 τῷ
751 336 905 389 κορασίῳ
934 336 1136 389 χαρισάμε-

110 415 164 442 νος
182 400 298 450 νῆψιν,
319 402 380 444 τῆς
409 398 537 449 μητρὸς
566 398 622 435 τὸν
653 400 774 449 θρῆνον
804 397 1040 440 κατέπαυσας.
1066 398 1136 434 Mt-

110 465 204 511 κροῖς
237 459 354 512 ἄρτοις
381 461 513 504 πλῆθος
542 461 574 496 ἐν
596 459 716 510 ἐρήμῳ
735 458 926 510 διέθρεψας.
958 457 1136 507 Λιμώττω

110 519 207 572 κάγὼ
223 520 440 567 δικαιοσύνης
453 520 566 570 λιμὸν,
587 520 709 571 μικρὸν
724 522 786 565 τ’ἧς
803 523 866 566 σῆς
876 516 1136 571 φιλανθρωπίας

109 581 226 632 ψιχίον
256 583 429 628 ἐπιζητῶ·
455 584 501 624 ὡς
532 581 591 618 ἕνα
617 581 708 631 κάμὲ
730 583 797 618 τῶν
829 577 1133 631 μνημονευθέντων

109 642 265 687 ἐλέησον.
297 642 539 693 Κατέστιγμαι
560 643 622 689 τὴν
649 641 778 694 ψυχὴν,
799 644 845 684 ὡς
860 640 928 692 πρὸ
946 643 1008 685 τῆς
1024 655 1134 690 μετα-

110 702 203 746 νοίας
220 707 240 749 ἢ
261 703 370 755 πόρνη
385 720 392 726 ·
415 704 597 754 βδελυκτός
618 708 689 754 εἰμι
708 711 827 750 πᾶσιν,
847 706 892 746 ὡς
910 702 979 754 πρὸ
998 704 1060 747 τῆς
1076 706 1134 740 θε-

113 764 257 815 ραπείας
284 768 305 810 ἢ
336 765 521 817 αἱμόρρους
541 765 748 816 νομιζομένη
773 763 987 816 ἀκάθαρτος·
1008 779 1134 815 παρει-

112 825 211 875 μένος
245 824 315 875 εἰμὶ
342 825 404 871 τὴν
425 825 562 877 ψυχὴν,
584 828 642 863 τοῦ
666 824 827 875 σώματος
851 828 910 862 τοῦ
935 824 1135 876 παραλύτου

112 886 274 936 μειζόνως
287 901 295 909 ·
327 886 541 937 πεπήρωμαι
576 885 654 929 τοὺς
688 889 749 932 τῆς
781 887 895 938 ψυχῆς
929 885 1136 938 ὀφθαλμοὺς,

110 946 224 990 καθὼς
247 950 264 984 6
294 949 332 984 ἐκ
349 949 487 997 γενετῆς
503 946 628 999 τυφλὸς
647 949 705 984 τοῦ
721 945 901 997 σώματος·
922 947 1137 999 νενέκρωμαι

109 1013 181 1050 τοῖς
199 1006 479 1059 παραπτώμασι,
501 1007 819 1059 συγκεκλεισμένην
840 1007 930 1059 ἔχων
948 1010 981 1047 ἐν
999 1007 1137 1059 σώματι

109 1068 172 1116 τὴν
195 1067 323 1121 ψυχὴν,
354 1068 469 1111 καθὼς
497 1068 597 1120 ἔσχεν
625 1071 642 1106 6
668 1068 774 1121 τάφος
804 1069 862 1107 τὸν
883 1069 1065 1121 Λάζαρον·
1094 1068 1138 1107 τὰ

112 1128 254 1167 πάντων
277 1129 399 1181 σχεδὸν
434 1129 644 1183 ἐπιφέρομαι
683 1129 789 1168 δεινά.
831 1130 921 1168 Ἀλλ’
953 1134 970 1169 6
1005 1130 1138 1173 πάντας

110 1191 266 1237 ἐλεήσας,
286 1190 377 1242 κάμὲ
397 1191 662 1244 προσπίπτοντα
681 1191 864 1244 οἴκτειρον.
886 1191 930 1230 ‘O
948 1192 1050 1239 Θεὸς,
1065 1192 1139 1230 ἱλά-

111 1251 212 1299 σθητί
234 1269 293 1303 μοι
309 1255 358 1305 τῷ
374 1253 586 1304 ἁμαρτωλῷ.
614 1252 661 1290 Τί
678 1246 735 1291 οῧν
750 1255 767 1290 6
786 1252 1025 1305 φιλάνθρωπος
1042 1254 1140 1292 δικα-

110 1313 206 1359 στὴς,
226 1317 243 1351 6
260 1312 440 1365 φιλότιμος
460 1312 676 1365 ἀγωνοθέτης
698 1315 767 1351 τῶν
787 1313 981 1367 τρεχόντων
1002 1313 1059 1352 τὸν
1079 1317 1142 1361 τῆς

111 1374 297 1424 μετανοίας
317 1374 466 1425 δρόμον,
490 1374 558 1412 Καὶ
577 1379 637 1412 τοῦ
655 1374 856 1426 Φαρισαίου
875 1376 1141 1426 μεγαλαυχοῧν-

108 1451 165 1478 τος
185 1435 355 1487 ἠνείχετο,
377 1435 511 1473 καὶτοῦ
524 1434 674 1473 τελώνου
695 1440 943 1485 μετανοοῦντος
963 1435 1140 1488 ἐτέρπετο·

104 1497 223 1543 ἐπειδὴ
252 1497 287 1535 δὲ
317 1500 334 1535 6
359 1496 421 1547 μὲν
448 1503 518 1539 τοῖς
554 1496 707 1549 ῥήμασιν
749 1496 869 1550 ὥσπερ
891 1496 1031 1548 ἀνέμοις
1051 1513 1139 1551 σφο-

108 1560 200 1610 δροῖς
219 1561 280 1605 τῆς
305 1559 419 1610 ψυχῆς
438 1558 496 1595 τὸν
516 1558 650 1609 καρπὸν
666 1557 884 1605 ἀπετίναξεν,
905 1561 922 1596 6
939 1557 975 1595 δὲ
998 1558 1139 1610 συντρί-

109 1621 177 1672 ψας
195 1620 315 1658 ἑαυτὸν
331 1649 341 1667 ,
359 1622 419 1658 οὐκ
438 1618 613 1671 ἐξεδέχετο
636 1619 739 1657 ἄλλον
766 1619 959 1671 κατήγορον
973 1650 982 1667 ,
1002 1619 1139 1672 ἑκάστῳ

109 1681 148 1719 τὸ
163 1681 247 1732 πρὸς
267 1680 364 1725 ἀξίαν
383 1679 560 1731 ἀπένειμε.
589 1680 660 1718 Τὸν
679 1679 740 1731 μὲν
756 1679 823 1732 γὰρ
840 1679 994 1727 τελώνην
1015 1682 1137 1720 ἑαυτοῦ

108 1741 335 1794 γεγενημένον
364 1742 575 1793 κατήγορον,
604 1740 780 1794 ἐλεύθερον
803 1742 917 1793 ἀφῆκε
936 1745 1002 1789 τῆς
1021 1758 1137 1781 κατα-

110 1803 269 1856 κρίσεως,
289 1803 346 1841 τὸν
367 1803 401 1841 δὲ
418 1804 616 1854 Φαρισαῖον
631 1805 678 1846 εἷς
696 1803 799 1853 μέσον
819 1803 997 1856 προθέντα
1014 1803 1058 1841 τὰ
1074 1820 1137 1843 κα-

109 1863 332 1916 τορθώματα,
352 1862 556 1917 πενέστερον
580 1869 641 1902 τοῦ
667 1863 819 1902 τελώνου
839 1864 1024 1917 ἀπέφηνεν.
1052 1864 1137 1917 Ἀμ-

109 1925 264 1979 εροτέροις
278 1930 295 1964 6
308 1925 446 1977 τρόπος,
461 1928 510 1976 τῷ
528 1925 589 1976 μὲν
605 1924 765 1968 ὑπόθεσις
778 1925 899 1968 πενίας
915 1928 962 1969 εἷς
975 1928 1136 1975 πλοῦτον,

108 1990 158 2040 τῷ
179 1989 213 2026 δὲ
234 1990 272 2026 ἐκ
290 1985 440 2025 πλούτου
461 1988 508 2030 εἷς
524 1985 701 2038 πτωχείαν
719 1986 906 2037 ὀλίσθημα.
928 1987 975 2025 Τί
991 1987 1058 2041 γάρ
1077 2004 1136 2040 φη-

110 2065 163 2088 σιν
182 2052 199 2087 6
214 2047 413 2095 Δεσπότης,
439 2047 547 2098 Ἀμὴν
569 2047 672 2099 Λέγω
689 2050 784 2098 ὑμῖν,
811 2047 943 2095 κατέὸη
962 2041 1059 2093 οὗτος
1080 2050 1136 2088 δε-

110 2109 337 2160 δικαιωμένος
363 2111 411 2152 εἰς
435 2109 492 2146 τὸν
514 2113 605 2147 οἰκον
626 2111 728 2147 αὐτοῦ
741 2139 750 2157 ,
767 2107 789 2155 ἢ
807 2110 946 2152 ἐκεῖνος.
964 2108 1012 2148 Ὢ
1028 2105 1144 2149 πόσον

109 2171 214 2209 κακὸν
231 2175 293 2217 τῆς
307 2169 545 2223 ὑπερηφανίας
561 2170 599 2208 τὸ
613 2169 764 2220 νόσημα.
798 2170 1012 2221 Κατάκομος
1029 2173 1136 2219 ἀνῆλ-

109 2235 163 2270 θεν
180 2235 197 2270 6
212 2233 408 2285 Φαρισαῖος
431 2230 550 2282 ὥσπερ
568 2230 687 2268 ἄνθεσι
704 2237 775 2274 τοῖς
790 2231 1040 2285 κατορθώμασι
1057 2249 1135 2272 cre-

109 2293 337 2346 φανούμενος·
359 2292 552 2331 συνώδευσε
567 2291 679 2344 τούτῳ
700 2295 717 2330 6
736 2291 889 2339 τελώνης
908 2292 1024 2341 πάσης
1045 2296 1133 2334 ἀπο-

106 2352 224 2404 λογίας
240 2351 381 2403 γυμνός.
409 2351 501 2390 Ἀλλ’
518 2353 535 2389 6
552 2351 613 2401 μὲν
633 2350 801 2404 εὐκαίρως
817 2352 937 2391 ἑαυτὸν
956 2353 1133 2392 ταπεινώ-

109 2430 169 2458 σας
191 2413 310 2465 ὑψώθη
325 2429 332 2436 ·
363 2415 380 2450 6
409 2412 444 2450 δὲ
470 2412 555 2464 πρὸς
577 2412 720 2464 ἄκαιρον
742 2412 825 2465 ὕψος
845 2413 1029 2458 ἀκοντίσας
1049 2417 1133 2454 ἑαυ-

107 2475 178 2522 τὸν,
198 2474 458 2525 καταγέλαστον
484 2472 649 2523 ὑπέμεινε
667 2473 858 2524 γύμνωσιν.
889 2476 967 2513 Οὐκ
987 2470 1030 2522 ἦν
1052 2475 1132 2528 βέλ-

107 2551 180 2573 τιον
197 2535 394 2587 ὑφειμέναις
409 2533 609 2587 χρήσασθαι
625 2539 701 2577 ταῖς
717 2541 845 2586 φωναῖς
859 2551 869 2583 3
885 2537 948 2574 οὐκ
961 2530 1002 2583 ἦν
1020 2542 1134 2588 κρεῖτ-

108 2612 165 2634 τον
187 2598 333 2634 ἀκοῦσαι
353 2598 416 2641 τῆς
430 2598 649 2648 προφητικῆς
664 2599 778 2647 φωνῆς
794 2595 972 2647 λεγούσης,
995 2600 1134 2637 Ταπει-

109 2658 242 2704 νώθητε
274 2657 417 2696 §vt-'mim
446 2657 599 2709 Κυρίου,
620 2657 679 2694 καί
707 2657 838 2710 ὑψώσει
864 2659 982 2709 ὓμᾶς;
1006 2662 1066 2699 οὐκ
1090 2656 1132 2708 ἦν

111 2721 242 2769 μᾶλλον
257 2718 430 2770 συμφέρον
447 2721 620 2769 κρατῆσαι
639 2720 702 2764 τῆς
719 2718 894 2769 γλώσσης,
910 2721 970 2758 καὶ
985 2722 1133 2774 φυλάξαι

108 2779 165 2817 τὸν
184 2781 330 2818 πλοῦτον
347 2810 356 2827 ,
377 2780 412 2818 ὃν
434 2778 550 2823 πόνοις
569 2780 708 2822 πολλοῖς
725 2778 917 2829 ἐκτήσατο;
935 2780 996 2826 “Ac
1015 2782 1082 2837 γὰρ
1098 2787 1131 2823 ἐν

108 2840 223 2893 χρόνῳ
242 2840 432 2892 συνήγαγεν
456 2839 580 2892 ἀρετὰς
595 2870 604 2887 ,
631 2839 760 2883 ταύτας
783 2843 818 2878 ἐν
838 2843 962 2894 ἀκαρεῖ
980 2846 1068 2897 ῥοπῇ
1089 2847 1131 2897 τῇ

110 2905 205 2954 φωνῇ
233 2901 481 2954 διεσκόρπισεν.
509 2902 586 2940 Οὔκ
615 2901 743 2947 ἤκουσε
773 2901 866 2954 τάχα
893 2906 910 2941 6
937 2905 1134 2957 Φαρισαῖος

110 2963 149 3001 τὸ
169 2961 428 3015 γεγραμμένον,
448 2962 501 3000 ὅτι
521 2961 731 3015 Ἀκάθαρτος
747 2962 899 3001 ἐναντίον
916 2965 1047 3017 Κυρίου
1065 2973 1133 3009 πᾶς

111 3023 363 3075 ὑψηλοκάρδιος
378 3039 387 3070 ;
427 3024 505 3060 Οὐκ
533 3023 698 3074 ἐδιδάχθη
727 3022 767 3061 τὸ
795 3025 910 3068 καλῶς
939 3026 1133 3078 εἰρημένον,

111 3085 160 3123 ⁰0
173 3090 264 3123 ποιεῖ
274 3088 295 3131 ἡ
311 3083 404 3128 δεξιά
417 3099 490 3131 σου,
512 3084 560 3135 μὴ
574 3084 697 3135 γνώτω
714 3087 735 3131 ἡ
754 3086 921 3138 ἀριστερά
936 3102 995 3125 σου
1006 3104 1015 3135 ;
1028 3087 1135 3139 Τάχα

113 3146 148 3185 δὲ
165 3146 252 3198 ἔγνω
270 3145 461 3198 ἀμφότερα,
481 3147 556 3184 ἀλλ’
578 3149 599 3192 ἡ
621 3145 719 3198 ἰσχὺς
736 3150 798 3193 τῆς
816 3147 1009 3192 κενοδοξίας
1025 3148 1138 3197 ἐνίκη-

113 3224 183 3245 σεν.
212 3207 336 3257 ἹΙμεῖς
361 3209 418 3245 οὖν
444 3210 503 3243 τοῧ
522 3205 671 3245 τελώνου
687 3209 750 3253 την
771 3207 981 3246 ταπείνωσιν
1002 3209 1137 3257 κτησώ·
1161 3215 1185 3245 Ε

116 3272 216 3317 μεθα,
243 3267 304 3306 καὶ
336 3270 404 3305 τῶν
433 3267 698 3318 ἁμαρτημάτων
726 3267 766 3305 τὸ
788 3268 892 3321 βάρος
907 3269 1136 3322 ἀποθώμεθα·

118 3331 357 3384 ὑπερηφανίαν
387 3330 422 3370 δὲ
444 3331 671 3381 μισήσωμεν,
698 3331 742 3370 δι’
762 3326 803 3377 ἧς
825 3335 842 3370 6
861 3334 1058 3386 Φαρισαῖος
1081 3335 1139 3374 τὸν

119 3403 268 3439 πλοῦτον
284 3404 352 3440 τῶν
367 3404 497 3453 ἀρετῶν
526 3401 706 3440 ἀπώλεσεν
722 3418 730 3426 ·
754 3401 1013 3456 Ὑπερηφάνοις
1038 3404 1105 3459 γὰρ
1125 3409 1142 3446 6

2098 172 2188 234 705

1210 285 1280 310 non
1296 269 1430 309 excidit
1455 285 1462 304 :
1490 268 1598 306 fidem
1619 269 1712 305 enim
1744 271 1819 320 ejus
1851 270 2047 320 amplexus,
2064 269 2189 321 lupum

1210 325 1257 362 ab
1283 337 1348 361 ove
1368 321 1545 373 repulisti,
1569 334 1609 358 ac
1634 320 1813 357 rabiosum
1839 321 2053 371 inquilinum
2073 323 2190 371 exegi-

1210 376 1254 414 sti
1272 391 1279 412 :
1301 388 1454 423 cumque
1471 372 1628 424 puellula
1642 381 1702 409 tuo
1727 386 1871 409 munere
1889 373 1933 410 ad
1952 388 2073 411 sanam
2094 372 2189 412 men-

1211 437 1281 466 tem
1312 426 1487 475 rediisset,
1510 425 1645 462 luctum
1679 425 1834 476 parentis
1856 424 1995 462 sedasti.
2025 427 2190 464 Pauculis

1210 479 1363 532 panibus
1384 479 1419 516 in
1433 478 1570 516 deserto
1590 477 1855 514 multitudinem
1869 477 2036 515 nutriisti.
2062 478 2191 517 Esurio

1209 541 1243 569 et
1264 546 1328 583 ego
1355 531 1504 583 justitia:
1537 531 1673 578 esurie3
1698 530 1932 582 perexiguam
1965 529 2095 566 micam
2123 539 2191 568 tuae

1209 585 1437 636 benignitatis
1478 597 1647 635 exposco3
1688 582 1756 619 mei
1781 597 1920 633 quoque
1945 591 1984 619 ut
2015 582 2118 619 unius
2147 597 2193 620 ex

1209 638 1282 676 illis
1302 636 1586 675 commemoratis
1604 635 1782 672 miserere.
1806 636 1971 672 Animam
1985 634 2098 672 liabeo
2119 650 2193 672 ma-

1209 690 1300 729 culis
1319 689 1481 740 notisque
1500 697 1763 740 compunctam,
1793 701 1863 725 non
1883 701 1983 725 secus
2015 701 2056 725 ac
2082 702 2193 725 mere-

1210 744 1298 793 trix,
1320 742 1422 794 prius
1450 756 1558 792 quam
1578 740 1782 793 poeuitentia
1805 740 2195 778 duceretur:omuibus

1210 810 1290 834 sum
1307 794 1539 843 detestabilis,
1566 808 1633 831 non
1663 807 1760 831 secus
1786 807 1828 830 ac
1854 792 1982 830 mulier
2013 793 2196 843 sanguinis

1211 848 1313 887 fluxu
1337 848 1513 894 laborans,
1531 860 1609 897 quae
1629 856 1817 896 antequam
1843 854 2037 894 sanaretur,
2056 855 2196 897 reputa-

1211 902 1317 939 batur
1335 899 1520 938 immunda
1544 915 1551 935 :
1572 899 1703 950 majore
1727 898 1884 950 paralysi
1909 898 2047 935 laborat
2079 898 2197 936 anima

1213 968 1304 1001 mea,
1326 967 1433 1004 quam
1452 952 1642 1005 paralytici
1665 966 1792 1003 corpus
1815 967 1822 987 ε
1843 959 2037 988 excaecatos
2069 951 2197 989 animae

1213 1007 1333 1045 oculos
1354 1006 1482 1055 habeo,
1502 1005 1592 1043 sicut
1612 1005 1770 1057 corporis
1797 1018 1818 1041 a
1844 1003 2029 1042 nativitate
2059 1017 2169 1041 caecus
2189 1019 2196 1039 :

1213 1059 1366 1112 peccatis
1385 1067 1548 1097 enecatus
1568 1071 1659 1107 sum,
1688 1057 1844 1095 animam
1872 1056 2006 1094 habens
2040 1056 2200 1108 corporis

1214 1112 1384 1150 membris
1416 1111 1638 1160 conclusam,
1659 1124 1729 1148 non
1753 1123 1852 1148 secus
1884 1123 1925 1147 ac
1944 1109 2119 1146 Lazarum
2140 1124 2198 1148 se—

1213 1166 1380 1218 pulcrum
1411 1164 1580 1213 habebat3
1605 1163 1770 1201 omnibus
1807 1176 1895 1215 pene
1928 1161 2054 1201 videor
2095 1162 2200 1199 malis

1214 1228 1376 1256 onustus.
1393 1219 1530 1257 Verum
1550 1216 1613 1267 qui
1631 1216 1792 1253 omnium
1811 1215 2000 1264 misereris,
2019 1215 2089 1252 mei
2111 1229 2198 1265 quo-

1215 1286 1286 1322 que
1322 1280 1356 1308 te
1398 1270 1574 1308 misereat.
1611 1270 1718 1306 Deus
1756 1270 1944 1320 propitius
1990 1275 2070 1305 esto
2105 1269 2201 1305 mihi

1214 1326 1421 1376 peccatori.
1453 1322 1553 1369 Quid
1579 1335 1663 1373 ergo
1701 1330 1822 1359 contra
1849 1320 1967 1359 Judex
2001 1320 2201 1372 benignus?

1216 1376 1306 1426 quid
1324 1375 1517 1414 munificus
1531 1374 1752 1426 Agonotbeta
1773 1387 1969 1422 cursorum,
1988 1373 2049 1424 qui
2071 1374 2107 1411 in
2127 1383 2200 1411 sta-

1215 1429 1276 1466 dio
1296 1428 1508 1481 poenitentiae
1533 1427 1704 1465 currunt?
1723 1426 1771 1464 Et
1789 1426 1967 1463 Pharisaeo
1987 1440 2023 1463 se
2047 1426 2203 1477 jactante

1216 1481 1399 1529 sustinuit,
1416 1490 1450 1518 et
1479 1480 1670 1532 publicano
1689 1479 1882 1531 poenitente
1910 1478 2104 1517 delectatus
2123 1488 2173 1517 est
2192 1495 2200 1516 ε

1215 1543 1403 1585 postquam
1424 1542 1543 1570 autem
1570 1532 1631 1569 hic
1663 1531 1809 1581 quidem
1826 1531 1945 1569 verbis
1974 1532 2076 1581 quasi
2095 1531 2201 1570 vehe-

1214 1587 1395 1624 mentibus
1412 1586 1528 1623 ventis
1546 1585 1672 1622 animae
1691 1584 1848 1621 fructum
1866 1583 2034 1632 decussit,
2047 1584 2108 1621 ille
2118 1598 2203 1623 vero

1214 1639 1371 1692 seipsum
1402 1638 1563 1688 affligens
1583 1637 1696 1674 alium
1721 1645 1961 1674 accusatorem
1985 1649 2054 1673 non
2074 1651 2204 1689 exspe-

1214 1692 1334 1741 ctavit,
1364 1691 1556 1741 unicuique
1583 1703 1647 1742 pro
1681 1689 1855 1741 dignitate
1885 1687 2083 1726 distribuit.
2112 1691 2204 1728 Nam

1214 1745 1446 1797 publicanum
1463 1742 1611 1795 quidem
1626 1742 1687 1793 qui
1709 1742 1865 1794 suipsius
1884 1751 2067 1779 accusator
2089 1742 2204 1781 factus

1213 1807 1302 1848 erat,
1320 1798 1473 1836 liberum
1496 1796 1541 1834 ab
1565 1796 1662 1833 omni
1692 1795 1919 1832 damnatione
1933 1794 2087 1844 dimisit,
2103 1795 2203 1834 Pha-

1212 1850 1357 1889 risaeum
1376 1864 1459 1888 vero
1487 1849 1549 1900 qui
1576 1863 1639 1886 sua
1664 1857 1756 1886 recte
1783 1848 1875 1885 faeta
1893 1847 1930 1885 in
1950 1847 2111 1886 medium
2127 1863 2203 1899 pro.

1212 1904 1363 1952 tulerat,
1388 1903 1580 1955 publicano
1611 1902 1688 1954 ipso
1722 1900 1971 1954 pauperiorem
1997 1902 2201 1952 pronuntia—

1212 1957 1278 1995 vit.
1300 1956 1452 2007 Utrique
1467 1969 1583 1992 mores
1606 1953 1661 1992 sui
1683 1963 1715 1991 et
1735 1954 1843 1991 animi
1865 1962 1988 2002 status,
2008 1954 2091 1992 huic
2114 1955 2201 2005 qui-

1213 2009 1295 2047 dem
1327 2023 1372 2046 ex
1402 2016 1609 2060 paupertate
1637 2006 1855 2044 occasionem
1887 2006 2120 2056 divitiarum,
2147 2008 2202 2046 illi

1211 2076 1295 2102 vero
1321 2075 1367 2099 ex
1391 2061 1529 2099 divitiis
1553 2061 1695 2111 lapsum
1719 2059 1754 2096 in
1776 2058 2041 2096 mendicitatem
2066 2061 2200 2098 attule—

1211 2124 1307 2153 runt.
1325 2114 1424 2161 Quid
1448 2114 1541 2151 enim
1569 2113 1618 2150 ait
1639 2111 1838 2149 Dominus?
1865 2114 1977 2148 Amen
1997 2113 2097 2149 Dico
2123 2128 2198 2150 vo·
2214 2132 2396 2172 Lac.18v·‚4.

1213 2170 1284 2215 bis,
1304 2168 1500 2206 descendit
1515 2168 1578 2203 hic
1591 2165 1831 2218 justificatus
1852 2167 1892 2201 in
1913 2165 2067 2202 domum
2087 2179 2199 2204 suam

1211 2224 1260 2259 ab
1278 2222 1358 2259 illo.
1378 2222 1409 2259 O
1430 2228 1603 2270 quantum
1631 2218 1767 2255 malum
1795 2225 1846 2254 cst
1864 2218 2074 2268 arrogantia}
2099 2232 2197 2256 mor-

1210 2273 1298 2314 bus!
1330 2274 1424 2312 Bene
1455 2281 1613 2309 comatus
1649 2269 1806 2308 ascendit
1841 2269 2064 2320 Pharisaeus,
2094 2273 2197 2322 quasi

1211 2327 1373 2373 floribus,
1394 2335 1487 2364 recte
1515 2324 1619 2362 factis
1648 2332 1852 2371 coronatus3
1874 2322 2010 2361 itineris
2029 2323 2144 2362 socius
2164 2326 2195 2363 ei

1209 2380 1277 2418 fuit
1303 2379 1518 2432 publicanus
1546 2376 1642 2415 omni
1664 2376 1866 2414 defensione
1897 2375 2107 2424 destitutus;
2134 2379 2195 2415 sed

1209 2447 1291 2471 cum
1321 2433 1380 2470 hic
1405 2432 1518 2484 seipse
1543 2438 1740 2482 opportune
1761 2427 1998 2476 humiliasset,
2018 2429 2196 2468 exaltatus

1209 2496 1275 2537 est,
1297 2486 1358 2524 ille
1373 2499 1458 2524 vero
1478 2497 1559 2521 cum
1578 2482 1623 2520 ad
1637 2481 1865 2519 immodicam
1880 2494 1952 2519 sese
1967 2481 2193 2522 altitudinem

1208 2539 1406 2581 extulisset,
1431 2536 1475 2574 ad
1506 2534 1787 2587 ignominiosam*
1811 2533 1974 2571 redactus
2008 2544 2059 2573 est
2086 2535 2194 2574 nudi-

1207 2602 1329 2630 tatem.
1358 2591 1484 2628 Nonne
1515 2588 1625 2626 satius
1651 2587 1720 2624 fuit
1744 2586 1900 2624 remissis
1931 2595 1964 2624 et
1992 2587 2193 2627 humilibus

1208 2646 1260 2683 uti
1294 2642 1467 2683 vocibus?
1498 2654 1613 2678 nonne
1642 2639 1770 2677 melius
1800 2639 2043 2691 propheticam
2068 2655 2192 2680 vocem

1207 2697 1343 2745 audire,
1361 2709 1438 2746 quae
1457 2694 1507 2732 sic
1528 2693 1577 2732 ait
1594 2709 1601 2729 :
1617 2693 1899 2730 Humiliamini
1921 2695 1963 2730 in
1987 2704 2190 2746 conspectu
2202 2715 2309 2745 Jacob.
2321 2714 2352 2755 4·

1207 2752 1369 2789 Domini
1384 2764 1394 2784 .-
1411 2756 1446 2785 et
1476 2747 1666 2785 exaltabit
1693 2745 1793 2783 vos?
1825 2759 1939 2783 nonne
1970 2746 2094 2784 utilius
2122 2747 2190 2786 fuit
2208 2764 2253 2784 ιο.

1207 2804 1367 2854 linguam
1387 2799 1631 2852 comprimere,
1652 2812 1694 2836 ac
1722 2797 1868 2836 divitias
1890 2798 2081 2850 custodire,
2105 2814 2192 2851 quas

1208 2856 1331 2894 multis
1367 2853 1435 2892 sibi
1471 2852 1652 2890 laboribus
1680 2851 1928 2902 compararat?
1957 2853 2056 2899 Quas
2085 2852 2192 2904 longo

1207 2918 1363 2960 tempore
1393 2914 1624 2957 congregarat
1647 2903 1810 2951 virtutes,
1839 2917 1896 2941 eas
1924 2905 2089 2956 perbrevi
2116 2919 2193 2943 mo-

1208 2970 1325 2999 mento
1347 2973 1431 2997 voce
1459 2957 1640 3010 dispersit.
1663 2958 1743 2995 Non
1768 2955 1930 2994 audierat
1952 2957 2042 2995 forte
2060 2957 2192 2996 Phari-

1207 3028 1297 3052 saeus
1313 3012 1408 3064 quod
1425 3011 1596 3063 scriptum
1615 3019 1666 3048 est
1679 3025 1686 3046 τ
1699 3010 1928 3048 Immundus
1943 3011 2049 3061 apud
2064 3013 2192 3049 Deum
2204 3031 2293 3058 pm„
2310 3028 2389 3058 15⁴5,

1210 3068 1335 3105 omnis
1351 3066 1525 3104 sublimis
1544 3064 1684 3102 corde?
1701 3076 1770 3100 non
1793 3061 1883 3099 illud
1898 3063 2037 3114 egregie
2054 3064 2192 3101 dietum

1210 3119 1395 3167 didicerat,
1418 3117 1647 3170 taodsacit
1673 3116 1834 3153 dextera
1865 3124 1948 3165 tua,
1971 3118 2116 3153 nesciat
2141 3118 2194 3153 si-
2211 3135 2391 3167 muhssss.

1214 3175 1337 3210 nistra
1363 3175 1459 3209 tua?
1479 3171 1555 3208 Imo
1582 3169 1728 3206 sortasse
1747 3177 1937 3218 utrumque
1956 3177 2112 3216 noverat,
2135 3167 2197 3205 sed

1212 3231 1267 3271 vis
1291 3229 1496 3282 cupiditatis
1520 3228 1636 3266 inanis
1663 3227 1784 3279 gloriae
1800 3226 1895 3265 vicit.
1913 3227 1986 3263 Nos
2005 3226 2116 3276 igitur
2130 3241 2200 3278 pu—

1214 3289 1348 3328 blicani
1377 3287 1618 3326 humilitatem
1648 3286 1751 3323 nobis
1781 3298 2037 3336 comparemus,
2051 3294 2083 3322 et
2118 3299 2202 3337 pec-

1218 3357 1377 3386 catorum
1409 3345 1547 3398 pondus
1579 3343 1822 3395 abjiciamus:
1847 3342 2050 3393 superbiam
2087 3352 2205 3380 autem

1217 3405 1299 3446 odio
1328 3406 1536 3452 habeamus,
1568 3404 1667 3454 cujus
1693 3416 1797 3453 opera
1825 3400 1999 3439 virtutum
2032 3415 2113 3453 opes
2141 3415 2208 3454 pu-
