2507 3673
791 222 937 252 SERMO
972 222 1028 250 DE
1063 216 1505 260 PSEUDOI’ROPHETIS,
1544 217 1644 247 ETC.

183 303 263 352 και,
280 304 338 341 καὶ
357 306 378 350 ἡ
395 306 454 342 τοῦ
477 303 638 341 &mecho
661 303 821 354 ἀποταγὴ
848 304 904 341 καὶ
938 302 1021 353 πρὸς
1052 301 1201 354 Χριστὸν

184 356 333 408 συνταγὴ
347 387 356 404 ,
377 356 435 394 καὶ
460 356 504 393 τὰ
525 356 609 407 ἔργα
638 358 739 406 ἡμῶν
760 357 818 394 καὶ
850 359 885 394 αἱ
904 354 1063 406 πράξεις,
1085 353 1144 390 καὶ
1171 354 1204 390 οἱ

183 409 298 460 λόγοι,
316 410 374 447 καὶ
393 408 436 446 τὰ
458 409 706 458 ἐνθυμήματα,
726 408 784 447 καὶ
811 411 841 447 οἱ
864 406 1096 460 μετεωρισμοὶ
1110 436 1120 452 ,
1143 405 1202 442 καὶ

183 461 227 499 τὰ
253 463 390 513 γέλοια·
416 462 474 499 καὶ
504 461 618 499 πάντα
641 461 869 513 γεγραμμένα
897 460 985 512 ἔχων
1016 459 1155 511 ἔρχεται
1186 460 1204 494 ὃ

196 514 358 564 Χριστός.
388 514 517 552 Λοιπὸν
546 508 604 551 οὖν
630 515 664 551 τί
695 515 829 565 βούλει,
859 513 1052 565 ψεύσασθαι
1090 512 1202 561 αὐτῷ,

184 565 275 604 Ἀλλ’
305 568 367 605 οὐκ
386 570 460 605 ἔστι
491 567 650 605 δυνατόν·
673 569 705 605 ἐν
725 567 792 619 γὰρ
818 566 910 617 χειρὶ
943 565 1046 601 αὐτοῦ
1076 562 1135 600 καὶ
1163 562 1203 600 σὺ

184 619 244 656 καὶ
261 621 291 657 οἱ
310 620 406 671 λόγοι
421 636 492 658 σου.
510 620 613 658 Ἀλλὰ
635 621 752 670 βούλει
773 619 1004 671 κρύπτεσθαι,
1019 615 1110 653 Ἀλλ’
1144 616 1204 652 οὐκ

185 670 258 709 ἔστι
286 673 442 720 δυνατὸν,
461 673 579 719 ἐπειδὴ
608 674 642 710 ἐν
660 673 751 725 χειρὶ
784 672 888 708 αὐτοῦ
919 668 963 706 τὰ
989 666 1125 720 πέρατα
1144 669 1206 712 τῆς

185 727 270 775 γῆς,
302 726 361 763 καὶ
396 727 457 764 οὐκ
492 725 565 763 ἔστι
603 724 712 768 κτίσις
743 722 876 775 ἀφανὴς
909 720 1053 759 ἐνώπιον
1083 723 1205 758 αὐτοῦ·

186 777 301 815 πάντα
318 778 353 817 δὲ
372 778 486 830 γυμνὰ
511 778 569 815 καὶ
594 775 898 829 τετραχηλισμένα
917 779 988 817 τοῖς
1018 775 1208 824 ὀφθαλμοῖς

2163 213 2250 257 7¹7

1274 309 1388 351 pacta,
1397 309 1430 337 et
1445 297 1705 336 abrenuntiatio
1723 297 1921 345 diabolo,et
1934 295 2048 334 foedus
2059 308 2141 334 cum
2153 294 2255 332 Chri-

1275 361 1327 389 sto
1354 352 1494 399 initum,
1518 359 1635 387 nostra
1663 363 1803 399 quoque
1823 364 1927 401 opera
1946 358 1980 386 ct
2007 357 2114 397 gesta,
2130 347 2250 397 verba,

1274 404 1517 455 cogitationes,
1539 402 1630 450 ludi,
1650 401 1810 439 cachinni
1836 417 1843 436 :
1868 401 1986 438 omnia
2005 400 2178 452 descripta
2191 400 2254 436 ha-

1273 457 1361 494 bens
1388 465 1560 494 venturus
1587 464 1638 492 est
1666 454 1846 491 Christus.
1871 453 1969 500 Quid
1996 452 2147 501 denique
2176 452 2256 489 vis?

1276 509 1419 546 mentiri
1434 509 1486 546 illi
1499 509 1516 545 ’9
1529 508 1573 545 Id
1588 507 1664 544 fieri
1684 506 1804 557 nequit
1825 521 1832 541 ε
1854 505 1889 542 in
1911 518 2017 541 manu
2032 518 2164 555 quippe
2182 504 2258 555 ejus

1276 571 1310 600 et
1328 571 1366 599 tu
1389 571 1421 599 et
1435 561 1542 599 verba
1558 569 1618 597 tua
1633 568 1728 597 sunt.
1747 558 1818 597 Sed
1834 558 1888 595 vis
1911 556 2104 594 occultari?
2125 557 2258 594 Verum

1277 629 1346 652 non
1370 624 1482 667 potes,
1504 613 1587 664 quia
1618 612 1653 649 in
1680 626 1788 649 manu
1815 611 1890 662 ejus
1918 618 2001 646 sunt
2019 609 2107 646 fines
2123 617 2225 646 terrae
2246 624 2253 644 :

1277 670 1412 721 Neque
1437 676 1493 704 est
1530 673 1710 703 creatura
1737 663 1944 701 invisibilis
1978 665 2021 699 in
2054 670 2257 713 conspectu
2274 669 2458 709 llebr.4.·3.

1276 723 1386 772 eju5;
1410 720 1479 757 sed
1502 720 1635 756 omnia
1664 717 1770 755 nuda
1797 725 1833 753 et
1859 723 1995 767 aperta
2021 723 2111 753 sunt
2138 715 2259 752 oculis

1278 789 1297 811 e

187 831 302 877 αὐτοῦ,
314 830 372 869 καὶ
395 833 432 869 οὐ
449 831 606 882 κρυὸήσῃ
629 830 697 867 ἀπὸ
716 827 903 881 προσώπου
922 828 1037 864 αὐτοῦ.
1059 825 1143 864 Ἐὰν
1161 828 1208 870 εἷς
1233 834 1257 864 Ι)
1278 789 1373 863 (1](Ὓί5
1396 825 1433 864 in
1462 825 1603 873 coelum,
1625 823 1700 860 illic
1731 822 1807 874 ipse
1832 830 1899 869 est3
1921 820 1950 858 si
1981 819 2205 857 descenderis
2226 820 2260 857 in
2275 821 2306 850 8-

187 882 249 929 τὴν
270 884 412 936 οὐρανὸν
443 884 592 934 ἀναὸῇς,
613 882 711 925 αὐτὸς
740 884 810 919 ἐκεῖ
839 882 954 919 ἐστιν·
972 879 1029 917 ἐὰν
1054 879 1210 930 καταὸᾒς

187 937 234 979 εἰς
253 935 316 980 τὴν
346 935 509 982 &Coo-ome,
529 938 599 972 ἐκεῖ
629 934 789 985 πάρεστι.
812 933 1014 985 Γέγραπται
1036 931 1128 984 γὰρ,
1155 932 1210 970 ὅτι

188 987 334 1034 Πάντα,
354 988 419 1027 ὅσα
444 988 603 1034 ἐθέλησεν
626 989 643 1024 ὃ
672 987 797 1038 Κύριος
826 986 985 1032 ἐποίησεν
1014 987 1047 1022 ἐν
1077 987 1126 1037 τῷ
1156 987 1211 1022 οὐ·

189 1042 280 1092 ρανῷ
300 1041 359 1078 καὶ
375 1042 408 1082 ἐν
428 1044 470 1092 τῇ
491 1044 535 1092 γῇ
548 1071 557 1088 ,
577 1043 610 1079 ἐν
624 1046 699 1084 ταῖς
719 1040 930 1082 θαλάσσαις,
947 1037 1005 1075 καὶ
1032 1040 1065 1075 ἐν
1083 1037 1212 1081 πάσαις

187 1098 262 1135 ταῖς
291 1093 467 1137 &Coeo-om.
501 1094 548 1132 Τί
579 1088 635 1132 οὖν
662 1093 877 1143 ποιήσωμεν,
901 1090 1064 1142 ἀδελφοί,
1100 1091 1212 1128 Στενὰ

187 1147 271 1195 ἡμῖν
307 1147 524 1198 πανταχόθεν
542 1162 550 1169 ·
582 1147 693 1190 Αὐτὸς
719 1146 788 1198 γὰρ
817 1143 980 1196 γινώσκει
1009 1142 1054 1180 τὰ
1087 1142 1214 1195 κρύφια

188 1201 250 1243 τῆς
271 1199 416 1250 καρδίας
440 1199 499 1238 καὶ
527 1198 679 1252 νεφρούς.
706 1200 835 1250 Φυγεῖν
856 1199 916 1235 οὐκ
938 1197 1051 1235 ἔστιν·
1082 1198 1119 1234 οὗ
1146 1196 1214 1248 γάρ

189 1252 282 1289 ἐστιν
309 1252 344 1295 ὃς
369 1252 534 1296 ἑξελεῖται
567 1255 605 1290 ἐκ
624 1254 691 1289 τῶν
724 1254 852 1303 χειρῶν
884 1252 998 1288 αὐτοῦ.
1034 1248 1215 1300 Κρυὲἦναι

191 1303 359 1343 ἀδύνατον
373 1321 380 1328 ·
409 1305 551 1356 κατέχει
568 1304 634 1357 γὰρ
650 1305 707 1343 τὸν
729 1308 830 1355 γῦρον
867 1305 930 1348 τῆς
961 1306 1037 1353 γῆς,
1055 1301 1114 1339 καὶ
1137 1301 1215 1344 τοὺς

192 1361 440 1400 κατοικοῦντας
469 1359 503 1394 ἐν
539 1360 626 1408 αὐτῇ
646 1385 655 1401 ,
687 1357 771 1395 ὡσεὶ
808 1359 853 1394 ἀκ
880 1356 964 1398 ίδας.
999 1355 1216 1408 Ἀντιστῆναι

191 1412 253 1447 οὐκ
280 1411 350 1455 ἔνι,
378 1409 492 1453 καθὼς
513 1409 728 1463 γέγραπται,
749 1409 802 1447 ὅτι
827 1410 877 1446 Συ
907 1407 1051 1459 φοὲερὸς
1076 1410 1128 1454 εἰ,
1156 1407 1216 1445 καὶ

190 1462 242 1505 τίς
270 1462 516 1508 ἀντιστήσεταί
548 1477 614 1508 σοι,
631 1462 742 1504 Αὐτὸς
760 1461 827 1513 γὰρ
844 1460 1002 1504 δεσπόζει
1020 1462 1089 1496 τῶν
1120 1461 1217 1498 ἐπου-

193 1515 317 1566 ρανίων
358 1515 417 1553 καὶ
457 1515 618 1566 ἐπιγείων
649 1515 711 1552 καὶ
748 1513 1001 1565 καταχθονίων,
1031 1514 1048 1549 ὁ
1079 1511 1216 1561 μέλλων

192 1574 377 1622 καταργεῖν
395 1574 513 1606 πᾶσαν
548 1567 660 1619 ἀρχὴν
688 1567 746 1605 καὶ
777 1566 934 1610 ἐξουσίαν
966 1565 1025 1603 καὶ
1058 1565 1216 1614 δύναμιν.

193 1620 381 1673 Ἀπολογία
413 1623 474 1659 οὐκ
505 1620 576 1668 ἔνι,
605 1619 680 1658 οὐδὲ
710 1618 873 1672 ἀφορμὴ,
891 1618 970 1658 οὔτε
991 1618 1117 1656 ἔννοια.
1149 1616 1218 1654 Διὰ

191 1678 291 1712 τοῦτο
320 1674 389 1713 ἀπὸ
422 1673 581 1726 περάτων
618 1675 680 1719 τῆς
712 1675 776 1723 γῆς
802 1672 865 1716 ἕως
894 1671 1054 1723 περάτων
1083 1673 1105 1716 ἡ
1138 1669 1214 1707 θεία

194 1726 315 1779 Γραφὴ
335 1729 418 1778 βοᾷ,
437 1726 496 1764 καὶ
516 1732 698 1778 παραινεῖ,
712 1726 771 1763 καὶ
794 1725 930 1777 ἐλέγγει
943 1752 953 1770 ,
973 1724 1032 1762 καὶ
1048 1726 1219 1767 νουθετεῖ,

194 1779 252 1817 καὶ
274 1779 566 1831 διαμαρτύρεται,
583 1779 642 1817 καὶ
672 1779 819 1816 ἀπειλεῖ,
837 1770 899 1815 Διό
916 1793 1019 1829 φησιν
1047 1778 1064 1813 ὃ
1080 1775 1217 1814 Δεσπό-

192 1847 254 1879 της
269 1835 381 1882 ἡμῶν·
397 1831 442 1869 ‘O
456 1834 586 1869 ἀθετῶν
604 1848 660 1882 με,
674 1831 732 1869 καὶ
749 1830 797 1880 μὴ
811 1830 1001 1880 λαμὲάνων
1018 1828 1061 1866 τὰ
1079 1827 1220 1879 ῥήματά

196 1901 281 1936 μου,
299 1884 367 1936 ἐγὼ
390 1886 427 1922 οὗ
448 1883 555 1936 κρίνω
573 1884 675 1922 αὐτόν
688 1899 696 1906 ·
718 1886 735 1920 ὁ
756 1883 875 1935 λόγος,
891 1883 926 1921 ὃν
949 1881 1124 1929 ἐλάλησα,
1145 1897 1221 1932 κρι-

193 1944 243 1975 νεῖ
259 1939 358 1993 αωῦτὸν
381 1940 415 1975 ἐν
435 1941 477 1989 τῇ
508 1937 640 1989 ἐσχάτῃ
665 1935 792 1988 ἡμέρᾳ.
821 1936 891 1973 Καὶ
909 1935 1015 1973 πάλιν
1038 1934 1153 1986 λέγει·
1176 1935 1221 1971 Εἰ

196 1990 245 2041 μὴ
267 1993 370 2037 ἠλΟον
398 1991 457 2028 καὶ
491 1990 645 2035 ἐλάλησα
677 1991 811 2035 αὐτοῖς,
829 1987 1003 2038 ἁμαρτίαν
1026 1989 1087 2025 οὐκ
1107 1981 1220 2038 εἶχον·

195 2047 253 2081 ν’ὗν
274 2043 310 2081 δὲ
325 2043 497 2096 πρόφασιν
517 2045 578 2080 οὐκ
595 2042 711 2094 ἔχουσι
731 2042 810 2093 περὶ
826 2045 888 2087 τῆς
904 2040 1077 2093 ἁμαρτίας
1092 2042 1219 2077 αὐτῶν.

196 2096 392 2135 Ἠκούσατε
405 2127 415 2144 ,
434 2096 488 2134 ὅτι
508 2096 618 2138 οὐδεὶς
641 2095 816 2160 πρόφασιν
836 2094 925 2146 ἔχει.
947 2092 1104 2141 ”Οντως,
1125 2093 1220 2130 ἀδελ·

196 2148 253 2200 <in
266 2180 275 2196 ‚
296 2149 398 2188 στενὰ
413 2152 498 2199 ἡμῖν
519 2152 748 2200 πανταχόθεν.

250 2201 355 2241 Ἀλλὰ
382 2202 521 2246 πάντως
555 2218 608 2246 τις
641 2200 884 2254 ἀποκρίνεται,
912 2198 965 2239 δ’τι
997 2199 1067 2239 ἰδοὺ
1097 2200 1224 2243 ἱκανῶς

196 2255 343 2307 καθήψω
362 2257 463 2305 ἡμῶν
480 2254 537 2292 διὰ
558 2257 617 2293 τόὔ
642 2254 744 2305 λόγου
756 2284 766 2300 ,
789 2254 848 2292 καὶ
875 2253 919 2291 τὰ
936 2253 1126 2305 σκυθρωπὰ
1144 2252 1225 2291 ὑπέ-

197 2307 328 2355 δειξας,
363 2307 423 2346 καὶ
458 2307 519 2351 τὰς
543 2307 705 2352 κολάσεις
737 2307 961 2357 ὑπέμνησας,
993 2307 1052 2344 καὶ
1082 2305 1144 2349 τὰς
1170 2322 1225 2344 τι-

199 2360 333 2413 μωρίας
371 2361 566 2415 διεγράψικν),
603 2360 661 2398 καὶ
694 2363 868 2412 περισσῶς
900 2358 1122 2405 κατέπληξας
1165 2359 1224 2396 καὶ

196 2412 381 2471 ἒᾷοόὲησας.
403 2413 474 2451 Καὶ
506 2414 582 2451 οἰδα
615 2414 769 2459 ἀληθῶς,
789 2412 843 2452 ὅτι
876 2412 984 2455 οὕτως
1020 2411 1133 2450 ἐστίν·
1165 2411 1225 2449 καὶ

197 2468 273 2506 Οἶδα
286 2496 295 2512 ,
318 2465 369 2503 ὅτι
397 2466 540 2508 ἕκαστος
558 2467 654 2515 ὑμῶν
673 2464 753 2516 περὶ
776 2468 898 2503 ἑαυτοῦ
918 2465 1019 2517 λόγον
1049 2463 1224 2502 ἀποδώσει

197 2523 247 2572 τῷ
264 2520 367 2570 Θεῷ,
390 2518 449 2555 καὶ
468 2517 611 2560 ἕκαστος
630 2517 757 2569 Οερίσει
775 2516 792 2554 ὃ
812 2517 985 2569 ἔσπειρεν,
1002 2517 1061 2554 καὶ
1082 2516 1226 2559 ἕκαστος

198 2573 237 2610 τὸ
256 2571 340 2608 ἴδιον
370 2569 506 2622 φορτίον
531 2569 709 2620 βαστάσει.
728 2569 819 2607 Ἀλλ’
842 2573 888 2613 ὡς
916 2574 1028 2608 ταῦτα
1049 2569 1224 2619 ἀπήγγει-

199 2625 279 2671 λας,
299 2623 358 2661 καὶ
380 2625 426 2665 εἷς
447 2622 549 2673 μέσον
566 2623 716 2673 ἤγαγες,
736 2621 796 2659 καὶ
822 2622 1042 2669 κατέπληξας
1068 2621 1128 2659 καὶ
1148 2621 1226 2672 ἐφό-

201 2677 328 2723 Εησας,
348 2674 523 2718 ὑπόδειξον
544 2678 627 2725 ἡμῖν
657 2674 777 2712 λοιπὸν
798 2674 858 2711 καὶ
882 2679 944 2721 τῆς
975 2674 1149 2724 σωτηρίας
1167 2674 1225 2711 τὸν

199 2729 339 2781 τρόπον,
359 2728 414 2771 δὸς
437 2727 496 2765 καὶ
513 2730 575 2774 τῆς
595 2729 733 2776 πληγῆς
752 2726 814 2773 τὴν
837 2727 948 2765 ἴασιν·
980 2726 1100 2777 ὥσπερ
1134 2720 1226 2768 εἶπες

199 2783 244 2820 τὰ
263 2780 554 2827 καταπληκτικὰ,
576 2782 650 2818 εἷπε
668 2779 728 2817 καὶ
756 2779 800 2817 τὰ
821 2779 1010 2832 χαροποιά.
1033 2777 1123 2816 Ἰδοὺ
1159 2794 1226 2816 σω-

201 2838 301 2880 θῆναι
339 2833 448 2881 Θέλω,
475 2832 509 2870 τί
537 2833 692 2879 ποιήσω;
724 2835 798 2875 πῶς
825 2836 943 2878 σωθῶ;
983 2831 1072 2882 ποίῳ
1108 2830 1227 2882 τρόπῳ

200 2886 402 2938 χρ·ν’,σομαι;
441 2885 526 2938 πρὸς
571 2885 649 2923 τίνα
688 2883 966 2936 καταφεύξομαι;
1002 2883 1127 2921 Πολλὰ
1160 2882 1227 2933 γὰρ

200 2939 376 2991 ἥμαρτον,
410 2939 470 2976 καὶ
502 2940 535 2977 ἓν
562 2938 673 2990 ἔργοις
700 2936 760 2974 καὶ
806 2940 840 2975 ἐν
874 2937 1012 2988 λόγοις,
1034 2936 1092 2973 καὶ
1127 2937 1227 2972 ἑκου-

202 2992 282 3035 σίως
309 2991 368 3028 καὶ
402 2990 592 3039 ἀκουσίως,
615 2990 675 3028 καὶ
701 2991 738 3044 ἐν
755 2989 853 3027 νυκτὶ
871 2989 931 3027 καὶ
951 2991 984 3026 ἐν
1014 2988 1150 3039 ἡμέρᾳ,
1171 2986 1230 3024 καὶ

200 3043 292 3084 κατὰ
332 3050 448 3080 πᾶσαν
483 3042 589 3095 ὥραν.
623 3042 670 3080 Τί
700 3046 757 3080 οὐν
790 3042 953 3087 ποιήσω;
987 3044 1060 3083 πῶς
1099 3043 1228 3086 σωΟῶ,

200 3097 286 3149 πρὸς
315 3095 392 3133 τίνα
413 3095 689 3147 καταφεύξομαι;
712 3094 806 3145 Ἐγώ
837 3110 890 3132 σοι
923 3092 1015 3142 λέγω
1047 3092 1131 3144 πρὸς
1154 3091 1231 3128 τίνα

201 3148 415 3200 καταφύγῃς.
440 3147 484 3185 Ὁ
517 3148 686 3199 μακάριος
715 3147 824 3184 Δαυὶδ
853 3144 1008 3188 ὑπέδειξε
1038 3145 1123 3197 πρὸς
1153 3144 1232 3182 τίνα

587 3199 596 3213 Ι

1241 1570 1266 1600 F.

1247 2173 1276 2198 83

1248 2212 1274 2240 Α

1254 3047 1277 3077 Β

1278 878 1459 931 abyssum,
1477 877 1550 914 illic
1565 875 1676 913 adest.
1691 875 1876 927 Scriptum
1891 882 1941 911 est
1957 872 2051 910 enim
2072 888 2079 908 :
2104 874 2259 918 Omnia,
2279 885 2358 912 Ima.
2379 881 2448 918 134.

1280 945 1527 984 quoeczcmque
1555 929 1696 975 voluit,
1724 929 1914 965 Dominus
1925 927 2022 978 fecit
2042 928 2083 962 in
2103 926 2197 963 coelo
2227 926 2306 962 σιδ-

1280 988 1322 1021 ἱη
1342 993 1459 1029 terra,
1482 987 1524 1020 in
1546 984 1646 1019 mari
1665 990 1701 1018 et
1724 984 1764 1018 in
1784 981 1961 1018 omnibus
1987 980 2151 1027 abyssis.
2168 977 2266 1023 Quid

1281 1050 1364 1088 ergo
1381 1036 1561 1081 faciemus,
1579 1034 1728 1072 fratres?
1752 1031 1935 1083 Angustiae
1956 1045 2018 1068 nos
2033 1039 2149 1068 tenent
2164 1030 2267 1068 undi-

1281 1104 1350 1140 que
1367 1105 1374 1125 z
1389 1092 1476 1141 Ipse
1490 1091 1592 1126 enim
1608 1089 1713 1125 novit
1726 1086 1954 1124 abscondita
1968 1085 2093 1122 cordis
2109 1093 2142 1121 et
2153 1098 2263 1121 renes.
2284 1096 2361 1123 lhtd.
2379 1095 2430 1132 43.

1282 1143 1425 1193 Fugere·
1443 1156 1512 1179 non
1543 1141 1624 1177 licet
1641 1153 1776 1190 :neque
1804 1137 1899 1176 enim
1921 1146 1983 1186 est,
2003 1136 2066 1187 qui
2088 1151 2150 1174 nos
2170 1146 2269 1174 eruat
2284 1145 2334 1164 22·

1282 1195 1327 1232 de
1358 1195 1524 1232 manibus
1546 1194 1635 1245 ejus.
1659 1192 1838 1230 Abscondi
1861 1204 1962 1228 nemo
1982 1199 2116 1242 potest,
2138 1203 2268 1242 gyrum

1284 1248 1379 1285 enim
1401 1257 1517 1296 terrae,
1537 1255 1571 1284 et
1591 1259 1710 1284 omnes
1731 1244 1931 1282 habitantes
1959 1244 1994 1280 in
2013 1243 2074 1280 illa
2094 1243 2195 1293 quasi
2217 1243 2269 1280 lo-
2283 1269 2335 1292 22·

1285 1310 1401 1339 custas
1424 1309 1528 1338 tenet.
1548 1299 1722 1337 Resistere
1752 1311 1822 1335 non
1849 1310 2049 1348 possumus,
2069 1295 2161 1333 sicut
2184 1295 2271 1333 scri-

1284 1363 1386 1405 ptum
1402 1362 1452 1391 est
1471 1369 1478 1389 :
1501 1354 1554 1390 Tu
1574 1352 1756 1389 terribilis
1769 1364 1822 1396 es,
1845 1358 1879 1386 et
1901 1351 1987 1401 quis
2006 1351 2156 1386 resistet
2176 1351 2272 1385 tihi?
2287 1351 2472 1394 Psal.75.8.

1285 1408 1364 1457 Ipse
1379 1419 1530 1455 namque
1544 1404 1750 1442 dominatur
1768 1402 1979 1449 caelestibus,
1996 1401 2221 1439 terrestribus
2240 1409 2274 1438 et

1286 1458 1445 1505 infernis,
1463 1458 1525 1507 qui
1551 1457 1655 1494 debet
1674 1456 1853 1493 destruere
1874 1467 2015 1491 omnem
2034 1453 2276 1506 principatum

1287 1520 1321 1548 et
1337 1519 1545 1562 potestatem
1559 1519 1593 1547 et
1612 1508 1794 1548 virtutem.
1810 1506 2005 1544 Excusatio
2026 1506 2124 1543 nulla
2139 1515 2201 1555 est,
2214 1520 2278 1543 nec

1287 1563 1464 1611 obtentus,
1485 1576 1598 1613 neque
1627 1561 1827 1599 consilium.
1850 1558 1934 1596 Ideo
1962 1573 1982 1596 a
2012 1559 2142 1596 finibus
2167 1573 2278 1609 usque

1287 1615 1334 1655 ad
1363 1616 1450 1653 fines
1482 1625 1584 1653 terrae
1615 1613 1738 1651 divina
1773 1611 1960 1663 Scriptura
1992 1611 2132 1660 clamat,
2154 1611 2279 1649 horta-

1288 1678 1362 1717 tur,
1379 1667 1510 1719 arguit,
1530 1676 1660 1715 monet,
1675 1665 1900 1711 testificatur,
1919 1664 2168 1702 comminatur.
2183 1664 2280 1710 Qua-

1288 1730 1434 1774 propter
1461 1720 1639 1758 Dominus
1665 1727 1782 1757 noster
1803 1717 1854 1755 ait
1877 1732 1884 1753 ι

1289 1783 1326 1812 et
1347 1789 1424 1812 non
1440 1776 1583 1826 accipit
1603 1775 1725 1810 verba
1740 1784 1840 1816 mea,
1860 1782 1924 1820 ego
1938 1783 2007 1806 non
2018 1769 2142 1820 judico
2156 1769 2277 1806 illum:
2293 1771 2345 1811 48-

1290 1828 1359 1865 sed
1369 1841 1506 1872 sermo,
1523 1840 1635 1878 quem
1652 1826 1832 1876 loquutus
1852 1836 1950 1868 sum,
1960 1823 2154 1874 judicabit
2168 1823 2281 1860 illum

1290 1883 1331 1917 in
1356 1882 1564 1917 novissimo
1593 1879 1665 1916 die.
1685 1879 1912 1926 Rursumque
1936 1874 2096 1913 dicinsi
2117 1889 2195 1912 non
2212 1890 2280 1913 ve·
2297 1889 2374 1915 Ima.
2400 1885 2444 1914 15.

1292 1935 1432 1970 nissem
1450 1940 1487 1968 et
1514 1933 1710 1983 loquutus·
1715 1931 1875 1979 fuissem
1894 1930 1962 1973 eis,
1980 1936 2181 1977 peecatum
2203 1943 2282 1965 non
2297 1938 2345 1957 22·

1291 1987 1493 2029 lzaberent;
1515 1997 1617 2022 nunc
1649 1991 1780 2021 autem
1805 1982 2093 2018 excusationem
2115 1994 2193 2018 non
2212 1983 2282 2018 Ιια-

1293 2040 1382 2075 bent
1402 2038 1449 2074 de
1465 2044 1622 2088 peccato
1635 2049 1716 2073 suo.
1732 2032 1892 2071 Audistis
1904 2032 2001 2082 quod
2018 2046 2119 2070 nemo
2136 2047 2284 2072 excusa-

1292 2091 1424 2129 tionem
1451 2090 1594 2127 habeat.
1613 2088 1789 2135 Profecto,
1808 2086 1953 2132 fratreS,
1980 2085 2152 2136 angustiae
2181 2086 2284 2124 nobis

1295 2153 1376 2183 sunt
1396 2143 1569 2195 undique.

1347 2199 1409 2235 11.
1439 2197 1512 2235 Sed
1532 2193 1759 2248 respondebit
1776 2192 1957 2246 quispiam
1981 2208 1988 2228 :
2010 2192 2104 2231 Satis
2124 2206 2186 2230 nos
2213 2207 2284 2230 ser-

1295 2264 1397 2289 mone
1424 2260 1486 2288 tuo
1520 2249 1689 2300 tetigisti,
1712 2248 1830 2285 tristia
1862 2245 2081 2293 exhibuisti,
2108 2245 2285 2297 supplicia

1295 2302 1599 2346 commemorasti,
1629 2301 1806 2339 cruciatus
1837 2297 2078 2350 descripsisti,
2107 2307 2141 2335 et
2175 2312 2284 2350 supra

1295 2357 1444 2395 modum
1469 2355 1653 2408 perculisti
1684 2368 1724 2392 ac
1752 2351 1923 2390 terruisti.
1953 2350 2035 2388 Scio
2061 2350 2183 2400 utiquc
2210 2365 2284 2388 rem

1296 2410 1343 2448 ita
1365 2424 1400 2447 se
1422 2410 1552 2446 habere
1571 2424 1578 2444 z
1600 2407 1685 2445 novi
1707 2417 1996 2455 unumquemque
2022 2411 2183 2441 nostrum
2209 2404 2285 2440 Deo

1295 2462 1468 2499 rationem
1486 2475 1559 2499 esse
1574 2459 1812 2505 redditurum,
1830 2469 2099 2505 messurumque
2119 2455 2214 2506 quod
2234 2469 2285 2492 se-

1296 2514 1457 2560 minavit,
1478 2528 1517 2551 ac
1541 2512 1727 2564 proprium
1746 2524 1834 2547 onus
1860 2517 2084 2561 portaturum
2112 2522 2195 2545 esse.
2212 2510 2285 2547 Ve-

1296 2581 1376 2604 rum
1399 2576 1437 2603 ut
1463 2567 1539 2603 haec
1558 2563 1789 2609 denuntiasti,
1806 2570 1840 2598 et
1856 2561 1892 2598 in
1908 2559 2067 2598 medium
2087 2559 2286 2607 adduxisti,

1295 2633 1427 2670 nosque
1448 2616 1629 2670 perculisti
1648 2630 1688 2653 ac
1705 2614 1877 2663 terruisti,
1900 2612 2025 2651 salutis
2043 2626 2182 2663 quoque
2207 2627 2285 2650 mo-

1295 2671 1383 2709 dum
1399 2671 1499 2708 nobis
1517 2669 1678 2716 ostende3
1696 2666 1838 2706 vulneri
1867 2664 2043 2703 medelam
2064 2664 2197 2703 adhibe
2220 2681 2227 2701 ε
2249 2675 2287 2703 ut

1296 2724 1470 2761 terribilia
1499 2721 1638 2769 dixisti,
1656 2720 1707 2758 sic
1732 2719 1886 2771 gratiosa
1916 2732 2050 2755 enarra.
2071 2718 2164 2755 Ecce
2191 2718 2284 2756 saiu-

1296 2787 1367 2814 tem
1400 2775 1565 2825 consequi
1598 2774 1693 2820 volo,
1719 2771 1806 2823 quid
1836 2771 1965 2808 faciam
1995 2780 2034 2808 ut
2067 2772 2286 2821 consequar?

1297 2843 1368 2879 quo
1387 2837 1467 2865 utar
1482 2827 1612 2865 modo?
1629 2825 1676 2863 ad
1690 2839 1796 2876 quem
1813 2824 2044 2875 confugiam?
2059 2823 2174 2860 Multa
2190 2837 2287 2860 nam·

1298 2894 1367 2931 que
1394 2880 1553 2933 peccavi,
1573 2878 1742 2931 operibus
1767 2887 1800 2915 et
1823 2877 1940 2924 dictis,
1968 2876 2088 2913 volens
2103 2884 2137 2912 et
2155 2876 2287 2927 impru-

1298 2934 1396 2982 dens,
1414 2941 1515 2970 nocte
1539 2941 1573 2969 et
1593 2931 1664 2979 die,
1686 2939 1719 2968 et
1745 2930 1781 2967 in
1810 2942 2035 2980 quacumque
2060 2927 2161 2965 hora.
2189 2928 2289 2975 Quid

1300 2999 1382 3037 crgo
1410 2985 1563 3023 faciam?
1597 2982 1783 3035 quomodo>
1811 2982 1964 3020 salutem
1996 2981 2214 3030 consequar?
2244 2979 2289 3016 ad

1299 3052 1405 3090 quem
1421 3037 1649 3089 confugiam?
1666 3036 1745 3087 Ego
1758 3035 1826 3072 tibi
1846 3034 1891 3071 ad
1911 3047 2016 3084 quem
2035 3033 2217 3082 confugias
2232 3032 2288 3068 di-

1302 3105 1390 3129 cam.
1401 3091 1530 3129 Beatus
1545 3088 1665 3127 David
1675 3087 1826 3126 ostendit
1839 3086 1885 3124 ad
1899 3100 2002 3136 quem
2015 3084 2290 3135 confugiendum

1303 3144 1360 3191 sit,
1374 3143 1431 3181 his
1444 3142 1564 3183 verbis
1585 3158 1592 3178 ε
1616 3143 1722 3179 Deus
1743 3149 1872 3178 noster
1888 3140 2078 3190 refugium
2095 3146 2129 3174 et
2149 3139 2287 3173 virtus.

1316 787 1375 817 us;
1393 786 1505 822 neque
1520 769 1691 809 occultari
1709 768 1840 822 poteris
1852 783 1872 806 a
1885 767 1973 805 facie
1987 768 2076 818 ejus.
2090 766 2127 804 Si
2142 780 2261 804 ascen-
2276 781 2362 809 Psal.
2391 780 2460 810 138,

2284 1175 2470 1214 lsai.43.13.

2285 1220 2365 1246 Ileid.
2380 1217 2432 1256 ζμ),

1911 1718 1985 1767 Qui
2014 1718 2174 1767 despicit
2203 1732 2275 1763 me,
2294 1733 2386 1759 Joan.
2412 1737 2459 1757 12.

203 3203 253 3239 δεῖ
272 3206 495 3252 καταφυγεῖν,
516 3201 639 3238 εἷπων·
658 3200 702 3237 ‘O
722 3200 811 3242 Θεὸς
842 3202 943 3248 ἡμῶν
964 3196 1147 3248 καταφυγὴ
1174 3196 1234 3234 καὶ

204 3254 358 3304 δύναμις.
395 3254 508 3291 Τοῦτο
541 3251 714 3295 ὑπέδειξεν
748 3251 808 3289 καὶ
840 3250 1004 3296 Ἰωάννης
1018 3281 1026 3296 ,
1062 3253 1079 3287 ὃ
1109 3249 1233 3299 μείζων

204 3306 344 3344 πάντων
361 3307 429 3342 τῶν
441 3307 642 3357 προφητῶν,
654 3304 764 3354 λέγων
777 3319 784 3326 ·
802 3302 873 3341 Ἴδε
889 3306 906 3341 ὃ
926 3302 1032 3353 ἀμνὸς
1046 3307 1105 3340 τοῦ
1124 3304 1235 3349 Θεοῦ,

207 3361 230 3396 ὁ.
246 3359 352 3409 αἴρων
378 3357 440 3403 τὴν
463 3357 637 3408 ἁμαρτίαν
658 3362 716 3394 τοῦ
744 3355 888 3405 κόσμου.
906 3357 1020 3393 Τοῦτο
1048 3354 1238 3406 ἀπήγγειλε

209 3410 265 3453 δαὶ
285 3414 302 3447 ὁ
323 3410 485 3461 ἅγγελος,
501 3409 630 3459 λέγων’
654 3408 762 3450 Αὐτὸς
779 3407 846 3459 γὰρ
867 3407 971 3446 σώσει
995 3408 1051 3445 τὸν
1073 3407 1155 3446 λαὸν
1175 3409 1237 3445 αὐ-

1301 3195 1344 3234 Id
1364 3196 1518 3234 ostendit
1534 3204 1566 3232 et
1585 3197 1749 3239 Joannes‚
1778 3193 1890 3243 major
1908 3190 2072 3227 omnibus
2089 3189 2286 3240 prophetis,
2305 3201 2490 3239 Psal.45.r.

1303 3249 1442 3295 dicens,
1469 3250 1572 3286 Ecce
1594 3260 1716 3298 agnus
1746 3246 1838 3291 Dei,
1863 3245 1928 3294 qui
1956 3241 2057 3278 tollit
2088 3249 2288 3291 peccatum
2303 3255 2488 3291 Joan.1.29.

1307 3302 1452 3339 mundi.
1472 3301 1548 3338 Iloc
1567 3296 1792 3336 annuntiavit
1811 3305 1843 3332 et
1863 3293 2021 3344 angelus,
2041 3291 2161 3330 dicens
2179 3308 2186 3328 :
2203 3296 2289 3344 Ipse
2303 3308 2425 3335 munh,
2462 3317 2489 3335 ι,

1307 3357 1409 3391 enim
1434 3354 1586 3390 salvum
1611 3352 1731 3401 saciet
1757 3347 1939 3399 populum
1958 3359 2066 3382 suum
2083 3359 2107 3382 a
2120 3348 2289 3395 peccatis
2305 3358 2353 3377 21·

1308 3420 1455 3450 eonon,-
1469 3419 1507 3441 nc
1524 3417 1664 3441 rursum
1678 3400 1847 3453 propheta
1860 3397 1980 3436 David
1991 3396 2285 3442 dicitzDomine,
2304 3406 2395 3436 Psal.
2420 3407 2486 3443 1142.

2303 3456 2331 3480 τ),
