2481 3678
69 2086 212 2115 311111713.
222 2087 249 2115 5.

297 236 381 281 190
761 235 797 266 S.

290 317 351 353 24.
384 318 567 354 abaciam
598 320 735 355 missus
744 319 882 370 ficerat
909 319 950 354 ιἰι
975 331 1193 364 carcerem,
1218 317 1269 354 51-

288 376 433 427 gnificat
462 378 580 428 utique
599 377 702 416 illum
731 391 799 416 non
820 377 990 414 hactenus
1021 377 1206 416 destitisse.
1227 378 1272 415 Et

288 451 350 474 cur
377 437 422 474 ad
439 437 530 474 illud
563 451 672 489 usque
700 447 839 489 tempus
866 437 1090 488 baptizavit?
1112 452 1191 476 nam
1213 438 1272 475 di-

836 236 1014 266 JoANMS
1049 236 1294 266 CHRYSOST.
1333 219 1535 266 Aimffltzt’.
1571 237 1919 270 CONSTANTINOP-

1343 318 1520 356 ἐπαύσατο
1540 318 1702 366 Ἰωάννης
1731 325 1831 360 τούτο
1850 324 1972 367 ποιῶν,
1997 323 2086 360 ἀλλὰ
2108 322 2282 372 μεμένηκε
2308 340 2365 363 και

1343 378 1444 421 αὐτὸς
1472 379 1663 429 βαπτίζων,
1691 397 1749 418 και
1776 381 1881 433 μέχρι
1905 398 1967 428 της
1993 384 2039 426 εἷς
2063 397 2102 419 το
2129 384 2367 435 δεσμωτήριον

1344 440 1536 490 εἰσαγωγῆς
1552 456 1652 479 τουτο
1670 440 1843 492 ἔπραττε,
1865 442 1918 480 Τὸ
1936 442 2002 494 γὰρ
2024 445 2145 490 εἰπεῖν,
2167 445 2232 480 Ἤν
2255 443 2288 482 δὲ
2308 445 2367 482 καὶ

287 498 427 548 gniores
439 501 522 537 ι16511
532 498 727 550 (115611111105
741 498 965 547 declarasset,
979 498 1007 535 si
1021 498 1092 536 illis
1102 499 1271 551 incipien-
1283 529 1329 552 155
1345 498 1508 546 Ἰωάννης
1536 501 1710 550 βαπτίζων
1735 503 1769 539 ἐν
1793 501 1926 539 Αἰνών·
1955 518 2013 540 και
2034 504 2237 554 ἐπαγαγεῖν,
2254 504 2366 542 Οὔπω

289 558 402 606 tibus,
431 558 505 609 ipse
524 558 721 596 destitisset.
747 558 819 594 Cur
847 571 930 608 ergo
966 558 1194 609 baptizabat?
1221 559 1272 596 Ne.
1295 566 1317 593 A

287 618 480 670 discipulos
508 632 589 655 51105
619 618 654 656 111
689 620 857 670 majorem
883 618 1059 657 invidiam
1079 628 1271 657 6160111611-

285 678 415 715 tionem
444 679 642 729 conjiceret.
668 681 758 717 Nam
787 678 814 716 si
835 692 927 730 saepe
954 678 1162 726 clamando,
1198 679 1269 730 pri-

285 753 430 789 musque
463 739 605 777 Christo
643 739 862 778 concedendo
874 769 885 789 ,
920 753 1060 790 seseque
1097 739 1268 777 minorem

285 799 509 850 praedicando
532 814 599 838 non
619 800 791 853 persuasit
810 800 882 837 illis
901 808 938 837 ut
957 799 1002 837 ad
1023 814 1103 837 eum
1122 800 1268 837 accede-

285 869 359 898 rent
376 876 383 896 z
400 861 428 898 si
447 861 514 899 hoe.
528 862 631 899 etiam
647 862 846 914 adjecisset,
862 861 966 912 longe
985 861 1269 899 contentiosiorcs

283 921 363 959 illos
378 922 600 961 reddidisset.
609 922 692 961 Ideo
705 923 867 960 Christus
879 931 962 960 tune
977 921 1132 959 maxime
1142 922 1268 974 praedi-

282 997 359 1021 care
369 984 493 1035 coepit,
509 984 644 1022 cumde
655 983 771 1022 medio
786 983 946 1020 sublatus
959 991 1009 1021 est
1021 984 1182 1022 joannes.
1199 983 1268 1019 Pu-

283 1053 317 1081 to
329 1054 447 1082 31116111
464 1045 541 1082 ideo
556 1045 660 1083 citius
676 1047 845 1083 Joannem
860 1052 972 1080 morte
988 1043 1168 1080 sublatum
1183 1042 1267 1080 fuis-

280 1119 332 1153 se,
351 1116 387 1144 ut
405 1107 512 1144 totius
530 1106 771 1144 multitudinis
789 1104 899 1142 animi
921 1103 967 1140 ad
987 1103 1170 1140 Christum
1186 1117 1266 1140 con-

279 1180 292 1201 1
304 1175 499 1204 crtercntur
508 1198 517 1216 ,
533 1181 645 1216 neque
660 1165 814 1216 amplius
827 1164 918 1201 61163
932 1163 1055 1200 ambos
1068 1162 1267 1200 scinderen-

279 1235 346 1262 tur.
372 1227 545 1264 Praeterea
558 1227 644 1264 dum
664 1225 864 1277 baptizabat
885 1225 1047 1274 joannes,
1069 1236 1138 1260 non
1159 1223 1267 1261 finem

274 1288 425 1326 faciebat
465 1289 631 1327 monendi
661 1297 693 1326 et
716 1300 843 1338 magna
865 1286 910 1323 de
927 1287 1010 1325 Jesu
1035 1285 1264 1337 praedicandi.
1289 1286 1311 1315 Β

278 1349 482 1401 Baptizabat
493 1365 575 1389 vero
588 1349 772 1388 1311111111111
785 1362 864 1386 611111
876 1347 935 1398 qui
950 1356 1029 1399 post
1041 1361 1077 1384 se
1093 1356 1266 1386 venturus

275 1419 363 1458 erat,
383 1419 421 1448 ut
436 1411 471 1448 in
486 1425 565 1448 611111
583 1410 774 1449 crederent.
794 1409 866 1456 Qui
882 1409 993 1459 igitur
1006 1407 1074 1446 1106
1092 1407 1264 1460 praedica-

274 1470 355 1519 1131,
379 1471 556 1522 quomodo
585 1471 844 1523 discipulorum
865 1469 998 1507 Christi
1021 1468 1262 1520 praestantiam

271 1531 542 1571 demonstrasset
555 1563 566 1583 ,
590 1533 620 1570 si
638 1547 657 1569 3
673 1531 886 1583 baptismate
900 1528 1115 1567 destitisset?
1130 1530 1221 1566 Nam
1243 1545 1261 1568 e

272 1594 446 1631 contrario
465 1595 584 1632 visum
599 1593 722 1631 fuisset
733 1623 744 1642 ,
769 1593 887 1644 ipsum
907 1605 951 1629 cx
968 1589 1103 1629 invidia
1129 1590 1186 1630 vel
1208 1591 1257 1629 ira

271 1669 404 1692 cessare
423 1671 430 1691 :
447 1654 664 1708 persistendo
678 1663 796 1692 autem
807 1683 817 1703 ,
837 1653 912 1690 haee
926 1651 1085 1689 firmiora
1099 1651 1257 1690 (1661313-

268 1716 339 1753 bat.
362 1717 441 1754 Non
458 1717 551 1754 enim
574 1716 642 1754 sibi
670 1715 820 1767 gloriam
844 1712 1089 1765 comparabat,
1107 1712 1169 1750 sed
1194 1727 1257 1750 au-

267 1778 399 1816 ditores
431 1778 477 1816 ad
505 1778 690 1816 Christum
717 1776 895 1825 mittebat,
928 1789 990 1813 nec
1010 1774 1129 1812 minus
1150 1789 1256 1826 quam

266 1838 435 1890 discipuli
457 1838 502 1876 acl
531 1853 608 1876 eam
626 1853 700 1876 rem
718 1837 929 1890 praestabat,
955 1836 1027 1874 imo
1046 1835 1127 1887 111115
1146 1849 1255 1886 quam

268 1900 333 1937 illi.
348 1901 439 1938 Nam
458 1910 589 1951 quanto
602 1900 721 1938 minus
741 1908 946 1950 suspectum
961 1905 1036 1934 6131
1055 1897 1132 1948 ejus
1153 1896 1252 1935 testi-

266 1960 449 2011 monium,
472 1970 568 1998 tanto
590 1961 724 2012 majore
748 1973 855 2010 quain
883 1957 951 2010 ipsi
984 1957 1076 1995 fama
1111 1957 1253 1996 valebat
1275 1962 1297 1991 C

265 2021 360 2072 apud
375 2036 505 2060 omnes.
524 2022 600 2059 Hoc
611 2020 825 2072 evangelista
842 2018 1072 2057 subindicans
1085 2018 1226 2055 (11661131
1244 2034 1250 2054 :

266 2083 440 2121 Exibunt
461 2092 497 2120 et
512 2085 815 2134 baptizabantur
831 2083 880 2118 ab
897 2094 940 2118 eo
975 2081 1098 2117 omnis
1112 2079 1254 2116 Judcea

264 2151 300 2180 et
327 2147 431 2195 regio
459 2147 564 2181 eirca
579 2144 809 2181 Jordanem.
831 2140 1028 2192 Discipulis
1040 2139 1251 2192 baptizanti-

264 2204 343 2253 bus,
363 2218 432 2242 non
458 2205 640 2242 cessabant
666 2203 771 2241 multi
794 2202 840 2240 ad
859 2204 1031 2241 ,1031136111
1059 2214 1250 2237 accurrere.

263 2265 371 2312 Quod
403 2266 432 2303 si
471 2266 550 2316 quis
580 2273 822 2317 percontetur,
854 2263 944 2314 quid
980 2262 1061 2314 111115
1088 2261 1254 2299 habuerit

262 2327 522 2378 discipulorum
533 2356 543 2375 ,
559 2340 665 2377 quam
678 2325 823 2364 Joannis
843 2323 1044 2376 baptisma?
1070 2322 1248 2372 dicemus,

264 2388 366 2425 nihil.
396 2389 497 2426 Nam
516 2397 706 2437 utrumque
738 2385 915 2437 baptisma
949 2383 1104 2436 Spiritus
1139 2383 1252 2434 gratia

262 2463 417 2487 vacuum
436 2457 526 2497 erat,
548 2456 581 2485 et
602 2461 668 2484 una
701 2446 883 2496 utriusque
916 2444 1121 2497 baptizandi
1148 2458 1251 2481 causa

263 2518 356 2557 6131,
377 2518 415 2545 111
432 2508 628 2560 baptizatos
651 2506 698 2544 ad
717 2505 901 2543 Christum
920 2505 1177 2557 pertraherent.
1200 2506 1252 2542 Nc

263 2569 356 2606 6111111
384 2569 699 2606 circumcursantes
729 2567 933 2618 colligerent
953 2580 1009 2603 cos
1047 2565 1109 2616 qui
1137 2565 1249 2603 credi-

264 2628 334 2666 turi
356 2638 475 2677 613111,
494 2638 532 2666 111
551 2629 731 2666 Simonem
751 2628 875 2675 frater,
895 2626 1148 2664 Nathunuelem
1165 2626 1250 2663 Phi-

266 2689 385 2741 lippus
417 2689 662 2737 adduxerunt,
690 2688 870 2739 baptizare
906 2687 1178 2735 constituerunt,
1212 2696 1249 2724 111

265 2764 328 2801 per
342 2750 559 2802 baptismum
576 2763 696 2787 omnes
711 2749 783 2786 sinc
799 2749 917 2786 labore
936 2748 1195 2800 pertraherent,
1216 2758 1248 2786 et

264 2811 391 2847 suturae
429 2810 510 2847 [idei
548 2810 643 2847 vium
672 2818 847 2860 pararent.
883 2809 990 2856 Quod
1023 2818 1141 2846 autem
1174 2809 1248 2847 11316

263 2870 475 2922 baptismata
508 2870 657 2907 3116111111
690 2869 798 2906 altero
828 2870 917 2906 nihil
944 2870 1024 2921 plus
1053 2870 1240 2919 haberent,

264 2931 441 2982 sequentia
461 2931 628 2969 indicant.
646 2930 819 2976 Quaenam
836 2930 921 2967 illa?
944 2933 1005 2969 25.
1024 2933 1153 2968 Facta
1168 2939 1242 2978 esc,

263 2992 394 3042 inquit⁷
427 2993 584 3043 quaestio
627 3004 674 3027 et*
723 2991 919 3040 discipulis
957 2991 1124 3028 Joannis
1157 3005 1245 3028 cum

261 3056 291 3092 J
291 3055 398 3091 atheo
413 3055 460 3090 de
471 3053 753 3105 purificatione.
770 3050 977 3089 Invidebnnt
996 3053 1056 3101 qui
1061 3067 1129 3104 ppe
1150 3067 1240 3091 sem—

260 3128 320 3164 per
337 3113 502 3166 discipuli
531 3112 675 3153 Joannis
693 3111 825 3149 Christi
847 3111 1054 3163 discipulis,
1085 3114 1156 3151 imo
1171 3114 1239 3166 ipsi

260 3174 427 3225 (11111510,
444 3184 571 3212 etcum
592 3172 752 3211 viderent
778 3172 857 3209 illos
880 3172 1080 3223 baptizare,
1106 3188 1163 3212 eos
1178 3174 1241 3224 qui

297 3312 309 3325 ³
329 3302 386 3332 Sax
396 3301 428 3332 il.
448 3307 522 3339 τίνος
539 3302 586 3334 οὖν
602 3304 705 3334 ἕνεκεν.
734 3300 800 3341 [tta
817 3297 926 3330 Codd.
946 3299 1003 3331 cit.
1020 3299 1126 3332 Iidem
1143 3311 1258 3334 omnes

256 3351 352 3395 paulo
368 3361 443 3384 unte
459 3358 614 3396 βαπτίζων
630 3363 691 3395 pro
708 3357 794 3385 τοῦτο
810 3352 930 3392 floccum]

295 3406 309 3427 ¹*
328 3404 437 3436 Morel.
466 3410 563 3443 τοῦτο,
582 3403 683 3436 savit.
702 3408 809 3437 ταῦτα.
844 3403 963 3444 [Supra
987 3402 1073 3435 idem
1100 3401 1154 3435 hic
1182 3414 1257 3435 cum

1343 560 1409 612 γὰρ
1426 555 1467 607 ἦν
1487 561 1698 612 βεὸλημένος
1718 564 1765 605 εἷς
1778 561 1841 608 τὴν
1854 564 2026 614 φυλακὴν,
2043 565 2227 610 δηλοῦντος
2242 558 2297 612 ἦν,
2314 565 2366 602 ὅτι

1343 622 1405 665 ἕως
1437 622 1515 660 τότε
1547 624 1609 660 οὐκ
1637 622 1813 661 ἐπαύσατο
1840 627 1942 661 τοῦτο
1975 627 2096 663 ποιῶν.
2131 624 2225 663 aKod
2254 625 2364 671 τίνος,

1341 683 1457 734 φησὶν,
1485 683 1598 722 ἕνεκεν
1617 683 1681 727 ἕως
1699 684 1776 722 τότε
1797 684 1983 732 ἐδάπτιζε,
2016 685 2129 724 καίτοι
2143 701 2182 736 γε
2204 687 2365 736 σεμνοτέ-

1343 760 1417 796 ρους
1445 744 1485 783 ἂν
1517 745 1673 798 ἀπέφηνε
1707 745 1784 790 τοὺς
1816 742 1972 796 μαθητὰς
2002 751 2061 784 τοῦ
2089 746 2230 795 Ἰησοῦ,
2263 746 2294 784 εἴ
2326 763 2364 797 γε

1341 805 1480 844 ἐκείνων
1498 805 1699 858 ἀρξαμένων
1720 807 1822 850 αὐτὸς
1839 806 2032 845 ἐπαύσατο.
2053 807 2156 851 Τίνος
2172 809 2233 845 οὐκ
2249 808 2364 846 ἕνεκεν

1341 867 1541 915 ἐὸάπτιζεη
1562 867 1638 906 Ἵνα
1658 868 1705 918 μὴ
1732 867 1810 911 τοὺς
1829 871 1951 905 ἑαυτοῦ
1974 867 2131 918 μαθητὰς
2158 870 2205 912 εἷς
2223 869 2364 907 πλείονα

1340 930 1441 974 ζῆλον
1455 928 1593 980 ε’μὸάλῃ
1607 959 1617 977 ,
1635 929 1692 967 καὶ
1708 927 2002 981 φιλονεικοτέρους
2021 929 2222 980 ἐργάσηται.
2239 931 2283 967 Εἰ
2298 930 2364 981 γὰρ

1341 989 1501 1040 μυριάκις
1526 992 1630 1041 βοῶν,
1664 991 1722 1028 καὶ
1751 993 1819 1028 τῶν
1848 989 2028 1042 πρωτείων
2059 990 2111 1028 ἀεὶ
2141 993 2191 1043 τῷ
2219 992 2362 1042 Χριστῷ

1338 1054 1574 1102 παραχωρῶν,
1597 1050 1656 1088 καὶ
1675 1054 1839 1089 τοσοῦτον
1866 1051 1984 1089 ἑαυτὸν
2004 1052 2170 1098 ἐλαττῶν,
2192 1055 2252 1089 οὐκ
2272 1051 2364 1090 ἔπει-

1339 1125 1397 1146 σεν
1412 1109 1534 1153 αὐτοὺς
1550 1113 1643 1162 αὐτῷ
1652 1113 1891 1164 προσδραμεῖν
1903 1127 1910 1134 ·
1928 1113 1956 1149 εἰ
1968 1111 2026 1149 καὶ
2041 1115 2143 1150 τοῦτο
2154 1112 2362 1164 προσέθηκε,

1338 1171 1458 1221 πολλῷ
1481 1171 1773 1224 φιλονεικοτέρους
1795 1172 1834 1209 ἂν
1858 1172 2012 1218 ἐποίησε.
2043 1172 2110 1210 Διὰ
2139 1176 2239 1210 τοῦτο
2266 1172 2324 1209 καὶ
2347 1177 2364 1211 ὁ

1338 1231 1487 1281 Χριστὸς
1503 1231 1580 1269 τότε
1600 1231 1754 1282 μάλιστα
1769 1232 1897 1284 ἤρξατο
1916 1232 2111 1283 κηρύττειν,
2129 1232 2185 1270 ὅτε
2204 1233 2361 1271 ἐκποδὼν

1337 1293 1354 1328 ὁ
1374 1291 1537 1339 Ἰωάννης
1552 1291 1699 1343 ἐγένετο.
1721 1287 1834 1344 Οἶμαι
1852 1293 1886 1330 δὲ
1902 1293 1960 1331 καὶ
1978 1292 2036 1330 διὰ
2055 1297 2155 1330 τοῦτο
2172 1308 2362 1345 συγχωρη-

1337 1353 1437 1398 θῆναι
1465 1352 1528 1400 τὴν
1550 1352 1715 1400 τελευτὴν
1741 1353 1900 1392 Ἰωάννου
1921 1353 1979 1391 καὶ
2000 1352 2172 1406 ταχίστην
2192 1356 2285 1405 αὐτῷ
2304 1369 2361 1403 γε-

1335 1413 1452 1451 νέσθαι
1466 1444 1476 1461 ,
1493 1413 1585 1452 ὥστε
1603 1421 1718 1452 πᾶσαν
1736 1419 1795 1453 τοῦ
1814 1415 1968 1461 πλήθους
1981 1413 2045 1461 τὴν
2059 1414 2210 1453 διάθεσιν
2226 1414 2283 1452 ἐπὶ
2302 1413 2360 1452 τὸν

1335 1474 1484 1525 Χριστὸν
1514 1477 1701 1525 μετελθεῖν,
1728 1476 1787 1515 καὶ
1808 1476 1935 1526 μηκέτι
1954 1481 2030 1519 ταῖς
2050 1475 2131 1527 περὶ
2151 1475 2358 1527 ἀμφοτέρων

1332 1533 1473 1578 ἑαυτοὺς
1493 1536 1671 1587 σχίζεσθαι
1687 1536 1855 1588 γνώμαις.
1880 1536 1996 1588 Χωρίς
2016 1536 2051 1575 δὲ
2066 1537 2210 1584 τούτων,
2237 1536 2296 1573 καὶ
2323 1537 2356 1573 ἐν

1330 1597 1379 1647 τῷ
1409 1596 1587 1647 βαπτίζειν
1617 1600 1679 1635 οὐκ
1698 1597 1876 1635 ἐπαύσατο
1897 1600 2050 1649 συνεχῶς
2078 1599 2269 1649 παραινῶν,
2298 1595 2357 1634 καὶ

1330 1657 1466 1708 μεγάλα
1485 1658 1544 1695 καὶ
1566 1658 1676 1709 σεμνὰ
1696 1657 1827 1702 δεικνὺς
1849 1657 1894 1695 τὰ
1921 1661 1981 1697 τοῦ
2003 1657 2132 1706 Ἰησοῦ.
2156 1657 2355 1701 Ἐὃάπτιζε

1328 1720 1371 1756 δι’
1388 1717 1484 1756 οὐδὲν
1502 1718 1630 1771 ἕτερον,
1650 1719 1672 1764 ἢ
1694 1719 1797 1771 μόνον
1817 1721 1865 1762 εἷς
1890 1719 1946 1757 τὸν
1974 1719 2162 1771 ἐρχόμενον
2183 1720 2258 1769 μετ’
2289 1719 2356 1756 αὖ-

1326 1777 1396 1825 τὸν,
1410 1777 1466 1816 ἵνα
1484 1778 1730 1818 πιστεύσωσιν.
1747 1779 1792 1818 ‘O
1806 1779 1918 1818 τοίνυν
1935 1778 1951 1798 ¹'
1959 1783 2060 1817 τοῦτο
2072 1778 2267 1830 κηρύττων,
2278 1780 2355 1821 πῶς

1326 1838 1365 1876 ἂν
1400 1839 1545 1889 σεμνοὺς
1579 1840 1732 1892 ἀπέφηνε
1768 1839 1845 1883 τοὺς
1881 1839 2039 1890 μαθητὰς
2074 1842 2135 1878 τοῦ
2174 1841 2352 1891 Χριστοῦ,

1326 1900 1556 1952 Παυσάμενος
1575 1900 1662 1954 γὰρ,
1683 1901 1880 1939 τούναντίον
1912 1901 1951 1938 ἂν
1981 1900 2073 1945 ἔδοξε
2099 1901 2194 1952 ζήλῳ
2218 1900 2240 1946 ἢ
2266 1903 2353 1952 ὀργῇ

1325 1965 1425 1999 τοῦτο
1440 1967 1550 1999 ποιεῖν
1565 1977 1573 1984 ·
1589 1964 1662 2013 ετῷ
1678 1962 1713 2000 δὲ
1733 1965 1908 2013 ἐπιμεῖναι
1924 1955 2119 2014 κηρύττων,
2141 1960 2352 2013 ἰσχυρότερα

1324 2026 1434 2059 ταῦτα
1463 2021 1630 2074 ἀπέφηνε.
1664 2025 1717 2061 Οὐ
1737 2022 1804 2076 γὰρ
1837 2025 1950 2075 ἑαυτῷ
1980 2022 2043 2069 τὴν
2073 2021 2172 2066 δόξαν
2205 2023 2352 2066 ἐκτᾶτο,

1324 2082 1414 2120 ἀλλὰ
1432 2085 1480 2134 τῷ
1498 2084 1641 2134 Χριστῷ
1660 2083 1873 2135 παρέπεμπε
1898 2082 1976 2127 τοὺς
2002 2081 2263 2136 ἀκροωμένους,
2291 2082 2350 2119 καὶ

1324 2145 1388 2194 οὐχ
1406 2138 1509 2189 ἧττον
1527 2159 1596 2181 των
1615 2147 1779 2194 μαθητων
1802 2146 1896 2196 αὐτῳ
1913 2159 2160 2196 συνεπραττεν,
2185 2142 2274 2180 ἀλλὰ
2291 2143 2349 2180 καὶ

1323 2206 1442 2255 πολλῷ
1463 2203 1647 2254 μᾶλλον,“’
1627 2220 1697 2256 οσω
1712 2204 1771 2242 καὶ
1788 2204 1984 2247 ἀνύποπτος
2007 2207 2112 2242 αὐτοῦ
2130 2208 2151 2251 ἡ
2175 2219 2350 2256 μαρτυρια

1323 2269 1377 2313 ἠν,
1391 2265 1450 2303 καὶ
1463 2266 1582 2302 πολλω
1603 2265 1741 2314 μείζονα
1753 2264 1850 2309 δόξαν
1864 2264 1960 2316 παρὰ
1970 2281 2074 2303 πασιν
2092 2269 2184 2316 εἶχεν
2196 2264 2347 2302 ἐκείνων.

1322 2326 1440 2377 εὈπερ
1465 2330 1520 2364 οὐν
1549 2341 1607 2363 και
1629 2329 1646 2363 ὃ
1671 2325 1919 2377 εὖαγγελιστὴς
1949 2325 2185 2375 αἰνιττόμενος
2216 2325 2346 2376 ἔλεγεν,

1322 2386 1374 2424 ὅτι
1391 2386 1622 2438 Ἐξήρχοντο,
1640 2386 1698 2423 καὶ
1717 2385 1942 2430 ἐδαπτίζοντο
1967 2385 2052 2439 πρὸς
2071 2385 2172 2423 αὐτὸν
2202 2393 2298 2424 πᾶσα
2323 2390 2344 2432 ἡ

1324 2447 1475 2486 Ἰουδαία
1508 2447 1567 2485 καὶ
1594 2450 1615 2493 ἡ
1648 2446 1843 2500 περίχωρος
1875 2451 1934 2485 τοῦ
1962 2447 2148 2498 Ἰορδάνου.
2184 2447 2252 2485 Καὶ
2276 2450 2345 2485 τῶν

1324 2511 1488 2559 μαθητων
1520 2508 1554 2546 δὲ
1588 2507 1836 2559 βαπτιζόντων,
1865 2522 1902 2545 ου
1930 2507 2083 2545 διελιπον
2110 2507 2232 2546 πολλοὶ
2261 2508 2346 2560 πρὸς

1324 2570 1424 2607 αὐτὸν
1455 2584 1650 2622 τρεχοντες.
1678 2570 1722 2606 Ei
1748 2569 1783 2605 δε
1803 2584 1854 2610 τις
1877 2567 2048 2616 ἐξετάζοι,
2081 2568 2140 2605 καὶ
2169 2567 2203 2605 τί
2240 2569 2344 2607 πλέον

1322 2633 1393 2682 εἶχε
1422 2628 1482 2668 “rb
1511 2645 1549 2667 τι
1553 2644 1579 2666 1ν
1611 2631 1775 2679 μαθητῶν
1819 2628 2001 2678 βάπτισμα
2015 2657 2024 2675 ,
2068 2632 2126 2667 τοῦ
2161 2628 2343 2677 Ἰωάννου;

1321 2693 1478 2742 ερουμεν,
1492 2689 1545 2729 ότι
1565 2689 1673 2728 οὐδέν.
1694 2689 1868 2740 Εκάτερα
1888 2688 1955 2741 γὰρ
1981 2688 2108 2739 ὁμοίως
2134 2705 2196 2734 της
2215 2691 2254 2727 ἐκ
2281 2693 2341 2728 τοῦ

1321 2751 1526 2801 Πνεύματος
1545 2750 1688 2802 χάριτος
1715 2749 1845 2823 ἄμοιρα
1864 2753 1918 2796 ἠν,
1939 2749 1998 2786 καὶ
2018 2749 2113 2786 αἰτία
2141 2748 2204 2799 μία
2230 2752 2343 2801 ἀμφο-

1320 2813 1429 2864 τέροις
1442 2816 1484 2858 ἠν
1498 2815 1558 2848 τοῦ
1577 2809 1767 2861 βαπτίζειν,
1782 2825 1821 2847 το
1836 2826 1885 2846 τω
1904 2811 2044 2862 Χριστῦ
2060 2809 2248 2860 προσάγειν
2263 2810 2341 2854 τους

1320 2871 1601 2924 βαπτιζομένους.
1617 2870 1695 2908 Ἵνα
1722 2870 1789 2922 γὰρ
1819 2869 1868 2920 μὴ
1893 2870 1946 2907 ἀεὶ
1966 2870 2229 2921 περιτρέχοντες
2250 2871 2341 2909 οὕτω

1319 2933 1493 2984 συνάγωσι
1521 2930 1599 2974 τοὺς
1633 2930 1830 2983 ὀφείλοντας
1861 2929 2048 2977 πιστεύειν,
2080 2929 2165 2981 ὅπερ
2194 2930 2250 2968 ἐπὶ
2280 2935 2340 2969 τοῦ

1318 2993 1476 3044 Σίμωνος
1495 2995 1512 3030 ὃ
1527 2990 1670 3043 ἀδελφὸς
1690 2990 1853 3038 ἐποίησε,
1875 2990 1933 3028 καὶ
1956 2990 2011 3028 ἐπὶ
2031 2994 2090 3028 τοῦ
2110 2991 2302 3038 Ναθαναὴλ
2321 2995 2339 3030 ὅ

1317 3053 1512 3100 Φίλιππος,
1532 3051 1571 3089 τὸ
1589 3050 1757 3102 βαπτίσαι
1774 3050 2025 3096 ἐνεστήσαντο,
2046 3050 2139 3089 ὥστε
2166 3052 2210 3088 δι’
2234 3054 2337 3090 αὐτοῦ

1317 3114 1472 3156 ἅπαντας
1488 3112 1677 3164 ἐπάγεσθαι
1695 3111 1862 3159 ἀπονητὶ,
1880 3111 1938 3148 καὶ
1953 3114 1995 3162 τῇ
2013 3112 2186 3163 μελλούσῃ
2196 3113 2338 3163 προοδο-

1315 3180 1424 3213 ποιεῖν
1442 3173 1569 3211 πίστει.
1593 3172 1676 3210 εὈτι
1694 3170 1729 3209 δὲ
1748 3170 1843 3210 οὐδὲν
1871 3171 1975 3210 πλέον
1995 3165 2086 3222 εἶχεν
2108 3172 2270 3218 ἀλλήλων
2293 3171 2336 3210 τὰ

1323 3300 1432 3334 Codd.
1451 3301 1508 3333 cit.
1524 3304 1666 3341 ἐὸάπτιζε
1678 3305 1736 3344 γὰρ
1752 3301 1831 3332 οὐδὲν
1846 3302 1944 3342 ἕτερον
1962 3301 2053 3338 λέγων
2067 3302 2084 3336 ἦ
2100 3302 2139 3335 εἰς
2155 3298 2233 3340 τὸν]

1366 3359 1378 3373 ⁶
1394 3353 1486 3385 Unus
1497 3361 1538 3395 τῷ
1549 3355 1591 3385 δὲ.
1606 3352 1660 3384 Sic
1672 3348 1844 3394 legendum
1861 3356 1955 3391 putat
1968 3347 2120 3382 Savilius.
2139 3346 2230 3381 Editi
2240 3354 2273 3384 τὸ
2287 3351 2327 3382 δέ.

1368 3404 1383 3429 ῑῙ
1405 3403 1551 3444 Quidam
1563 3408 1597 3438 τὸ
1613 3411 1669 3438 τῶν
1682 3407 1825 3445 μαθητῶν
1842 3404 1893 3435 τοῦ
1910 3404 2037 3445 Χριστοῦ
2054 3405 2223 3443 βάπτισμα.
