<?xml version="1.0" encoding="UTF-8"?>
<!DOCTYPE html PUBLIC "-//W3C//DTD XHTML 1.0 Transitional//EN"
    "http://www.w3.org/TR/xhtml1/DTD/xhtml1-transitional.dtd">
<html xmlns="http://www.w3.org/1999/xhtml" xml:lang="en" lang="en">
 <head>
  <title>
</title>
<meta http-equiv="Content-Type" content="text/html;charset=utf-8" />
  <meta name='ocr-system' content='tesseract 3.04.00' />
  <meta name='ocr-capabilities' content='ocr_page ocr_carea ocr_par ocr_line ocrx_word'/>
</head>
<body>
  <div class='ocr_page' id='page_1' title='image "./operaomniaquaeex08johnuoft/operaomniaquaeex08johnuoft_0903.png"; bbox 0 0 2507 3673; ppageno 0'>
   <div class='ocr_carea' id='block_1_1' title="bbox 655 188 1603 221">
    <p class='ocr_par' dir='ltr' id='par_1_1' title="bbox 655 188 1603 221">
     <span class='ocr_line' id='line_1_1' title="bbox 655 188 1603 221; baseline 0.005 -5"><span class='ocrx_word' id='word_1_1' title='bbox 655 188 693 216; x_wconf 51' lang='lat'>17&lt;</span> <span class='ocrx_word' id='word_1_2' title='bbox 734 189 1083 219; x_wconf 59' lang='lat' dir='ltr'>Ex.x1,‘1‘.x&#39;rt‹*›xt·7÷1</span> <span class='ocrx_word' id='word_1_3' title='bbox 1123 192 1402 221; x_wconf 61' lang='lat' dir='ltr'>VENtitt.x.xD.i·;</span> <span class='ocrx_word' id='word_1_4' title='bbox 1438 193 1603 221; x_wconf 58' lang='lat' dir='ltr'>(lucem.</span> 
     </span>
    </p>
   </div>
   <div class='ocr_carea' id='block_1_2' title="bbox 97 267 1122 1158">
    <p class='ocr_par' dir='ltr' id='par_1_2' title="bbox 97 267 1122 1158">
     <span class='ocr_line' id='line_1_2' title="bbox 105 267 1120 321; baseline 0.005 -19"><span class='ocrx_word' id='word_1_5' title='bbox 105 267 193 314; x_wconf 68' lang='grc' dir='ltr'>μετὰ</span> <span class='ocrx_word' id='word_1_6' title='bbox 213 270 301 311; x_wconf 74' lang='grc' dir='ltr'>τινὸς</span> <span class='ocrx_word' id='word_1_7' title='bbox 318 270 434 319; x_wconf 76' lang='grc' dir='ltr'>ἑτέρου</span> <span class='ocrx_word' id='word_1_8' title='bbox 451 268 631 319; x_wconf 69' lang='grc' dir='ltr'>ὀφείλοντα</span> <span class='ocrx_word' id='word_1_9' title='bbox 647 269 854 308; x_wconf 74' lang='grc' dir='ltr'>δικάσασθαι</span> <span class='ocrx_word' id='word_1_10' title='bbox 871 271 928 308; x_wconf 79' lang='grc' dir='ltr'>ἐπὶ</span> <span class='ocrx_word' id='word_1_11' title='bbox 944 276 1003 308; x_wconf 79' lang='grc' dir='ltr'>τοῦ</span> <span class='ocrx_word' id='word_1_12' title='bbox 1022 274 1120 321; x_wconf 82' lang='grc' dir='ltr'>βασι-</span> 
     </span>
     <span class='ocr_line' id='line_1_3' title="bbox 104 320 1118 374; baseline 0.004 -18"><span class='ocrx_word' id='word_1_13' title='bbox 104 320 210 366; x_wconf 79' lang='grc' dir='ltr'>λέως,</span> <span class='ocrx_word' id='word_1_14' title='bbox 229 322 287 358; x_wconf 87' lang='grc' dir='ltr'>καὶ</span> <span class='ocrx_word' id='word_1_15' title='bbox 305 320 344 357; x_wconf 82' lang='grc' dir='ltr'>τὸ</span> <span class='ocrx_word' id='word_1_16' title='bbox 364 320 412 370; x_wconf 81' lang='grc' dir='ltr'>μὴ</span> <span class='ocrx_word' id='word_1_17' title='bbox 444 321 590 359; x_wconf 88' lang='grc' dir='ltr'>καΟόλου</span> <span class='ocrx_word' id='word_1_18' title='bbox 611 324 734 373; x_wconf 76' lang='grc' dir='ltr'>εὑρεῖν.</span> <span class='ocrx_word' id='word_1_19' title='bbox 758 323 914 366; x_wconf 74' lang='grc' dir='ltr'>Πολλοὺς</span> <span class='ocrx_word' id='word_1_20' title='bbox 929 323 996 374; x_wconf 81' lang='grc' dir='ltr'>γὰρ</span> <span class='ocrx_word' id='word_1_21' title='bbox 1017 322 1118 360; x_wconf 84' lang='grc' dir='ltr'>ἀπώ-</span> 
     </span>
     <span class='ocr_line' id='line_1_4' title="bbox 102 372 1121 426; baseline 0.004 -17"><span class='ocrx_word' id='word_1_22' title='bbox 102 373 181 410; x_wconf 83' lang='grc' dir='ltr'>λεσε</span> <span class='ocrx_word' id='word_1_23' title='bbox 210 376 278 410; x_wconf 84' lang='grc' dir='ltr'>τῶν</span> <span class='ocrx_word' id='word_1_24' title='bbox 295 374 422 410; x_wconf 75' lang='grc' dir='ltr'>ἀδικεῖν</span> <span class='ocrx_word' id='word_1_25' title='bbox 443 372 666 424; x_wconf 74' lang='grc' dir='ltr'>αἱρουμένων.</span> <span class='ocrx_word' id='word_1_26' title='bbox 687 374 755 412; x_wconf 77' lang='grc' dir='ltr'>Διὰ</span> <span class='ocrx_word' id='word_1_27' title='bbox 774 379 882 412; x_wconf 82' lang='grc' dir='ltr'>ταῦτα</span> <span class='ocrx_word' id='word_1_28' title='bbox 899 378 916 413; x_wconf 86' lang='grc' dir='ltr'>ὁ</span> <span class='ocrx_word' id='word_1_29' title='bbox 935 374 1121 426; x_wconf 71' lang='grc' dir='ltr'>φιλάγαθος</span> 
     </span>
     <span class='ocr_line' id='line_1_5' title="bbox 102 425 1119 478; baseline 0.003 -18"><span class='ocrx_word' id='word_1_30' title='bbox 102 425 191 468; x_wconf 57' lang='grc' dir='ltr'>(θεὸς</span> <span class='ocrx_word' id='word_1_31' title='bbox 210 426 248 476; x_wconf 77' lang='grc' dir='ltr'>οὐ</span> <span class='ocrx_word' id='word_1_32' title='bbox 268 425 410 476; x_wconf 79' lang='grc' dir='ltr'>παρεῖδε</span> <span class='ocrx_word' id='word_1_33' title='bbox 426 425 468 463; x_wconf 77' lang='grc' dir='ltr'>τὰ</span> <span class='ocrx_word' id='word_1_34' title='bbox 488 426 620 478; x_wconf 80' lang='grc' dir='ltr'>δάκρυα</span> <span class='ocrx_word' id='word_1_35' title='bbox 647 427 705 464; x_wconf 80' lang='grc' dir='ltr'>καὶ</span> <span class='ocrx_word' id='word_1_36' title='bbox 720 426 797 469; x_wconf 80' lang='grc' dir='ltr'>τοὺς</span> <span class='ocrx_word' id='word_1_37' title='bbox 825 426 1036 478; x_wconf 79' lang='grc' dir='ltr'>στεναγμοὺς</span> <span class='ocrx_word' id='word_1_38' title='bbox 1052 430 1119 464; x_wconf 82' lang='grc' dir='ltr'>τῶν</span> 
     </span>
     <span class='ocr_line' id='line_1_6' title="bbox 102 477 1120 532; baseline 0.001 -18"><span class='ocrx_word' id='word_1_39' title='bbox 102 479 206 514; x_wconf 80' lang='grc' dir='ltr'>αὐτοῦ</span> <span class='ocrx_word' id='word_1_40' title='bbox 222 477 342 529; x_wconf 77' lang='grc' dir='ltr'>ἱερέων</span> <span class='ocrx_word' id='word_1_41' title='bbox 368 477 426 515; x_wconf 81' lang='grc' dir='ltr'>καὶ</span> <span class='ocrx_word' id='word_1_42' title='bbox 454 477 555 516; x_wconf 76' lang='grc' dir='ltr'>ὁσίων</span> <span class='ocrx_word' id='word_1_43' title='bbox 579 478 665 531; x_wconf 79' lang='grc' dir='ltr'>ὑπὲρ</span> <span class='ocrx_word' id='word_1_44' title='bbox 695 481 799 517; x_wconf 84' lang='grc' dir='ltr'>αὐτοῦ</span> <span class='ocrx_word' id='word_1_45' title='bbox 825 478 1120 532; x_wconf 70' lang='grc' dir='ltr'>παρακαλούντων</span> 
     </span>
     <span class='ocr_line' id='line_1_7' title="bbox 102 528 1122 620; baseline 0.003 -54"><span class='ocrx_word' id='word_1_46' title='bbox 102 528 218 577; x_wconf 85' lang='grc' dir='ltr'>αὐτὸν,</span> <span class='ocrx_word' id='word_1_47' title='bbox 238 533 255 567; x_wconf 84' lang='grc' dir='ltr'>ὁ</span> <span class='ocrx_word' id='word_1_48' title='bbox 274 529 381 567; x_wconf 77' lang='grc' dir='ltr'>εἰπὼν</span> <span class='ocrx_word' id='word_1_49' title='bbox 400 530 455 568; x_wconf 82' lang='grc' dir='ltr'>διὰ</span> <span class='ocrx_word' id='word_1_50' title='bbox 482 535 541 568; x_wconf 86' lang='grc' dir='ltr'>τοῦ</span> <span class='ocrx_word' id='word_1_51' title='bbox 571 532 748 583; x_wconf 59' lang='grc' dir='ltr'>προφήτου</span> <span class='ocrx_word' id='word_1_52' title='bbox 776 530 944 580; x_wconf 74' lang='grc' dir='ltr'>Ἡσαΐου,</span> <span class='ocrx_word' id='word_1_53' title='bbox 971 531 1122 620; x_wconf 59' lang='grc' dir='ltr'>Κρίνατε</span> 
     </span>
     <span class='ocr_line' id='line_1_8' title="bbox 100 582 1121 636; baseline 0.003 -18"><span class='ocrx_word' id='word_1_54' title='bbox 100 583 257 633; x_wconf 69' lang='grc' dir='ltr'>ὀρφανῷ,</span> <span class='ocrx_word' id='word_1_55' title='bbox 277 582 336 620; x_wconf 80' lang='grc' dir='ltr'>καὶ</span> <span class='ocrx_word' id='word_1_56' title='bbox 353 583 562 621; x_wconf 82' lang='grc' dir='ltr'>δικαιώσατε</span> <span class='ocrx_word' id='word_1_57' title='bbox 580 584 708 636; x_wconf 73' lang='grc' dir='ltr'>χήραν,</span> <span class='ocrx_word' id='word_1_58' title='bbox 728 583 786 621; x_wconf 81' lang='grc' dir='ltr'>καὶ</span> <span class='ocrx_word' id='word_1_59' title='bbox 801 584 915 629; x_wconf 80' lang='grc' dir='ltr'>δεῦτε,</span> <span class='ocrx_word' id='word_1_60' title='bbox 930 584 988 621; x_wconf 83' lang='grc' dir='ltr'>καὶ</span> <span class='ocrx_word' id='word_1_61' title='bbox 1028 585 1121 621; x_wconf 79' lang='grc' dir='ltr'>ιαλ..-</span> 
     </span>
     <span class='ocr_line' id='line_1_9' title="bbox 99 635 1121 687; baseline 0.003 -17"><span class='ocrx_word' id='word_1_62' title='bbox 99 637 253 685; x_wconf 78' lang='grc' dir='ltr'>χῦῶμεν.</span> <span class='ocrx_word' id='word_1_63' title='bbox 276 636 380 674; x_wconf 74' lang='grc' dir='ltr'>Ἀλλὰ</span> <span class='ocrx_word' id='word_1_64' title='bbox 410 635 469 673; x_wconf 81' lang='grc' dir='ltr'>καὶ</span> <span class='ocrx_word' id='word_1_65' title='bbox 494 636 623 673; x_wconf 78' lang='grc' dir='ltr'>τούτων</span> <span class='ocrx_word' id='word_1_66' title='bbox 658 639 726 674; x_wconf 84' lang='grc' dir='ltr'>τῶν</span> <span class='ocrx_word' id='word_1_67' title='bbox 758 638 868 687; x_wconf 80' lang='grc' dir='ltr'>εὐχῶν</span> <span class='ocrx_word' id='word_1_68' title='bbox 900 635 1121 680; x_wconf 81' lang='grc' dir='ltr'>εἰσακούσας,</span> 
     </span>
     <span class='ocr_line' id='line_1_10' title="bbox 98 685 1121 740; baseline 0.002 -17"><span class='ocrx_word' id='word_1_69' title='bbox 98 685 259 725; x_wconf 76' lang='grc' dir='ltr'>κάκείνου</span> <span class='ocrx_word' id='word_1_70' title='bbox 287 687 331 724; x_wconf 85' lang='grc' dir='ltr'>τὰ</span> <span class='ocrx_word' id='word_1_71' title='bbox 354 687 440 739; x_wconf 74' lang='grc' dir='ltr'>ὑπὲρ</span> <span class='ocrx_word' id='word_1_72' title='bbox 460 688 639 739; x_wconf 71' lang='grc' dir='ltr'>ἄνθρωπον</span> <span class='ocrx_word' id='word_1_73' title='bbox 658 688 943 740; x_wconf 80' lang='grc' dir='ltr'>παρανομήματα</span> <span class='ocrx_word' id='word_1_74' title='bbox 963 687 1121 739; x_wconf 78' lang='grc' dir='ltr'>συνεχώ-</span> 
     </span>
     <span class='ocr_line' id='line_1_11' title="bbox 101 738 1120 793; baseline 0 -16"><span class='ocrx_word' id='word_1_75' title='bbox 101 754 205 789; x_wconf 79' lang='grc' dir='ltr'>ρησε,</span> <span class='ocrx_word' id='word_1_76' title='bbox 227 740 286 778; x_wconf 84' lang='grc' dir='ltr'>καὶ</span> <span class='ocrx_word' id='word_1_77' title='bbox 302 744 344 792; x_wconf 79' lang='grc' dir='ltr'>τῇ</span> <span class='ocrx_word' id='word_1_78' title='bbox 374 740 570 793; x_wconf 74' lang='grc' dir='ltr'>Ἐκκλησία</span> <span class='ocrx_word' id='word_1_79' title='bbox 592 742 649 779; x_wconf 78' lang='grc' dir='ltr'>τὸν</span> <span class='ocrx_word' id='word_1_80' title='bbox 671 743 794 778; x_wconf 84' lang='grc' dir='ltr'>οἰκεῖον</span> <span class='ocrx_word' id='word_1_81' title='bbox 812 739 954 790; x_wconf 84' lang='grc' dir='ltr'>κόσμον,</span> <span class='ocrx_word' id='word_1_82' title='bbox 972 739 1031 778; x_wconf 81' lang='grc' dir='ltr'>καὶ</span> <span class='ocrx_word' id='word_1_83' title='bbox 1058 738 1120 786; x_wconf 81' lang='grc' dir='ltr'>τὴν</span> 
     </span>
     <span class='ocr_line' id='line_1_12' title="bbox 98 791 1121 845; baseline 0 -16"><span class='ocrx_word' id='word_1_84' title='bbox 98 792 304 844; x_wconf 79' lang='grc' dir='ltr'>εὐπρέπειαν</span> <span class='ocrx_word' id='word_1_85' title='bbox 325 797 393 831; x_wconf 80' lang='grc' dir='ltr'>τῶν</span> <span class='ocrx_word' id='word_1_86' title='bbox 414 794 520 845; x_wconf 82' lang='grc' dir='ltr'>ἁγίων</span> <span class='ocrx_word' id='word_1_87' title='bbox 536 793 596 831; x_wconf 71' lang='grc' dir='ltr'>καὶ</span> <span class='ocrx_word' id='word_1_88' title='bbox 615 796 750 831; x_wconf 83' lang='grc' dir='ltr'>σεπτῶν</span> <span class='ocrx_word' id='word_1_89' title='bbox 772 791 913 830; x_wconf 82' lang='grc' dir='ltr'>εἰκόνων</span> <span class='ocrx_word' id='word_1_90' title='bbox 933 792 1121 843; x_wconf 80' lang='grc' dir='ltr'>ἀπένειμε,</span> 
     </span>
     <span class='ocr_line' id='line_1_13' title="bbox 99 844 1122 897; baseline 0.002 -16"><span class='ocrx_word' id='word_1_91' title='bbox 99 844 157 881; x_wconf 84' lang='grc' dir='ltr'>καὶ</span> <span class='ocrx_word' id='word_1_92' title='bbox 175 848 258 895; x_wconf 81' lang='grc' dir='ltr'>ἡμῖν</span> <span class='ocrx_word' id='word_1_93' title='bbox 283 852 354 888; x_wconf 81' lang='grc' dir='ltr'>τοῖς</span> <span class='ocrx_word' id='word_1_94' title='bbox 383 847 577 897; x_wconf 81' lang='grc' dir='ltr'>εἰλικρινῶς</span> <span class='ocrx_word' id='word_1_95' title='bbox 604 849 837 897; x_wconf 76' lang='grc' dir='ltr'>προσκυνοῦσι</span> <span class='ocrx_word' id='word_1_96' title='bbox 856 844 914 882; x_wconf 78' lang='grc' dir='ltr'>καὶ</span> <span class='ocrx_word' id='word_1_97' title='bbox 934 861 1122 884; x_wconf 87' lang='grc' dir='ltr'>κατασπα-</span> 
     </span>
     <span class='ocr_line' id='line_1_14' title="bbox 98 896 1121 950; baseline 0.002 -17"><span class='ocrx_word' id='word_1_98' title='bbox 98 897 252 946; x_wconf 76' lang='grc' dir='ltr'>ζομένοις</span> <span class='ocrx_word' id='word_1_99' title='bbox 267 898 373 941; x_wconf 75' lang='grc' dir='ltr'>αὐτὰς</span> <span class='ocrx_word' id='word_1_100' title='bbox 385 929 393 945; x_wconf 93' lang='grc'>,</span> <span class='ocrx_word' id='word_1_101' title='bbox 410 898 470 936; x_wconf 80' lang='grc' dir='ltr'>καὶ</span> <span class='ocrx_word' id='word_1_102' title='bbox 484 898 528 936; x_wconf 85' lang='grc' dir='ltr'>τὰ</span> <span class='ocrx_word' id='word_1_103' title='bbox 542 902 616 936; x_wconf 85' lang='grc' dir='ltr'>θεῖα</span> <span class='ocrx_word' id='word_1_104' title='bbox 629 896 910 950; x_wconf 78' lang='grc' dir='ltr'>παραγγέλματα</span> <span class='ocrx_word' id='word_1_105' title='bbox 932 899 1036 935; x_wconf 80' lang='grc' dir='ltr'>αὐτοῦ</span> <span class='ocrx_word' id='word_1_106' title='bbox 1053 913 1121 950; x_wconf 79' lang='grc' dir='ltr'>φυ-</span> 
     </span>
     <span class='ocr_line' id='line_1_15' title="bbox 97 948 1119 1015; baseline 0.002 -29"><span class='ocrx_word' id='word_1_107' title='bbox 97 949 279 987; x_wconf 79' lang='grc' dir='ltr'>λάττουσιν</span> <span class='ocrx_word' id='word_1_108' title='bbox 298 951 438 1015; x_wconf 75' lang='grc' dir='ltr'>εἰρήνην</span> <span class='ocrx_word' id='word_1_109' title='bbox 456 949 631 1002; x_wconf 75' lang='grc' dir='ltr'>σταθηρὰν</span> <span class='ocrx_word' id='word_1_110' title='bbox 649 951 708 988; x_wconf 83' lang='grc' dir='ltr'>καὶ</span> <span class='ocrx_word' id='word_1_111' title='bbox 728 948 950 1002; x_wconf 74' lang='grc' dir='ltr'>συγχώρησιν</span> <span class='ocrx_word' id='word_1_112' title='bbox 967 953 1035 988; x_wconf 79' lang='grc' dir='ltr'>τῶν</span> <span class='ocrx_word' id='word_1_113' title='bbox 1055 966 1119 988; x_wconf 90' lang='grc' dir='ltr'>πε-</span> 
     </span>
     <span class='ocr_line' id='line_1_16' title="bbox 97 1003 1118 1055; baseline 0.003 -17"><span class='ocrx_word' id='word_1_114' title='bbox 97 1003 406 1052; x_wconf 83' lang='grc' dir='ltr'>πλημμελημενων</span> <span class='ocrx_word' id='word_1_115' title='bbox 422 1005 498 1040; x_wconf 74' lang='grc' dir='ltr'>καθ’</span> <span class='ocrx_word' id='word_1_116' title='bbox 521 1003 671 1048; x_wconf 77' lang='grc' dir='ltr'>ἑκάστην</span> <span class='ocrx_word' id='word_1_117' title='bbox 693 1003 874 1054; x_wconf 86' lang='grc' dir='ltr'>δωρεῖται·</span> <span class='ocrx_word' id='word_1_118' title='bbox 892 1003 946 1041; x_wconf 77' lang='grc' dir='ltr'>ὅτι</span> <span class='ocrx_word' id='word_1_119' title='bbox 974 1005 1067 1055; x_wconf 79' lang='grc' dir='ltr'>αὐτῷ</span> <span class='ocrx_word' id='word_1_120' title='bbox 1097 1007 1118 1049; x_wconf 82' lang='grc' dir='ltr'>ἡ</span> 
     </span>
     <span class='ocr_line' id='line_1_17' title="bbox 97 1053 1120 1108; baseline 0.003 -18"><span class='ocrx_word' id='word_1_121' title='bbox 97 1053 178 1097; x_wconf 81' lang='grc' dir='ltr'>δόξα</span> <span class='ocrx_word' id='word_1_122' title='bbox 195 1055 254 1092; x_wconf 84' lang='grc' dir='ltr'>καὶ</span> <span class='ocrx_word' id='word_1_123' title='bbox 270 1055 309 1093; x_wconf 83' lang='grc' dir='ltr'>τὸ</span> <span class='ocrx_word' id='word_1_124' title='bbox 327 1054 452 1108; x_wconf 71' lang='grc' dir='ltr'>κράτος</span> <span class='ocrx_word' id='word_1_125' title='bbox 471 1056 530 1093; x_wconf 79' lang='grc' dir='ltr'>καὶ</span> <span class='ocrx_word' id='word_1_126' title='bbox 549 1060 569 1103; x_wconf 82' lang='grc' dir='ltr'>ἡ</span> <span class='ocrx_word' id='word_1_127' title='bbox 589 1053 674 1105; x_wconf 82' lang='grc' dir='ltr'>τιμὴ</span> <span class='ocrx_word' id='word_1_128' title='bbox 691 1055 749 1093; x_wconf 87' lang='grc' dir='ltr'>καὶ</span> <span class='ocrx_word' id='word_1_129' title='bbox 766 1058 786 1101; x_wconf 83' lang='grc' dir='ltr'>ἡ</span> <span class='ocrx_word' id='word_1_130' title='bbox 802 1055 1054 1107; x_wconf 75' lang='grc' dir='ltr'>προσκόνησις,</span> <span class='ocrx_word' id='word_1_131' title='bbox 1074 1059 1120 1099; x_wconf 75' lang='grc' dir='ltr'>εἷς</span> 
     </span>
     <span class='ocr_line' id='line_1_18' title="bbox 97 1106 715 1158; baseline 0.002 -15"><span class='ocrx_word' id='word_1_132' title='bbox 97 1106 173 1150; x_wconf 74' lang='grc' dir='ltr'>τοὺς</span> <span class='ocrx_word' id='word_1_133' title='bbox 194 1109 320 1150; x_wconf 79' lang='grc' dir='ltr'>αἰῶνας</span> <span class='ocrx_word' id='word_1_134' title='bbox 338 1111 406 1146; x_wconf 78' lang='grc' dir='ltr'>τῶν</span> <span class='ocrx_word' id='word_1_135' title='bbox 429 1107 574 1146; x_wconf 78' lang='grc' dir='ltr'>αἰώνων.</span> <span class='ocrx_word' id='word_1_136' title='bbox 596 1107 715 1158; x_wconf 74' lang='grc' dir='ltr'>Ἀμήν.</span> 
     </span>
    </p>
   </div>
   <div class='ocr_carea' id='block_1_3' title="bbox 1146 183 2181 485">
    <p class='ocr_par' dir='ltr' id='par_1_3' title="bbox 1191 183 2179 380">
     <span class='ocr_line' id='line_1_19' title="bbox 2089 183 2176 241; baseline 0.011 -17"><span class='ocrx_word' id='word_1_137' title='bbox 2089 183 2176 241; x_wconf 61' lang='grc'>873</span> 
     </span>
     <span class='ocr_line' id='line_1_20' title="bbox 1192 271 2179 326; baseline 0.007 -19"><span class='ocrx_word' id='word_1_138' title='bbox 1192 271 1315 320; x_wconf 86' lang='lat' dir='ltr'>mittit,</span> <span class='ocrx_word' id='word_1_139' title='bbox 1338 281 1478 308; x_wconf 85' lang='lat' dir='ltr'>resecat.</span> <span class='ocrx_word' id='word_1_140' title='bbox 1502 273 1560 308; x_wconf 85' lang='lat' dir='ltr'>Tu</span> <span class='ocrx_word' id='word_1_141' title='bbox 1590 272 1766 310; x_wconf 79' lang='lat' dir='ltr'>hominem</span> <span class='ocrx_word' id='word_1_142' title='bbox 1798 276 1946 324; x_wconf 69' lang='lat' dir='ltr'>‹pisci-is,</span> <span class='ocrx_word' id='word_1_143' title='bbox 1968 278 2029 326; x_wconf 80' lang='lat' dir='ltr'>qui</span> <span class='ocrx_word' id='word_1_144' title='bbox 2061 290 2179 314; x_wconf 83' lang='lat' dir='ltr'>coram</span> 
     </span>
     <span class='ocr_line' id='line_1_21' title="bbox 1191 322 2179 380; baseline 0.01 -22"><span class='ocrx_word' id='word_1_145' title='bbox 1191 336 1272 372; x_wconf 77' lang='lat' dir='ltr'>rege</span> <span class='ocrx_word' id='word_1_146' title='bbox 1292 336 1371 359; x_wconf 89' lang='lat' dir='ltr'>eum</span> <span class='ocrx_word' id='word_1_147' title='bbox 1391 323 1461 360; x_wconf 83' lang='lat' dir='ltr'>alio</span> <span class='ocrx_word' id='word_1_148' title='bbox 1479 322 1740 374; x_wconf 80' lang='lat' dir='ltr'>disceptatui.·us</span> <span class='ocrx_word' id='word_1_149' title='bbox 1757 325 1821 374; x_wconf 85' lang='lat' dir='ltr'>sit,</span> <span class='ocrx_word' id='word_1_150' title='bbox 1846 340 1908 364; x_wconf 87' lang='lat' dir='ltr'>nec</span> <span class='ocrx_word' id='word_1_151' title='bbox 1935 328 2096 366; x_wconf 78' lang='lat' dir='ltr'>invenire</span> <span class='ocrx_word' id='word_1_152' title='bbox 2118 344 2179 380; x_wconf 83' lang='lat' dir='ltr'>po-</span> 
     </span>
    </p>

    <p class='ocr_par' dir='ltr' id='par_1_4' title="bbox 1146 374 2181 485">
     <span class='ocr_line' id='line_1_22' title="bbox 1146 374 2179 430; baseline 0.01 -21"><span class='ocrx_word' id='word_1_153' title='bbox 1146 387 1169 415; x_wconf 82' lang='grc'>1)</span> <span class='ocrx_word' id='word_1_154' title='bbox 1196 382 1255 410; x_wconf 85' lang='lat' dir='ltr'>tes.</span> <span class='ocrx_word' id='word_1_155' title='bbox 1272 374 1408 411; x_wconf 79' lang='lat' dir='ltr'>Multos</span> <span class='ocrx_word' id='word_1_156' title='bbox 1434 375 1528 412; x_wconf 89' lang='lat' dir='ltr'>enim</span> <span class='ocrx_word' id='word_1_157' title='bbox 1552 376 1708 426; x_wconf 84' lang='lat' dir='ltr'>perdidit</span> <span class='ocrx_word' id='word_1_158' title='bbox 1730 377 1790 426; x_wconf 82' lang='lat' dir='ltr'>qui</span> <span class='ocrx_word' id='word_1_159' title='bbox 1807 378 1894 415; x_wconf 78' lang='lat' dir='ltr'>alios</span> <span class='ocrx_word' id='word_1_160' title='bbox 1911 380 2037 430; x_wconf 84' lang='lat' dir='ltr'>injuste</span> <span class='ocrx_word' id='word_1_161' title='bbox 2052 381 2179 419; x_wconf 75' lang='lat' dir='ltr'>laedcre</span> 
     </span>
     <span class='ocr_line' id='line_1_23' title="bbox 1193 426 2181 485; baseline 0.008 -23"><span class='ocrx_word' id='word_1_162' title='bbox 1193 426 1334 463; x_wconf 76' lang='lat' dir='ltr'>vellent.</span> <span class='ocrx_word' id='word_1_163' title='bbox 1355 426 1438 463; x_wconf 81' lang='lat' dir='ltr'>Ideo</span> <span class='ocrx_word' id='word_1_164' title='bbox 1457 427 1634 477; x_wconf 76' lang='lat' dir='ltr'>benignus</span> <span class='ocrx_word' id='word_1_165' title='bbox 1657 430 1753 465; x_wconf 79' lang='lat' dir='ltr'>Deus</span> <span class='ocrx_word' id='word_1_166' title='bbox 1787 443 1853 466; x_wconf 85' lang='lat' dir='ltr'>non</span> <span class='ocrx_word' id='word_1_167' title='bbox 1881 431 2044 483; x_wconf 64' lang='lat' dir='ltr'>despexit</span> <span class='ocrx_word' id='word_1_168' title='bbox 2067 433 2181 485; x_wconf 78' lang='lat' dir='ltr'>lacry-</span> 
     </span>
    </p>
   </div>
   <div class='ocr_carea' id='block_1_4' title="bbox 1191 479 2181 588">
    <p class='ocr_par' dir='ltr' id='par_1_5' title="bbox 1191 479 2181 588">
     <span class='ocr_line' id='line_1_24' title="bbox 1194 479 2179 529; baseline 0.008 -15"><span class='ocrx_word' id='word_1_169' title='bbox 1194 492 1268 515; x_wconf 81' lang='lat' dir='ltr'>mas</span> <span class='ocrx_word' id='word_1_170' title='bbox 1283 487 1316 515; x_wconf 85' lang='lat' dir='ltr'>et</span> <span class='ocrx_word' id='word_1_171' title='bbox 1333 479 1485 529; x_wconf 84' lang='lat' dir='ltr'>gemitus</span> <span class='ocrx_word' id='word_1_172' title='bbox 1505 479 1730 517; x_wconf 83' lang='lat' dir='ltr'>sacerdotum</span> <span class='ocrx_word' id='word_1_173' title='bbox 1748 490 1780 517; x_wconf 84' lang='lat' dir='ltr'>et</span> <span class='ocrx_word' id='word_1_174' title='bbox 1795 492 1996 520; x_wconf 70' lang='lat' dir='ltr'>sanctorum</span> <span class='ocrx_word' id='word_1_175' title='bbox 2022 498 2179 529; x_wconf 80' lang='lat' dir='ltr'>suorum,</span> 
     </span>
     <span class='ocr_line' id='line_1_25' title="bbox 1191 530 2181 588; baseline 0.008 -22"><span class='ocrx_word' id='word_1_176' title='bbox 1191 530 1254 580; x_wconf 87' lang='lat' dir='ltr'>qui</span> <span class='ocrx_word' id='word_1_177' title='bbox 1281 544 1345 581; x_wconf 87' lang='lat' dir='ltr'>pro</span> <span class='ocrx_word' id='word_1_178' title='bbox 1372 545 1411 568; x_wconf 84' lang='lat' dir='ltr'>ea</span> <span class='ocrx_word' id='word_1_179' title='bbox 1443 545 1480 568; x_wconf 86' lang='lat' dir='ltr'>re</span> <span class='ocrx_word' id='word_1_180' title='bbox 1502 531 1619 584; x_wconf 87' lang='lat' dir='ltr'>ipsum</span> <span class='ocrx_word' id='word_1_181' title='bbox 1639 534 1894 583; x_wconf 77' lang='lat' dir='ltr'>precabantur,</span> <span class='ocrx_word' id='word_1_182' title='bbox 1918 536 1978 585; x_wconf 89' lang='lat' dir='ltr'>qui</span> <span class='ocrx_word' id='word_1_183' title='bbox 2004 536 2098 573; x_wconf 78' lang='lat' dir='ltr'>dixit</span> <span class='ocrx_word' id='word_1_184' title='bbox 2119 552 2181 588; x_wconf 87' lang='lat' dir='ltr'>per</span> 
     </span>
    </p>
   </div>
   <div class='ocr_carea' id='block_1_5' title="bbox 1156 583 2338 690">
    <p class='ocr_par' dir='ltr' id='par_1_6' title="bbox 1156 583 2338 690">
     <span class='ocr_line' id='line_1_26' title="bbox 1156 583 2338 640; baseline 0.008 -22"><span class='ocrx_word' id='word_1_185' title='bbox 1156 588 1162 592; x_wconf 89' lang='grc'><strong>”</strong></span> <span class='ocrx_word' id='word_1_186' title='bbox 1192 583 1402 634; x_wconf 81' lang='lat' dir='ltr'>prophetam</span> <span class='ocrx_word' id='word_1_187' title='bbox 1422 583 1551 622; x_wconf 81' lang='lat' dir='ltr'>Isaiam</span> <span class='ocrx_word' id='word_1_188' title='bbox 1571 599 1579 620; x_wconf 73' lang='grc' dir='ltr'>ι</span> <span class='ocrx_word' id='word_1_189' title='bbox 1599 586 1783 624; x_wconf 76' lang='lat' dir='ltr'>Judicate</span> <span class='ocrx_word' id='word_1_190' title='bbox 1797 587 1960 638; x_wconf 80' lang='lat' dir='ltr'>pupillo,</span> <span class='ocrx_word' id='word_1_191' title='bbox 1983 589 2180 640; x_wconf 77' lang='lat' dir='ltr'>defendite</span> <span class='ocrx_word' id='word_1_192' title='bbox 2198 595 2270 622; x_wconf 69' lang='lat' dir='ltr'>Isar-</span> <span class='ocrx_word' id='word_1_193' title='bbox 2290 601 2312 622; x_wconf 81' lang='lat'>1-</span> <span class='ocrx_word' id='word_1_194' title='bbox 2335 605 2338 621; x_wconf 72' lang='grc' dir='ltr'>ι</span> 
     </span>
     <span class='ocr_line' id='line_1_27' title="bbox 1194 636 2246 690; baseline 0.008 -19"><span class='ocrx_word' id='word_1_195' title='bbox 1194 636 1371 681; x_wconf 80' lang='lat' dir='ltr'>viduam,</span> <span class='ocrx_word' id='word_1_196' title='bbox 1397 644 1435 673; x_wconf 79' lang='lat' dir='ltr'>et</span> <span class='ocrx_word' id='word_1_197' title='bbox 1459 640 1603 683; x_wconf 79' lang='lat' dir='ltr'>venite,</span> <span class='ocrx_word' id='word_1_198' title='bbox 1625 646 1662 674; x_wconf 85' lang='lat' dir='ltr'>et</span> <span class='ocrx_word' id='word_1_199' title='bbox 1686 639 1948 690; x_wconf 76' lang='lat' dir='ltr'><em>disceptemus.</em></span> <span class='ocrx_word' id='word_1_200' title='bbox 1967 641 2037 678; x_wconf 80' lang='lat' dir='ltr'>Sed</span> <span class='ocrx_word' id='word_1_201' title='bbox 2059 654 2180 679; x_wconf 79' lang='lat' dir='ltr'>eorum</span> <span class='ocrx_word' id='word_1_202' title='bbox 2201 636 2246 663; x_wconf 79' lang='lat'>¹3·</span> 
     </span>
    </p>
   </div>
   <div class='ocr_carea' id='block_1_6' title="bbox 1193 687 2181 1146">
    <p class='ocr_par' dir='ltr' id='par_1_7' title="bbox 1193 687 2181 1146">
     <span class='ocr_line' id='line_1_28' title="bbox 1195 687 2180 743; baseline 0.007 -19"><span class='ocrx_word' id='word_1_203' title='bbox 1195 687 1374 725; x_wconf 80' lang='lat' dir='ltr'>exauditis</span> <span class='ocrx_word' id='word_1_204' title='bbox 1388 688 1566 741; x_wconf 84' lang='lat' dir='ltr'>precibus,</span> <span class='ocrx_word' id='word_1_205' title='bbox 1583 698 1616 727; x_wconf 92' lang='lat' dir='ltr'>et</span> <span class='ocrx_word' id='word_1_206' title='bbox 1632 689 1730 728; x_wconf 88' lang='lat' dir='ltr'>illius</span> <span class='ocrx_word' id='word_1_207' title='bbox 1745 692 1874 729; x_wconf 86' lang='lat' dir='ltr'>seelera</span> <span class='ocrx_word' id='word_1_208' title='bbox 1883 722 1892 739; x_wconf 92' lang='lat'>,</span> <span class='ocrx_word' id='word_1_209' title='bbox 1907 707 1986 743; x_wconf 79' lang='lat' dir='ltr'>quae</span> <span class='ocrx_word' id='word_1_210' title='bbox 2000 693 2180 732; x_wconf 86' lang='lat' dir='ltr'>hominem</span> 
     </span>
     <span class='ocr_line' id='line_1_29' title="bbox 1196 741 2181 791; baseline 0.007 -14"><span class='ocrx_word' id='word_1_211' title='bbox 1196 741 1421 791; x_wconf 78' lang='lat' dir='ltr'>superabant,</span> <span class='ocrx_word' id='word_1_212' title='bbox 1452 741 1687 790; x_wconf 80' lang='lat' dir='ltr'>condonavit,</span> <span class='ocrx_word' id='word_1_213' title='bbox 1708 752 1739 780; x_wconf 89' lang='lat' dir='ltr'>et</span> <span class='ocrx_word' id='word_1_214' title='bbox 1757 743 1925 782; x_wconf 80' lang='lat' dir='ltr'>Ecclesiae</span> <span class='ocrx_word' id='word_1_215' title='bbox 1951 759 2055 783; x_wconf 92' lang='lat' dir='ltr'>suum</span> <span class='ocrx_word' id='word_1_216' title='bbox 2081 759 2181 784; x_wconf 82' lang='lat' dir='ltr'>orna-</span> 
     </span>
     <span class='ocr_line' id='line_1_30' title="bbox 1195 796 2181 849; baseline 0.008 -21"><span class='ocrx_word' id='word_1_217' title='bbox 1195 801 1291 842; x_wconf 89' lang='lat' dir='ltr'>tum,</span> <span class='ocrx_word' id='word_1_218' title='bbox 1316 802 1350 830; x_wconf 93' lang='lat' dir='ltr'>et</span> <span class='ocrx_word' id='word_1_219' title='bbox 1376 803 1578 831; x_wconf 85' lang='lat' dir='ltr'>sanctarum</span> <span class='ocrx_word' id='word_1_220' title='bbox 1606 796 1959 847; x_wconf 84' lang='lat' dir='ltr'>venerandarumque</span> <span class='ocrx_word' id='word_1_221' title='bbox 1984 798 2181 849; x_wconf 75' lang='lat' dir='ltr'>imaginum</span> 
     </span>
     <span class='ocr_line' id='line_1_31' title="bbox 1193 844 2181 899; baseline 0.006 -17"><span class='ocrx_word' id='word_1_222' title='bbox 1193 844 1356 883; x_wconf 83' lang='lat' dir='ltr'>decorem</span> <span class='ocrx_word' id='word_1_223' title='bbox 1374 846 1542 891; x_wconf 81' lang='lat' dir='ltr'>restituit,</span> <span class='ocrx_word' id='word_1_224' title='bbox 1565 848 1737 897; x_wconf 83' lang='lat' dir='ltr'>nobisque</span> <span class='ocrx_word' id='word_1_225' title='bbox 1756 849 1816 899; x_wconf 87' lang='lat' dir='ltr'>qui</span> <span class='ocrx_word' id='word_1_226' title='bbox 1841 850 1920 887; x_wconf 88' lang='lat' dir='ltr'>illas</span> <span class='ocrx_word' id='word_1_227' title='bbox 1943 850 2076 888; x_wconf 84' lang='lat' dir='ltr'>sincere</span> <span class='ocrx_word' id='word_1_228' title='bbox 2096 852 2181 888; x_wconf 86' lang='lat' dir='ltr'>coli-</span> 
     </span>
     <span class='ocr_line' id='line_1_32' title="bbox 1194 899 2181 955; baseline 0.007 -21"><span class='ocrx_word' id='word_1_229' title='bbox 1194 911 1273 935; x_wconf 87' lang='lat' dir='ltr'>mus</span> <span class='ocrx_word' id='word_1_230' title='bbox 1299 907 1333 936; x_wconf 90' lang='lat' dir='ltr'>et</span> <span class='ocrx_word' id='word_1_231' title='bbox 1364 899 1823 952; x_wconf 62' lang='lat' dir='ltr'>amplectimur,illiusque</span> <span class='ocrx_word' id='word_1_232' title='bbox 1853 902 1976 941; x_wconf 85' lang='lat' dir='ltr'>divina</span> <span class='ocrx_word' id='word_1_233' title='bbox 2007 913 2181 955; x_wconf 77' lang='lat' dir='ltr'>praecepta</span> 
     </span>
     <span class='ocr_line' id='line_1_33' title="bbox 1193 953 2181 1008; baseline 0.006 -21"><span class='ocrx_word' id='word_1_234' title='bbox 1193 964 1396 999; x_wconf 83' lang='lat' dir='ltr'><strong>servamus,</strong></span> <span class='ocrx_word' id='word_1_235' title='bbox 1417 953 1557 989; x_wconf 86' lang='lat' dir='ltr'>firmam</span> <span class='ocrx_word' id='word_1_236' title='bbox 1579 966 1702 1004; x_wconf 81' lang='lat' dir='ltr'><strong>pacem</strong></span> <span class='ocrx_word' id='word_1_237' title='bbox 1735 963 1769 991; x_wconf 89' lang='lat' dir='ltr'>et</span> <span class='ocrx_word' id='word_1_238' title='bbox 1801 955 2043 993; x_wconf 82' lang='lat' dir='ltr'>remissionem</span> <span class='ocrx_word' id='word_1_239' title='bbox 2060 970 2181 1008; x_wconf 68' lang='lat' dir='ltr'>pec-ca-</span> 
     </span>
     <span class='ocr_line' id='line_1_34' title="bbox 1194 1004 2181 1059; baseline 0.006 -19"><span class='ocrx_word' id='word_1_240' title='bbox 1194 1012 1311 1040; x_wconf 90' lang='lat' dir='ltr'>torum</span> <span class='ocrx_word' id='word_1_241' title='bbox 1339 1004 1501 1054; x_wconf 85' lang='lat' dir='ltr'>quotidie</span> <span class='ocrx_word' id='word_1_242' title='bbox 1533 1005 1692 1043; x_wconf 85' lang='lat' dir='ltr'>concedit</span> <span class='ocrx_word' id='word_1_243' title='bbox 1710 1021 1716 1041; x_wconf 94' lang='lat'>:</span> <span class='ocrx_word' id='word_1_244' title='bbox 1734 1006 1818 1056; x_wconf 84' lang='lat' dir='ltr'>quia</span> <span class='ocrx_word' id='word_1_245' title='bbox 1840 1008 1907 1059; x_wconf 90' lang='lat' dir='ltr'>ipsi</span> <span class='ocrx_word' id='word_1_246' title='bbox 1928 1009 2041 1059; x_wconf 81' lang='lat' dir='ltr'>gloria</span> <span class='ocrx_word' id='word_1_247' title='bbox 2061 1018 2094 1046; x_wconf 89' lang='lat' dir='ltr'>et</span> <span class='ocrx_word' id='word_1_248' title='bbox 2115 1009 2181 1046; x_wconf 90' lang='lat' dir='ltr'>im-</span> 
     </span>
     <span class='ocr_line' id='line_1_35' title="bbox 1193 1055 2180 1107; baseline 0.006 -15"><span class='ocrx_word' id='word_1_249' title='bbox 1193 1055 1347 1107; x_wconf 83' lang='lat' dir='ltr'>perium,</span> <span class='ocrx_word' id='word_1_250' title='bbox 1363 1057 1477 1095; x_wconf 89' lang='lat' dir='ltr'>honor</span> <span class='ocrx_word' id='word_1_251' title='bbox 1495 1066 1528 1095; x_wconf 87' lang='lat' dir='ltr'>et</span> <span class='ocrx_word' id='word_1_252' title='bbox 1550 1057 1723 1106; x_wconf 85' lang='lat' dir='ltr'>adoratio,</span> <span class='ocrx_word' id='word_1_253' title='bbox 1746 1059 1781 1096; x_wconf 91' lang='lat' dir='ltr'>in</span> <span class='ocrx_word' id='word_1_254' title='bbox 1807 1061 1936 1098; x_wconf 86' lang='lat' dir='ltr'>saecula</span> <span class='ocrx_word' id='word_1_255' title='bbox 1956 1061 2180 1098; x_wconf 73' lang='lat' dir='ltr'>saeculorum.</span> 
     </span>
     <span class='ocr_line' id='line_1_36' title="bbox 1197 1111 1322 1146; baseline 0.008 -1"><span class='ocrx_word' id='word_1_256' title='bbox 1197 1111 1322 1146; x_wconf 84' lang='lat' dir='ltr'>Amen.</span> 
     </span>
    </p>
   </div>
   <div class='ocr_carea' id='block_1_7' title="bbox 97 1240 2177 1256">
    <p class='ocr_par' dir='ltr' id='par_1_8' title="bbox 97 1240 2177 1256">
     <span class='ocr_line' id='line_1_37' title="bbox 97 1240 2177 1256; baseline 0 2417"><span class='ocrx_word' id='word_1_257' title='bbox 97 1240 2177 1256; x_wconf 95' lang='lat' dir='ltr'> </span> 
     </span>
    </p>
   </div>
   <div class='ocr_carea' id='block_1_8' title="bbox 914 1364 1453 1470">
    <p class='ocr_par' dir='ltr' id='par_1_9' title="bbox 914 1364 1453 1470">
     <span class='ocr_line' id='line_1_38' title="bbox 914 1364 1453 1470; baseline 0.004 -25"><span class='ocrx_word' id='word_1_258' title='bbox 914 1364 1453 1470; x_wconf 82' lang='lat' dir='ltr'><strong>MONITUM</strong></span> 
     </span>
    </p>
   </div>
   <div class='ocr_carea' id='block_1_9' title="bbox 635 1545 1672 1606">
    <p class='ocr_par' dir='ltr' id='par_1_10' title="bbox 635 1545 1672 1606">
     <span class='ocr_line' id='line_1_39' title="bbox 635 1545 1672 1606; baseline 0.003 -15"><span class='ocrx_word' id='word_1_259' title='bbox 635 1545 706 1591; x_wconf 91' lang='lat' dir='ltr'>IN</span> <span class='ocrx_word' id='word_1_260' title='bbox 760 1545 1202 1606; x_wconf 85' lang='lat' dir='ltr'><strong>SEQUENTEM</strong></span> <span class='ocrx_word' id='word_1_261' title='bbox 1256 1545 1672 1595; x_wconf 85' lang='lat' dir='ltr'>SERMONEM.</span> 
     </span>
    </p>
   </div>
   <div class='ocr_carea' id='block_1_10' title="bbox 92 1678 2182 1862">
    <p class='ocr_par' dir='ltr' id='par_1_11' title="bbox 92 1678 2182 1862">
     <span class='ocr_line' id='line_1_40' title="bbox 148 1678 2179 1735; baseline 0.001 -16"><span class='ocrx_word' id='word_1_262' title='bbox 148 1683 331 1732; x_wconf 77' lang='lat' dir='ltr'>perquam</span> <span class='ocrx_word' id='word_1_263' title='bbox 350 1680 490 1718; x_wconf 80' lang='lat' dir='ltr'>minimi</span> <span class='ocrx_word' id='word_1_264' title='bbox 509 1680 616 1732; x_wconf 88' lang='lat' dir='ltr'>pretii</span> <span class='ocrx_word' id='word_1_265' title='bbox 632 1681 845 1732; x_wconf 84' lang='lat' dir='ltr'>opusculum</span> <span class='ocrx_word' id='word_1_266' title='bbox 866 1681 964 1733; x_wconf 84' lang='lat' dir='ltr'>typis</span> <span class='ocrx_word' id='word_1_267' title='bbox 982 1678 1068 1719; x_wconf 69' lang='lat' dir='ltr'>&lt;Pare</span> <span class='ocrx_word' id='word_1_268' title='bbox 1087 1695 1130 1719; x_wconf 90' lang='lat' dir='ltr'>ne</span> <span class='ocrx_word' id='word_1_269' title='bbox 1153 1681 1406 1733; x_wconf 82' lang='lat' dir='ltr'>cogitassemus</span> <span class='ocrx_word' id='word_1_270' title='bbox 1425 1682 1582 1734; x_wconf 87' lang='lat' dir='ltr'>quidem,</span> <span class='ocrx_word' id='word_1_271' title='bbox 1599 1682 1668 1720; x_wconf 87' lang='lat' dir='ltr'>nisi</span> <span class='ocrx_word' id='word_1_272' title='bbox 1688 1683 1846 1721; x_wconf 85' lang='lat' dir='ltr'>Savilius</span> <span class='ocrx_word' id='word_1_273' title='bbox 1879 1684 1978 1735; x_wconf 91' lang='lat' dir='ltr'>prior</span> <span class='ocrx_word' id='word_1_274' title='bbox 1998 1683 2179 1733; x_wconf 75' lang='lat' dir='ltr'>edidisset,</span> 
     </span>
     <span class='ocr_line' id='line_1_41' title="bbox 92 1743 2182 1798; baseline 0.002 -18"><span class='ocrx_word' id='word_1_275' title='bbox 92 1744 155 1795; x_wconf 78' lang='lat' dir='ltr'>qui</span> <span class='ocrx_word' id='word_1_276' title='bbox 175 1753 290 1782; x_wconf 86' lang='lat' dir='ltr'>tamen</span> <span class='ocrx_word' id='word_1_277' title='bbox 309 1753 347 1781; x_wconf 92' lang='lat' dir='ltr'>ut</span> <span class='ocrx_word' id='word_1_278' title='bbox 363 1743 473 1781; x_wconf 78' lang='lat' dir='ltr'>multa</span> <span class='ocrx_word' id='word_1_279' title='bbox 487 1743 557 1780; x_wconf 83' lang='lat' dir='ltr'>alia</span> <span class='ocrx_word' id='word_1_280' title='bbox 577 1743 736 1795; x_wconf 82' lang='lat' dir='ltr'>ejusdem</span> <span class='ocrx_word' id='word_1_281' title='bbox 754 1744 889 1788; x_wconf 80' lang='lat' dir='ltr'>farinae,</span> <span class='ocrx_word' id='word_1_282' title='bbox 903 1744 1030 1796; x_wconf 81' lang='lat' dir='ltr'>primis</span> <span class='ocrx_word' id='word_1_283' title='bbox 1046 1745 1129 1782; x_wconf 79' lang='lat' dir='ltr'>solis</span> <span class='ocrx_word' id='word_1_284' title='bbox 1147 1744 1263 1782; x_wconf 87' lang='lat' dir='ltr'>allatis</span> <span class='ocrx_word' id='word_1_285' title='bbox 1277 1744 1502 1797; x_wconf 81' lang='lat' dir='ltr'>singulorum</span> <span class='ocrx_word' id='word_1_286' title='bbox 1519 1745 1651 1795; x_wconf 84' lang='lat' dir='ltr'>verbis,</span> <span class='ocrx_word' id='word_1_287' title='bbox 1664 1745 1950 1798; x_wconf 74' lang='lat' dir='ltr'>praetermiserat,</span> <span class='ocrx_word' id='word_1_288' title='bbox 1985 1746 2051 1785; x_wconf 89' lang='lat' dir='ltr'>hoc</span> <span class='ocrx_word' id='word_1_289' title='bbox 2077 1747 2182 1785; x_wconf 86' lang='lat' dir='ltr'>ctiam</span> 
     </span>
     <span class='ocr_line' id='line_1_42' title="bbox 94 1798 1924 1862; baseline 0.002 -19"><span class='ocrx_word' id='word_1_290' title='bbox 94 1807 130 1844; x_wconf 88' lang='lat' dir='ltr'>in</span> <span class='ocrx_word' id='word_1_291' title='bbox 149 1806 301 1845; x_wconf 83' lang='lat' dir='ltr'>tenebris</span> <span class='ocrx_word' id='word_1_292' title='bbox 319 1807 517 1858; x_wconf 84' lang='lat' dir='ltr'>relinquere</span> <span class='ocrx_word' id='word_1_293' title='bbox 535 1805 673 1855; x_wconf 86' lang='lat' dir='ltr'>debuit,</span> <span class='ocrx_word' id='word_1_294' title='bbox 693 1815 732 1844; x_wconf 86' lang='lat' dir='ltr'>ut</span> <span class='ocrx_word' id='word_1_295' title='bbox 747 1807 967 1845; x_wconf 78' lang='lat' dir='ltr'>existimabit</span> <span class='ocrx_word' id='word_1_296' title='bbox 984 1798 1081 1845; x_wconf 84' lang='lat' dir='ltr'>haud</span> <span class='ocrx_word' id='word_1_297' title='bbox 1094 1808 1204 1846; x_wconf 86' lang='lat' dir='ltr'>dubie</span> <span class='ocrx_word' id='word_1_298' title='bbox 1220 1808 1382 1859; x_wconf 83' lang='lat' dir='ltr'>quisquis</span> <span class='ocrx_word' id='word_1_299' title='bbox 1401 1817 1517 1847; x_wconf 89' lang='lat' dir='ltr'>mente</span> <span class='ocrx_word' id='word_1_300' title='bbox 1538 1818 1571 1846; x_wconf 83' lang='lat' dir='ltr'>et</span> <span class='ocrx_word' id='word_1_301' title='bbox 1585 1808 1756 1862; x_wconf 85' lang='grc' dir='ltr'>κριτηρίῳ</span> <span class='ocrx_word' id='word_1_302' title='bbox 1777 1809 1924 1848; x_wconf 78' lang='lat' dir='ltr'>valebit.</span> 
     </span>
    </p>
   </div>
   <div class='ocr_carea' id='block_1_11' title="bbox 253 2056 961 2109">
    <p class='ocr_par' dir='ltr' id='par_1_12' title="bbox 253 2056 961 2109">
     <span class='ocr_line' id='line_1_43' title="bbox 253 2056 961 2109; baseline -0.001 -14"><span class='ocrx_word' id='word_1_303' title='bbox 253 2058 315 2100; x_wconf 84' lang='grc' dir='ltr'>Εἷς</span> <span class='ocrx_word' id='word_1_304' title='bbox 343 2057 406 2104; x_wconf 71' lang='grc' dir='ltr'>τὴν</span> <span class='ocrx_word' id='word_1_305' title='bbox 432 2057 563 2109; x_wconf 78' lang='grc' dir='ltr'>ὕψωσιν</span> <span class='ocrx_word' id='word_1_306' title='bbox 583 2060 643 2095; x_wconf 84' lang='grc' dir='ltr'>τοῦ</span> <span class='ocrx_word' id='word_1_307' title='bbox 665 2056 781 2107; x_wconf 86' lang='grc' dir='ltr'>τιμίου</span> <span class='ocrx_word' id='word_1_308' title='bbox 801 2061 961 2109; x_wconf 82' lang='grc' dir='ltr'>σταυροῦ.</span> 
     </span>
    </p>
   </div>
   <div class='ocr_carea' id='block_1_12' title="bbox 90 2180 1122 3437">
    <p class='ocr_par' dir='ltr' id='par_1_13' title="bbox 90 2180 1122 3389">
     <span class='ocr_line' id='line_1_44' title="bbox 146 2180 1122 2233; baseline 0 -15"><span class='ocrx_word' id='word_1_309' title='bbox 146 2182 252 2218; x_wconf 75' lang='grc' dir='ltr'>Πᾶσα</span> <span class='ocrx_word' id='word_1_310' title='bbox 273 2180 334 2230; x_wconf 84' lang='grc' dir='ltr'>μὲν</span> <span class='ocrx_word' id='word_1_311' title='bbox 350 2184 371 2227; x_wconf 81' lang='grc' dir='ltr'>ἠ</span> <span class='ocrx_word' id='word_1_312' title='bbox 388 2181 457 2219; x_wconf 83' lang='grc' dir='ltr'>ἀπὸ</span> <span class='ocrx_word' id='word_1_313' title='bbox 475 2182 543 2218; x_wconf 79' lang='grc' dir='ltr'>τῶν</span> <span class='ocrx_word' id='word_1_314' title='bbox 556 2180 721 2233; x_wconf 75' lang='grc' dir='ltr'>χειρόνων</span> <span class='ocrx_word' id='word_1_315' title='bbox 742 2181 799 2219; x_wconf 80' lang='grc' dir='ltr'>ἐπὶ</span> <span class='ocrx_word' id='word_1_316' title='bbox 807 2180 849 2219; x_wconf 75' lang='grc' dir='ltr'>τὰ</span> <span class='ocrx_word' id='word_1_317' title='bbox 863 2180 1044 2233; x_wconf 87' lang='grc' dir='ltr'>κρείττονα</span> <span class='ocrx_word' id='word_1_318' title='bbox 1059 2197 1122 2231; x_wconf 86' lang='grc' dir='ltr'>με-</span> 
     </span>
     <span class='ocr_line' id='line_1_45' title="bbox 92 2232 1120 2287; baseline 0 -16"><span class='ocrx_word' id='word_1_319' title='bbox 92 2232 223 2280; x_wconf 63' lang='grc' dir='ltr'>ταὸολὴ</span> <span class='ocrx_word' id='word_1_320' title='bbox 245 2232 412 2283; x_wconf 80' lang='grc' dir='ltr'>μεγίστην</span> <span class='ocrx_word' id='word_1_321' title='bbox 427 2233 541 2286; x_wconf 74' lang='grc' dir='ltr'>χαρὰν</span> <span class='ocrx_word' id='word_1_322' title='bbox 561 2233 620 2271; x_wconf 79' lang='grc' dir='ltr'>καὶ</span> <span class='ocrx_word' id='word_1_323' title='bbox 642 2233 850 2287; x_wconf 71' lang='grc' dir='ltr'>εὐφροσύνην</span> <span class='ocrx_word' id='word_1_324' title='bbox 870 2236 920 2286; x_wconf 81' lang='grc' dir='ltr'>τῷ</span> <span class='ocrx_word' id='word_1_325' title='bbox 940 2233 1032 2284; x_wconf 79' lang='grc' dir='ltr'>γένει</span> <span class='ocrx_word' id='word_1_326' title='bbox 1052 2236 1120 2271; x_wconf 86' lang='grc' dir='ltr'>τῶν</span> 
     </span>
     <span class='ocr_line' id='line_1_46' title="bbox 93 2285 1121 2339; baseline 0.001 -16"><span class='ocrx_word' id='word_1_327' title='bbox 93 2286 284 2339; x_wconf 79' lang='grc' dir='ltr'>ἀνθρώπων</span> <span class='ocrx_word' id='word_1_328' title='bbox 301 2287 562 2339; x_wconf 84' lang='grc' dir='ltr'>κατεργάζεται.</span> <span class='ocrx_word' id='word_1_329' title='bbox 579 2286 721 2338; x_wconf 68' lang='grc' dir='ltr'>Πέφυκε</span> <span class='ocrx_word' id='word_1_330' title='bbox 731 2285 798 2338; x_wconf 78' lang='grc' dir='ltr'>γὰρ</span> <span class='ocrx_word' id='word_1_331' title='bbox 811 2289 831 2332; x_wconf 83' lang='grc' dir='ltr'>ἧ</span> <span class='ocrx_word' id='word_1_332' title='bbox 845 2286 1042 2338; x_wconf 80' lang='grc' dir='ltr'>ἀνθρωπίνη</span> <span class='ocrx_word' id='word_1_333' title='bbox 1060 2285 1121 2338; x_wconf 74' lang='grc' dir='ltr'>φύ-</span> 
     </span>
     <span class='ocr_line' id='line_1_47' title="bbox 93 2338 1119 2392; baseline -0.001 -15"><span class='ocrx_word' id='word_1_334' title='bbox 93 2355 145 2382; x_wconf 90' lang='grc' dir='ltr'>σις</span> <span class='ocrx_word' id='word_1_335' title='bbox 158 2342 225 2376; x_wconf 83' lang='grc' dir='ltr'>τῶν</span> <span class='ocrx_word' id='word_1_336' title='bbox 240 2339 443 2390; x_wconf 83' lang='grc' dir='ltr'>κρειττόνων</span> <span class='ocrx_word' id='word_1_337' title='bbox 460 2339 648 2392; x_wconf 81' lang='grc' dir='ltr'>ὀρεγομένη</span> <span class='ocrx_word' id='word_1_338' title='bbox 665 2340 717 2377; x_wconf 78' lang='grc' dir='ltr'>ἀεὶ</span> <span class='ocrx_word' id='word_1_339' title='bbox 732 2338 892 2377; x_wconf 80' lang='grc' dir='ltr'>σπεύδειν</span> <span class='ocrx_word' id='word_1_340' title='bbox 904 2338 961 2377; x_wconf 82' lang='grc' dir='ltr'>ἐπὶ</span> <span class='ocrx_word' id='word_1_341' title='bbox 975 2338 1037 2386; x_wconf 78' lang='grc' dir='ltr'>τὴν</span> <span class='ocrx_word' id='word_1_342' title='bbox 1052 2342 1119 2376; x_wconf 73' lang='grc' dir='ltr'>τῶν</span> 
     </span>
     <span class='ocr_line' id='line_1_48' title="bbox 94 2391 1120 2444; baseline 0.001 -16"><span class='ocrx_word' id='word_1_343' title='bbox 94 2391 277 2441; x_wconf 76' lang='grc' dir='ltr'>βελτιόνων</span> <span class='ocrx_word' id='word_1_344' title='bbox 306 2391 516 2444; x_wconf 75' lang='grc' dir='ltr'>κατάληψιν.</span> <span class='ocrx_word' id='word_1_345' title='bbox 545 2391 651 2430; x_wconf 70' lang='grc' dir='ltr'>Οὕτω</span> <span class='ocrx_word' id='word_1_346' title='bbox 669 2395 750 2444; x_wconf 89' lang='grc' dir='ltr'>γοῦν</span> <span class='ocrx_word' id='word_1_347' title='bbox 768 2392 868 2438; x_wconf 77' lang='grc' dir='ltr'>ἡδεῖα</span> <span class='ocrx_word' id='word_1_348' title='bbox 896 2398 966 2435; x_wconf 89' lang='grc' dir='ltr'>τοῖς</span> <span class='ocrx_word' id='word_1_349' title='bbox 994 2391 1120 2430; x_wconf 83' lang='grc' dir='ltr'>πλέου-</span> 
     </span>
     <span class='ocr_line' id='line_1_49' title="bbox 92 2444 1119 2496; baseline 0.003 -16"><span class='ocrx_word' id='word_1_350' title='bbox 92 2459 146 2481; x_wconf 88' lang='grc' dir='ltr'>σιν</span> <span class='ocrx_word' id='word_1_351' title='bbox 165 2448 186 2491; x_wconf 79' lang='grc' dir='ltr'>ἡ</span> <span class='ocrx_word' id='word_1_352' title='bbox 205 2446 243 2481; x_wconf 79' lang='grc' dir='ltr'>ἐκ</span> <span class='ocrx_word' id='word_1_353' title='bbox 261 2448 433 2495; x_wconf 78' lang='grc' dir='ltr'>χειμῶνος</span> <span class='ocrx_word' id='word_1_354' title='bbox 459 2447 506 2487; x_wconf 85' lang='grc' dir='ltr'>εἷς</span> <span class='ocrx_word' id='word_1_355' title='bbox 524 2444 637 2482; x_wconf 78' lang='grc' dir='ltr'>εὐδίαν</span> <span class='ocrx_word' id='word_1_356' title='bbox 657 2445 717 2482; x_wconf 85' lang='grc' dir='ltr'>καὶ</span> <span class='ocrx_word' id='word_1_357' title='bbox 736 2444 890 2496; x_wconf 80' lang='grc' dir='ltr'>γαλήνην</span> <span class='ocrx_word' id='word_1_358' title='bbox 907 2444 1099 2495; x_wconf 67' lang='grc' dir='ltr'>μετοίὸασις</span> <span class='ocrx_word' id='word_1_359' title='bbox 1111 2461 1119 2467; x_wconf 94' lang='grc'><em>·</em></span> 
     </span>
     <span class='ocr_line' id='line_1_50' title="bbox 91 2495 1118 2548; baseline 0.001 -14"><span class='ocrx_word' id='word_1_360' title='bbox 91 2499 191 2543; x_wconf 82' lang='grc' dir='ltr'>ἡδεῖα</span> <span class='ocrx_word' id='word_1_361' title='bbox 212 2495 323 2533; x_wconf 80' lang='grc' dir='ltr'>δὲκαὶ</span> <span class='ocrx_word' id='word_1_362' title='bbox 342 2502 412 2539; x_wconf 88' lang='grc' dir='ltr'>τοῖς</span> <span class='ocrx_word' id='word_1_363' title='bbox 435 2496 612 2548; x_wconf 77' lang='grc' dir='ltr'>ὁδοπόροις</span> <span class='ocrx_word' id='word_1_364' title='bbox 647 2500 668 2543; x_wconf 83' lang='grc' dir='ltr'>ἡ</span> <span class='ocrx_word' id='word_1_365' title='bbox 698 2499 738 2534; x_wconf 80' lang='grc' dir='ltr'>ἐκ</span> <span class='ocrx_word' id='word_1_366' title='bbox 762 2497 921 2547; x_wconf 84' lang='grc' dir='ltr'>καμάτου</span> <span class='ocrx_word' id='word_1_367' title='bbox 949 2498 1002 2535; x_wconf 80' lang='grc' dir='ltr'>ἐπ’</span> <span class='ocrx_word' id='word_1_368' title='bbox 1032 2497 1118 2535; x_wconf 81' lang='grc' dir='ltr'>ἀνά-</span> 
     </span>
     <span class='ocr_line' id='line_1_51' title="bbox 91 2548 1119 2600; baseline -0.001 -13"><span class='ocrx_word' id='word_1_369' title='bbox 91 2548 378 2600; x_wconf 79' lang='grc' dir='ltr'>παυσινῆσυχία·</span> <span class='ocrx_word' id='word_1_370' title='bbox 395 2551 495 2595; x_wconf 75' lang='grc' dir='ltr'>ἡδεῖα</span> <span class='ocrx_word' id='word_1_371' title='bbox 516 2549 551 2587; x_wconf 81' lang='grc' dir='ltr'>δὲ</span> <span class='ocrx_word' id='word_1_372' title='bbox 579 2550 639 2588; x_wconf 86' lang='grc' dir='ltr'>καὶ</span> <span class='ocrx_word' id='word_1_373' title='bbox 669 2556 739 2592; x_wconf 90' lang='grc' dir='ltr'>τοῖς</span> <span class='ocrx_word' id='word_1_374' title='bbox 771 2549 999 2600; x_wconf 80' lang='grc' dir='ltr'>λυπουμένοις</span> <span class='ocrx_word' id='word_1_375' title='bbox 1022 2552 1044 2595; x_wconf 81' lang='grc' dir='ltr'>ἦ</span> <span class='ocrx_word' id='word_1_376' title='bbox 1080 2551 1119 2586; x_wconf 82' lang='grc' dir='ltr'>ἐκ</span> 
     </span>
     <span class='ocr_line' id='line_1_52' title="bbox 92 2601 1118 2654; baseline -0.001 -15"><span class='ocrx_word' id='word_1_377' title='bbox 92 2602 284 2653; x_wconf 56' lang='grc' dir='ltr'>κατ-[μρείας</span> <span class='ocrx_word' id='word_1_378' title='bbox 311 2603 357 2644; x_wconf 84' lang='grc' dir='ltr'>εἷς</span> <span class='ocrx_word' id='word_1_379' title='bbox 389 2601 598 2654; x_wconf 62' lang='grc' dir='ltr'>εὐφροσύνην</span> <span class='ocrx_word' id='word_1_380' title='bbox 616 2602 816 2652; x_wconf 78' lang='grc' dir='ltr'>μετάθεσις·</span> <span class='ocrx_word' id='word_1_381' title='bbox 831 2601 983 2654; x_wconf 79' lang='grc' dir='ltr'>ἡδυτέρα</span> <span class='ocrx_word' id='word_1_382' title='bbox 1004 2601 1039 2639; x_wconf 77' lang='grc' dir='ltr'>δὲ</span> <span class='ocrx_word' id='word_1_383' title='bbox 1059 2602 1118 2639; x_wconf 80' lang='grc' dir='ltr'>καὶ</span> 
     </span>
     <span class='ocr_line' id='line_1_53' title="bbox 90 2653 1117 2707; baseline -0.001 -15"><span class='ocrx_word' id='word_1_384' title='bbox 90 2660 161 2698; x_wconf 87' lang='grc' dir='ltr'>τοῖς</span> <span class='ocrx_word' id='word_1_385' title='bbox 175 2658 330 2693; x_wconf 74' lang='grc' dir='ltr'>νοσοῦσιν</span> <span class='ocrx_word' id='word_1_386' title='bbox 345 2659 366 2701; x_wconf 82' lang='grc' dir='ltr'>ἠ</span> <span class='ocrx_word' id='word_1_387' title='bbox 387 2655 422 2698; x_wconf 79' lang='grc' dir='ltr'>ἐξ</span> <span class='ocrx_word' id='word_1_388' title='bbox 439 2655 614 2698; x_wconf 84' lang='grc' dir='ltr'>ἀσθενείας</span> <span class='ocrx_word' id='word_1_389' title='bbox 635 2657 683 2698; x_wconf 83' lang='grc' dir='ltr'>εἷς</span> <span class='ocrx_word' id='word_1_390' title='bbox 701 2654 831 2705; x_wconf 81' lang='grc' dir='ltr'>ὑγίειαν</span> <span class='ocrx_word' id='word_1_391' title='bbox 853 2654 911 2692; x_wconf 78' lang='grc' dir='ltr'>καὶ</span> <span class='ocrx_word' id='word_1_392' title='bbox 928 2653 1117 2707; x_wconf 76' lang='grc' dir='ltr'>εὐρωστίαν</span> 
     </span>
     <span class='ocr_line' id='line_1_54' title="bbox 92 2707 1117 2759; baseline 0 -15"><span class='ocrx_word' id='word_1_393' title='bbox 92 2707 280 2759; x_wconf 76' lang='grc' dir='ltr'>ἀνάληψις·</span> <span class='ocrx_word' id='word_1_394' title='bbox 309 2708 408 2753; x_wconf 72' lang='grc' dir='ltr'>’ἡδεῖα</span> <span class='ocrx_word' id='word_1_395' title='bbox 429 2707 464 2745; x_wconf 57' lang='grc' dir='ltr'>δὲ</span> <span class='ocrx_word' id='word_1_396' title='bbox 486 2708 545 2746; x_wconf 83' lang='grc' dir='ltr'>καὶ</span> <span class='ocrx_word' id='word_1_397' title='bbox 565 2714 635 2751; x_wconf 90' lang='grc' dir='ltr'>τοῖς</span> <span class='ocrx_word' id='word_1_398' title='bbox 654 2707 834 2758; x_wconf 87' lang='grc' dir='ltr'>πολεμίοις</span> <span class='ocrx_word' id='word_1_399' title='bbox 855 2710 876 2753; x_wconf 78' lang='grc' dir='ltr'>ἡ</span> <span class='ocrx_word' id='word_1_400' title='bbox 898 2707 967 2745; x_wconf 79' lang='grc' dir='ltr'>ἀπὸ</span> <span class='ocrx_word' id='word_1_401' title='bbox 992 2707 1117 2759; x_wconf 71' lang='grc' dir='ltr'>ἔχθρας</span> 
     </span>
     <span class='ocr_line' id='line_1_55' title="bbox 92 2759 1114 2813; baseline 0 -16"><span class='ocrx_word' id='word_1_402' title='bbox 92 2763 138 2803; x_wconf 82' lang='grc' dir='ltr'>εἷς</span> <span class='ocrx_word' id='word_1_403' title='bbox 161 2760 277 2811; x_wconf 79' lang='grc' dir='ltr'>φιλίαν</span> <span class='ocrx_word' id='word_1_404' title='bbox 297 2759 356 2798; x_wconf 80' lang='grc' dir='ltr'>καὶ</span> <span class='ocrx_word' id='word_1_405' title='bbox 384 2760 523 2813; x_wconf 77' lang='grc' dir='ltr'>εἰρήνην</span> <span class='ocrx_word' id='word_1_406' title='bbox 542 2761 746 2811; x_wconf 58' lang='lat' dir='ltr'>figentem:-</span> <span class='ocrx_word' id='word_1_407' title='bbox 770 2759 921 2811; x_wconf 74' lang='grc' dir='ltr'>ἦδυτέρα</span> <span class='ocrx_word' id='word_1_408' title='bbox 944 2759 978 2797; x_wconf 78' lang='grc' dir='ltr'>δὲ</span> <span class='ocrx_word' id='word_1_409' title='bbox 1009 2759 1067 2797; x_wconf 80' lang='grc' dir='ltr'>καὶ</span> <span class='ocrx_word' id='word_1_410' title='bbox 1093 2763 1114 2806; x_wconf 71' lang='grc' dir='ltr'>ἡ</span> 
     </span>
     <span class='ocr_line' id='line_1_56' title="bbox 93 2811 1116 2864; baseline -0.001 -14"><span class='ocrx_word' id='word_1_411' title='bbox 93 2813 162 2850; x_wconf 73' lang='grc' dir='ltr'>ἀπὸ</span> <span class='ocrx_word' id='word_1_412' title='bbox 180 2818 240 2851; x_wconf 89' lang='grc' dir='ltr'>τοῦ</span> <span class='ocrx_word' id='word_1_413' title='bbox 267 2812 409 2856; x_wconf 80' lang='grc' dir='ltr'>σκότους</span> <span class='ocrx_word' id='word_1_414' title='bbox 435 2813 495 2851; x_wconf 77' lang='grc' dir='ltr'>καὶ</span> <span class='ocrx_word' id='word_1_415' title='bbox 517 2817 578 2860; x_wconf 70' lang='grc' dir='ltr'>τῆς</span> <span class='ocrx_word' id='word_1_416' title='bbox 597 2813 716 2856; x_wconf 81' lang='grc' dir='ltr'>νυκτὸς</span> <span class='ocrx_word' id='word_1_417' title='bbox 739 2815 787 2857; x_wconf 86' lang='grc' dir='ltr'>εἷς</span> <span class='ocrx_word' id='word_1_418' title='bbox 805 2812 869 2859; x_wconf 85' lang='grc' dir='ltr'>τὴν</span> <span class='ocrx_word' id='word_1_419' title='bbox 889 2811 1024 2864; x_wconf 81' lang='grc' dir='ltr'>ἡμέραν</span> <span class='ocrx_word' id='word_1_420' title='bbox 1050 2828 1116 2862; x_wconf 84' lang='grc' dir='ltr'>με-</span> 
     </span>
     <span class='ocr_line' id='line_1_57' title="bbox 91 2864 1118 2918; baseline 0.001 -16"><span class='ocrx_word' id='word_1_421' title='bbox 91 2864 279 2909; x_wconf 82' lang='grc' dir='ltr'>τοίπτωσις.</span> <span class='ocrx_word' id='word_1_422' title='bbox 299 2866 369 2903; x_wconf 77' lang='grc' dir='ltr'>Καὶ</span> <span class='ocrx_word' id='word_1_423' title='bbox 388 2873 485 2904; x_wconf 76' lang='grc' dir='ltr'>πᾶσα</span> <span class='ocrx_word' id='word_1_424' title='bbox 501 2865 624 2918; x_wconf 81' lang='grc' dir='ltr'>πρᾶξις</span> <span class='ocrx_word' id='word_1_425' title='bbox 639 2896 648 2913; x_wconf 94' lang='grc'>,</span> <span class='ocrx_word' id='word_1_426' title='bbox 676 2869 722 2909; x_wconf 83' lang='grc' dir='ltr'>ὡς</span> <span class='ocrx_word' id='word_1_427' title='bbox 741 2865 833 2904; x_wconf 79' lang='grc' dir='ltr'>ἔστιν</span> <span class='ocrx_word' id='word_1_428' title='bbox 852 2867 976 2910; x_wconf 82' lang='grc' dir='ltr'>εἰπεῖν,</span> <span class='ocrx_word' id='word_1_429' title='bbox 995 2865 1118 2911; x_wconf 80' lang='grc' dir='ltr'>ἡδυτέ-</span> 
     </span>
     <span class='ocr_line' id='line_1_58' title="bbox 92 2916 1118 2970; baseline 0 -16"><span class='ocrx_word' id='word_1_430' title='bbox 92 2933 154 2967; x_wconf 86' lang='grc' dir='ltr'>ραν</span> <span class='ocrx_word' id='word_1_431' title='bbox 174 2916 246 2968; x_wconf 72' lang='grc' dir='ltr'>ἔχει</span> <span class='ocrx_word' id='word_1_432' title='bbox 264 2916 328 2963; x_wconf 88' lang='grc' dir='ltr'>τὴν</span> <span class='ocrx_word' id='word_1_433' title='bbox 348 2918 526 2970; x_wconf 76' lang='grc' dir='ltr'>ἐργασίαν,</span> <span class='ocrx_word' id='word_1_434' title='bbox 543 2918 624 2957; x_wconf 80' lang='grc' dir='ltr'>ὅταν</span> <span class='ocrx_word' id='word_1_435' title='bbox 642 2919 760 2970; x_wconf 69' lang='grc' dir='ltr'>ὄφελος</span> <span class='ocrx_word' id='word_1_436' title='bbox 779 2918 867 2969; x_wconf 76' lang='grc' dir='ltr'>μετὰ</span> <span class='ocrx_word' id='word_1_437' title='bbox 889 2923 961 2961; x_wconf 87' lang='grc' dir='ltr'>τοῖς</span> <span class='ocrx_word' id='word_1_438' title='bbox 995 2921 1118 2956; x_wconf 80' lang='grc' dir='ltr'>ποθοῦ-</span> 
     </span>
     <span class='ocr_line' id='line_1_59' title="bbox 91 2969 1117 3022; baseline -0.002 -14"><span class='ocrx_word' id='word_1_439' title='bbox 91 2987 144 3008; x_wconf 89' lang='grc' dir='ltr'>σιν</span> <span class='ocrx_word' id='word_1_440' title='bbox 166 2969 273 3015; x_wconf 75' lang='grc' dir='ltr'>αὔτὴν</span> <span class='ocrx_word' id='word_1_441' title='bbox 294 2971 548 3022; x_wconf 75' lang='grc' dir='ltr'>ἀπεργάζηται.</span> <span class='ocrx_word' id='word_1_442' title='bbox 586 2971 689 3009; x_wconf 76' lang='grc' dir='ltr'>Οὕτω</span> <span class='ocrx_word' id='word_1_443' title='bbox 711 2975 791 3022; x_wconf 89' lang='grc' dir='ltr'>γοῦν</span> <span class='ocrx_word' id='word_1_444' title='bbox 809 2974 943 3022; x_wconf 78' lang='grc' dir='ltr'>ὁρῶμεν</span> <span class='ocrx_word' id='word_1_445' title='bbox 963 2971 1023 3008; x_wconf 85' lang='grc' dir='ltr'>καὶ</span> <span class='ocrx_word' id='word_1_446' title='bbox 1054 2970 1117 3015; x_wconf 78' lang='grc' dir='ltr'>τὴν</span> 
     </span>
     <span class='ocr_line' id='line_1_60' title="bbox 90 3022 1118 3075; baseline -0.002 -15"><span class='ocrx_word' id='word_1_447' title='bbox 90 3022 156 3060; x_wconf 78' lang='grc' dir='ltr'>ὑπὸ</span> <span class='ocrx_word' id='word_1_448' title='bbox 177 3023 268 3060; x_wconf 89' lang='grc' dir='ltr'>Θεοῦ</span> <span class='ocrx_word' id='word_1_449' title='bbox 283 3023 467 3073; x_wconf 80' lang='grc' dir='ltr'>δεδομένην</span> <span class='ocrx_word' id='word_1_450' title='bbox 482 3027 565 3074; x_wconf 78' lang='grc' dir='ltr'>ἡμῖν</span> <span class='ocrx_word' id='word_1_451' title='bbox 581 3024 785 3071; x_wconf 78' lang='grc' dir='ltr'>ἀπόλαυσιν,</span> <span class='ocrx_word' id='word_1_452' title='bbox 805 3027 847 3075; x_wconf 77' lang='grc' dir='ltr'>τῇ</span> <span class='ocrx_word' id='word_1_453' title='bbox 868 3023 1043 3074; x_wconf 66' lang='grc' dir='ltr'>μεταὸολῇ</span> <span class='ocrx_word' id='word_1_454' title='bbox 1056 3022 1118 3069; x_wconf 72' lang='grc' dir='ltr'>τὴν</span> 
     </span>
     <span class='ocr_line' id='line_1_61' title="bbox 91 3074 1118 3143; baseline -0.001 -31"><span class='ocrx_word' id='word_1_455' title='bbox 91 3074 302 3126; x_wconf 71' lang='grc' dir='ltr'>εὐφροσύνην</span> <span class='ocrx_word' id='word_1_456' title='bbox 322 3078 407 3125; x_wconf 81' lang='grc' dir='ltr'>ἡμῖν</span> <span class='ocrx_word' id='word_1_457' title='bbox 438 3076 695 3143; x_wconf 72' lang='grc' dir='ltr'>παρεχομένην.</span> <span class='ocrx_word' id='word_1_458' title='bbox 719 3077 822 3119; x_wconf 85' lang='grc' dir='ltr'>Σῖτος</span> <span class='ocrx_word' id='word_1_459' title='bbox 845 3075 906 3127; x_wconf 82' lang='grc' dir='ltr'>μὲν</span> <span class='ocrx_word' id='word_1_460' title='bbox 926 3075 993 3127; x_wconf 82' lang='grc' dir='ltr'>γάρ</span> <span class='ocrx_word' id='word_1_461' title='bbox 1025 3078 1118 3113; x_wconf 82' lang='grc' dir='ltr'>ἐστιν</span> 
     </span>
     <span class='ocr_line' id='line_1_62' title="bbox 91 3127 1120 3180; baseline 0 -16"><span class='ocrx_word' id='word_1_462' title='bbox 91 3127 199 3169; x_wconf 76' lang='grc' dir='ltr'>οὕτως</span> <span class='ocrx_word' id='word_1_463' title='bbox 218 3127 298 3173; x_wconf 79' lang='grc' dir='ltr'>ἡδύς</span> <span class='ocrx_word' id='word_1_464' title='bbox 312 3143 320 3150; x_wconf 91' lang='grc'><em>·</em></span> <span class='ocrx_word' id='word_1_465' title='bbox 342 3130 389 3171; x_wconf 84' lang='grc' dir='ltr'>εἷς</span> <span class='ocrx_word' id='word_1_466' title='bbox 411 3128 446 3166; x_wconf 74' lang='grc' dir='ltr'>δὲ</span> <span class='ocrx_word' id='word_1_467' title='bbox 468 3145 531 3174; x_wconf 84' lang='grc' dir='ltr'>την</span> <span class='ocrx_word' id='word_1_468' title='bbox 551 3133 616 3180; x_wconf 76' lang='grc' dir='ltr'>γῆν</span> <span class='ocrx_word' id='word_1_469' title='bbox 639 3128 729 3179; x_wconf 79' lang='grc' dir='ltr'>μετὰ</span> <span class='ocrx_word' id='word_1_470' title='bbox 761 3128 869 3167; x_wconf 91' lang='grc' dir='ltr'>κόπου</span> <span class='ocrx_word' id='word_1_471' title='bbox 901 3127 1120 3166; x_wconf 62' lang='grc' dir='ltr'>καταὸαλλό-</span> 
     </span>
     <span class='ocr_line' id='line_1_63' title="bbox 93 3179 1120 3234; baseline 0 -18"><span class='ocrx_word' id='word_1_472' title='bbox 93 3195 192 3229; x_wconf 80' lang='grc' dir='ltr'>μενος</span> <span class='ocrx_word' id='word_1_473' title='bbox 211 3179 271 3217; x_wconf 79' lang='grc' dir='ltr'>καὶ</span> <span class='ocrx_word' id='word_1_474' title='bbox 291 3180 678 3232; x_wconf 83' lang='grc' dir='ltr'>πολυπλασιαζόμενος,</span> <span class='ocrx_word' id='word_1_475' title='bbox 698 3180 860 3234; x_wconf 71' lang='grc' dir='ltr'>ἡδύτερος</span> <span class='ocrx_word' id='word_1_476' title='bbox 879 3179 1120 3218; x_wconf 84' lang='grc' dir='ltr'>ἀναδείκνυται</span> 
     </span>
     <span class='ocr_line' id='line_1_64' title="bbox 94 3232 1118 3286; baseline -0.001 -17"><span class='ocrx_word' id='word_1_477' title='bbox 94 3232 185 3286; x_wconf 61' lang='grc' dir='ltr'>μετὰ</span> <span class='ocrx_word' id='word_1_478' title='bbox 201 3233 320 3277; x_wconf 81' lang='grc' dir='ltr'>πάσης</span> <span class='ocrx_word' id='word_1_479' title='bbox 338 3239 450 3285; x_wconf 73' lang='grc' dir='ltr'>χαρᾶς</span> <span class='ocrx_word' id='word_1_480' title='bbox 472 3235 520 3277; x_wconf 83' lang='grc' dir='ltr'>εἷς</span> <span class='ocrx_word' id='word_1_481' title='bbox 539 3236 671 3280; x_wconf 72' lang='grc' dir='ltr'>πλῆΟος</span> <span class='ocrx_word' id='word_1_482' title='bbox 693 3237 822 3285; x_wconf 63' lang='grc' dir='ltr'>τροφῆς</span> <span class='ocrx_word' id='word_1_483' title='bbox 842 3232 1118 3283; x_wconf 62' lang='grc' dir='ltr'>λαμέανόμενος.</span> 
     </span>
     <span class='ocr_line' id='line_1_65' title="bbox 92 3284 1120 3338; baseline -0.001 -16"><span class='ocrx_word' id='word_1_484' title='bbox 92 3287 153 3328; x_wconf 70' lang='grc' dir='ltr'>Εἷς</span> <span class='ocrx_word' id='word_1_485' title='bbox 173 3284 235 3334; x_wconf 75' lang='grc' dir='ltr'>μὲν</span> <span class='ocrx_word' id='word_1_486' title='bbox 254 3286 320 3335; x_wconf 82' lang='grc' dir='ltr'>γάρ</span> <span class='ocrx_word' id='word_1_487' title='bbox 344 3287 416 3323; x_wconf 77' lang='grc' dir='ltr'>ἐστι</span> <span class='ocrx_word' id='word_1_488' title='bbox 433 3288 482 3337; x_wconf 81' lang='grc' dir='ltr'>τῷ</span> <span class='ocrx_word' id='word_1_489' title='bbox 499 3285 617 3338; x_wconf 85' lang='grc' dir='ltr'>σπόρῳ</span> <span class='ocrx_word' id='word_1_490' title='bbox 633 3286 756 3329; x_wconf 83' lang='grc' dir='ltr'>κόκκος</span> <span class='ocrx_word' id='word_1_491' title='bbox 775 3288 823 3328; x_wconf 83' lang='grc' dir='ltr'>εἷς</span> <span class='ocrx_word' id='word_1_492' title='bbox 840 3284 985 3332; x_wconf 84' lang='grc' dir='ltr'>ἀδηλίαν</span> <span class='ocrx_word' id='word_1_493' title='bbox 1003 3285 1120 3337; x_wconf 75' lang='grc' dir='ltr'>ῥιπτό-</span> 
     </span>
     <span class='ocr_line' id='line_1_66' title="bbox 95 3337 1121 3389; baseline 0 -15"><span class='ocrx_word' id='word_1_494' title='bbox 95 3353 204 3382; x_wconf 62' lang='grc' dir='ltr'>γιενος.</span> <span class='ocrx_word' id='word_1_495' title='bbox 227 3337 332 3375; x_wconf 78' lang='grc' dir='ltr'>Ου’τω</span> <span class='ocrx_word' id='word_1_496' title='bbox 358 3337 415 3375; x_wconf 70' lang='grc' dir='ltr'>καὶ</span> <span class='ocrx_word' id='word_1_497' title='bbox 445 3338 543 3389; x_wconf 64' lang='grc' dir='ltr'>φύσις</span> <span class='ocrx_word' id='word_1_498' title='bbox 578 3339 734 3387; x_wconf 73' lang='grc' dir='ltr'>ἀμπέλου</span> <span class='ocrx_word' id='word_1_499' title='bbox 758 3337 927 3388; x_wconf 77' lang='grc' dir='ltr'>ἡδυτέραν</span> <span class='ocrx_word' id='word_1_500' title='bbox 946 3340 1030 3387; x_wconf 77' lang='grc' dir='ltr'>ἡμῖν</span> <span class='ocrx_word' id='word_1_501' title='bbox 1051 3353 1121 3374; x_wconf 88' lang='grc' dir='ltr'>πα-</span> 
     </span>
    </p>

    <p class='ocr_par' dir='ltr' id='par_1_14' title="bbox 317 3414 521 3437">
     <span class='ocr_line' id='line_1_67' title="bbox 317 3414 521 3437; baseline -0.01 0"><span class='ocrx_word' id='word_1_502' title='bbox 317 3414 410 3437; x_wconf 64' lang='lat' dir='ltr'>rom.</span> <span class='ocrx_word' id='word_1_503' title='bbox 430 3415 521 3437; x_wconf 65' lang='lat' dir='ltr'>xiix.</span> 
     </span>
    </p>
   </div>
   <div class='ocr_carea' id='block_1_13' title="bbox 1135 2055 1182 2081">
    <p class='ocr_par' dir='ltr' id='par_1_15' title="bbox 1135 2055 1182 2081">
     <span class='ocr_line' id='line_1_68' title="bbox 1135 2055 1182 2081; baseline 0.064 -3"><span class='ocrx_word' id='word_1_504' title='bbox 1135 2055 1182 2081; x_wconf 63' lang='lat'>202</span> 
     </span>
    </p>
   </div>
   <div class='ocr_carea' id='block_1_14' title="bbox 1148 2056 2074 2121">
    <p class='ocr_par' dir='ltr' id='par_1_16' title="bbox 1148 2056 2074 2121">
     <span class='ocr_line' id='line_1_69' title="bbox 1148 2056 2074 2121; baseline 0.002 -28"><span class='ocrx_word' id='word_1_505' title='bbox 1148 2093 1170 2121; x_wconf 78' lang='lat' dir='ltr'>A</span> <span class='ocrx_word' id='word_1_506' title='bbox 1303 2059 1351 2094; x_wconf 86' lang='lat' dir='ltr'>In</span> <span class='ocrx_word' id='word_1_507' title='bbox 1366 2056 1662 2094; x_wconf 70' lang='lat' dir='ltr'>Exaltationem</span> <span class='ocrx_word' id='word_1_508' title='bbox 1672 2057 1907 2094; x_wconf 63' lang='lat' dir='ltr'>veneranda²</span> <span class='ocrx_word' id='word_1_509' title='bbox 1927 2057 2074 2096; x_wconf 75' lang='lat' dir='ltr'>Crucis.</span> 
     </span>
    </p>
   </div>
   <div class='ocr_carea' id='block_1_15' title="bbox 1190 2177 2183 2701">
    <p class='ocr_par' dir='ltr' id='par_1_17' title="bbox 1190 2177 2183 2701">
     <span class='ocr_line' id='line_1_70' title="bbox 1248 2177 2183 2232; baseline 0.004 -16"><span class='ocrx_word' id='word_1_510' title='bbox 1248 2178 1374 2216; x_wconf 82' lang='lat' dir='ltr'>Omnis</span> <span class='ocrx_word' id='word_1_511' title='bbox 1394 2177 1544 2216; x_wconf 75' lang='lat' dir='ltr'>mutatio</span> <span class='ocrx_word' id='word_1_512' title='bbox 1560 2191 1578 2215; x_wconf 86' lang='lat' dir='ltr'>a</span> <span class='ocrx_word' id='word_1_513' title='bbox 1593 2178 1776 2230; x_wconf 85' lang='lat' dir='ltr'>pejoribus</span> <span class='ocrx_word' id='word_1_514' title='bbox 1792 2179 1837 2216; x_wconf 84' lang='lat' dir='ltr'>ad</span> <span class='ocrx_word' id='word_1_515' title='bbox 1852 2180 1996 2218; x_wconf 83' lang='lat' dir='ltr'>meliora</span> <span class='ocrx_word' id='word_1_516' title='bbox 2017 2194 2183 2232; x_wconf 78' lang='lat' dir='ltr'>magnam</span> 
     </span>
     <span class='ocr_line' id='line_1_71' title="bbox 1194 2230 2182 2283; baseline 0.004 -15"><span class='ocrx_word' id='word_1_517' title='bbox 1194 2231 1357 2268; x_wconf 76' lang='lat' dir='ltr'>laetitiam</span> <span class='ocrx_word' id='word_1_518' title='bbox 1382 2240 1415 2268; x_wconf 90' lang='lat' dir='ltr'>et</span> <span class='ocrx_word' id='word_1_519' title='bbox 1442 2230 1614 2282; x_wconf 79' lang='lat' dir='ltr'>gaudium</span> <span class='ocrx_word' id='word_1_520' title='bbox 1633 2231 1733 2268; x_wconf 75' lang='lat' dir='ltr'>affert</span> <span class='ocrx_word' id='word_1_521' title='bbox 1754 2233 1872 2283; x_wconf 87' lang='lat' dir='ltr'>generi</span> <span class='ocrx_word' id='word_1_522' title='bbox 1895 2233 2062 2271; x_wconf 87' lang='lat' dir='ltr'>humano.</span> <span class='ocrx_word' id='word_1_523' title='bbox 2086 2236 2182 2272; x_wconf 87' lang='lat' dir='ltr'>Solet</span> 
     </span>
     <span class='ocr_line' id='line_1_72' title="bbox 1195 2283 2179 2339; baseline 0.003 -18"><span class='ocrx_word' id='word_1_524' title='bbox 1195 2284 1289 2321; x_wconf 85' lang='lat' dir='ltr'>enim</span> <span class='ocrx_word' id='word_1_525' title='bbox 1317 2283 1473 2321; x_wconf 86' lang='lat' dir='ltr'>humana</span> <span class='ocrx_word' id='word_1_526' title='bbox 1501 2293 1626 2320; x_wconf 86' lang='lat' dir='ltr'>natura</span> <span class='ocrx_word' id='word_1_527' title='bbox 1656 2298 1792 2335; x_wconf 80' lang='lat' dir='ltr'>semper</span> <span class='ocrx_word' id='word_1_528' title='bbox 1816 2285 1863 2323; x_wconf 88' lang='lat' dir='ltr'>ad</span> <span class='ocrx_word' id='word_1_529' title='bbox 1887 2286 2033 2323; x_wconf 79' lang='lat' dir='ltr'>meliora</span> <span class='ocrx_word' id='word_1_530' title='bbox 2061 2286 2179 2339; x_wconf 81' lang='lat' dir='ltr'>adipi-</span> 
     </span>
     <span class='ocr_line' id='line_1_73' title="bbox 1193 2336 2179 2389; baseline 0.003 -15"><span class='ocrx_word' id='word_1_531' title='bbox 1193 2336 1360 2389; x_wconf 85' lang='lat' dir='ltr'>piscenda</span> <span class='ocrx_word' id='word_1_532' title='bbox 1392 2337 1488 2374; x_wconf 79' lang='lat' dir='ltr'>ferri.</span> <span class='ocrx_word' id='word_1_533' title='bbox 1519 2336 1579 2374; x_wconf 87' lang='lat' dir='ltr'>Sic</span> <span class='ocrx_word' id='word_1_534' title='bbox 1604 2336 1683 2373; x_wconf 81' lang='lat' dir='ltr'>laeia</span> <span class='ocrx_word' id='word_1_535' title='bbox 1704 2337 1957 2388; x_wconf 76' lang='lat' dir='ltr'>navigantibus</span> <span class='ocrx_word' id='word_1_536' title='bbox 1981 2349 2031 2376; x_wconf 88' lang='lat' dir='ltr'>est</span> <span class='ocrx_word' id='word_1_537' title='bbox 2047 2354 2065 2376; x_wconf 87' lang='lat' dir='ltr'>a</span> <span class='ocrx_word' id='word_1_538' title='bbox 2086 2349 2179 2377; x_wconf 82' lang='lat' dir='ltr'>tem—</span> 
     </span>
     <span class='ocr_line' id='line_1_74' title="bbox 1193 2389 2178 2442; baseline 0.002 -15"><span class='ocrx_word' id='word_1_539' title='bbox 1193 2399 1328 2441; x_wconf 86' lang='lat' dir='ltr'>pestate</span> <span class='ocrx_word' id='word_1_540' title='bbox 1342 2389 1388 2427; x_wconf 87' lang='lat' dir='ltr'>ad</span> <span class='ocrx_word' id='word_1_541' title='bbox 1404 2403 1564 2427; x_wconf 81' lang='lat' dir='ltr'>serenum</span> <span class='ocrx_word' id='word_1_542' title='bbox 1576 2398 1608 2426; x_wconf 86' lang='lat' dir='ltr'>et</span> <span class='ocrx_word' id='word_1_543' title='bbox 1625 2389 1856 2440; x_wconf 84' lang='lat' dir='ltr'>tranquillum</span> <span class='ocrx_word' id='word_1_544' title='bbox 1868 2391 1995 2429; x_wconf 86' lang='lat' dir='ltr'>caelum</span> <span class='ocrx_word' id='word_1_545' title='bbox 2010 2393 2178 2442; x_wconf 82' lang='lat' dir='ltr'>mutatio;</span> 
     </span>
     <span class='ocr_line' id='line_1_75' title="bbox 1192 2441 2180 2493; baseline 0.004 -14"><span class='ocrx_word' id='word_1_546' title='bbox 1192 2443 1295 2479; x_wconf 79' lang='lat' dir='ltr'>laetus</span> <span class='ocrx_word' id='word_1_547' title='bbox 1313 2443 1514 2481; x_wconf 84' lang='lat' dir='ltr'>viatoribus</span> <span class='ocrx_word' id='word_1_548' title='bbox 1535 2456 1551 2478; x_wconf 86' lang='lat' dir='ltr'>a</span> <span class='ocrx_word' id='word_1_549' title='bbox 1572 2441 1822 2492; x_wconf 78' lang='lat' dir='ltr'>defatigatione</span> <span class='ocrx_word' id='word_1_550' title='bbox 1841 2443 1887 2480; x_wconf 84' lang='lat' dir='ltr'>ad</span> <span class='ocrx_word' id='word_1_551' title='bbox 1910 2444 2063 2493; x_wconf 90' lang='lat' dir='ltr'>quietem</span> <span class='ocrx_word' id='word_1_552' title='bbox 2082 2454 2180 2483; x_wconf 83' lang='lat' dir='ltr'>trau—</span> 
     </span>
     <span class='ocr_line' id='line_1_76' title="bbox 1192 2494 2180 2547; baseline 0.004 -16"><span class='ocrx_word' id='word_1_553' title='bbox 1192 2495 1281 2532; x_wconf 88' lang='lat' dir='ltr'>situs</span> <span class='ocrx_word' id='word_1_554' title='bbox 1296 2510 1307 2543; x_wconf 92' lang='lat'>;</span> <span class='ocrx_word' id='word_1_555' title='bbox 1330 2495 1448 2533; x_wconf 78' lang='lat' dir='ltr'>suavis</span> <span class='ocrx_word' id='word_1_556' title='bbox 1474 2494 1720 2539; x_wconf 73' lang='lat' dir='ltr'>moerentibus,</span> <span class='ocrx_word' id='word_1_557' title='bbox 1751 2509 1770 2531; x_wconf 89' lang='lat' dir='ltr'>a</span> <span class='ocrx_word' id='word_1_558' title='bbox 1788 2495 1931 2533; x_wconf 78' lang='lat' dir='ltr'>tristitia</span> <span class='ocrx_word' id='word_1_559' title='bbox 1951 2497 1986 2534; x_wconf 89' lang='lat' dir='ltr'>in</span> <span class='ocrx_word' id='word_1_560' title='bbox 2006 2497 2180 2547; x_wconf 74' lang='lat' dir='ltr'>gaudium</span> 
     </span>
     <span class='ocr_line' id='line_1_77' title="bbox 1192 2546 2180 2597; baseline 0.005 -14"><span class='ocrx_word' id='word_1_561' title='bbox 1192 2547 1394 2595; x_wconf 81' lang='lat' dir='ltr'>conversi03</span> <span class='ocrx_word' id='word_1_562' title='bbox 1417 2547 1562 2584; x_wconf 81' lang='lat' dir='ltr'>suavior</span> <span class='ocrx_word' id='word_1_563' title='bbox 1591 2546 1694 2597; x_wconf 80' lang='lat' dir='ltr'>aegris</span> <span class='ocrx_word' id='word_1_564' title='bbox 1720 2547 1880 2585; x_wconf 83' lang='lat' dir='ltr'>sanitatis</span> <span class='ocrx_word' id='word_1_565' title='bbox 1899 2563 1940 2586; x_wconf 89' lang='lat' dir='ltr'>ae</span> <span class='ocrx_word' id='word_1_566' title='bbox 1961 2550 2180 2588; x_wconf 81' lang='lat' dir='ltr'>valetudinis</span> 
     </span>
     <span class='ocr_line' id='line_1_78' title="bbox 1192 2598 2178 2651; baseline 0.005 -15"><span class='ocrx_word' id='word_1_567' title='bbox 1192 2599 1351 2648; x_wconf 73' lang='lat' dir='ltr'>reditus,</span> <span class='ocrx_word' id='word_1_568' title='bbox 1370 2599 1487 2636; x_wconf 87' lang='lat' dir='ltr'>dulcis</span> <span class='ocrx_word' id='word_1_569' title='bbox 1505 2598 1723 2637; x_wconf 84' lang='lat' dir='ltr'>bellantibus</span> <span class='ocrx_word' id='word_1_570' title='bbox 1745 2600 1844 2651; x_wconf 82' lang='lat' dir='ltr'>pacis</span> <span class='ocrx_word' id='word_1_571' title='bbox 1859 2609 1892 2638; x_wconf 89' lang='lat' dir='ltr'>et</span> <span class='ocrx_word' id='word_1_572' title='bbox 1912 2601 2077 2639; x_wconf 66' lang='lat' dir='ltr'>amicitia)</span> <span class='ocrx_word' id='word_1_573' title='bbox 2096 2618 2178 2641; x_wconf 88' lang='lat' dir='ltr'>con-</span> 
     </span>
     <span class='ocr_line' id='line_1_79' title="bbox 1190 2651 2180 2701; baseline 0.006 -13"><span class='ocrx_word' id='word_1_574' title='bbox 1190 2652 1324 2689; x_wconf 84' lang='lat' dir='ltr'>ciliatio</span> <span class='ocrx_word' id='word_1_575' title='bbox 1344 2661 1377 2689; x_wconf 89' lang='lat' dir='ltr'>et</span> <span class='ocrx_word' id='word_1_576' title='bbox 1397 2651 1619 2690; x_wconf 85' lang='lat' dir='ltr'>confirmatio</span> <span class='ocrx_word' id='word_1_577' title='bbox 1628 2666 1640 2701; x_wconf 73' lang='lat'><em>3</em></span> <span class='ocrx_word' id='word_1_578' title='bbox 1671 2651 1813 2690; x_wconf 87' lang='lat' dir='ltr'>dulcior</span> <span class='ocrx_word' id='word_1_579' title='bbox 1843 2663 1962 2692; x_wconf 86' lang='lat' dir='ltr'>autem</span> <span class='ocrx_word' id='word_1_580' title='bbox 1987 2669 2007 2692; x_wconf 83' lang='lat' dir='ltr'>a</span> <span class='ocrx_word' id='word_1_581' title='bbox 2025 2656 2180 2694; x_wconf 87' lang='lat' dir='ltr'>tenebris</span> 
     </span>
    </p>
   </div>
   <div class='ocr_carea' id='block_1_16' title="bbox 1141 2704 2179 2757">
    <p class='ocr_par' dir='ltr' id='par_1_18' title="bbox 1141 2704 2179 2757">
     <span class='ocr_line' id='line_1_80' title="bbox 1141 2704 2179 2757; baseline 0.005 -16"><span class='ocrx_word' id='word_1_582' title='bbox 1141 2723 1164 2752; x_wconf 79' lang='lat' dir='ltr'>B</span> <span class='ocrx_word' id='word_1_583' title='bbox 1189 2713 1221 2742; x_wconf 85' lang='lat' dir='ltr'>et</span> <span class='ocrx_word' id='word_1_584' title='bbox 1240 2713 1340 2742; x_wconf 88' lang='lat' dir='ltr'>noete</span> <span class='ocrx_word' id='word_1_585' title='bbox 1361 2704 1407 2741; x_wconf 87' lang='lat' dir='ltr'>ad</span> <span class='ocrx_word' id='word_1_586' title='bbox 1425 2704 1522 2741; x_wconf 87' lang='lat' dir='ltr'>diem</span> <span class='ocrx_word' id='word_1_587' title='bbox 1540 2718 1709 2742; x_wconf 82' lang='lat' dir='ltr'>accessus.</span> <span class='ocrx_word' id='word_1_588' title='bbox 1727 2706 1922 2757; x_wconf 89' lang='lat' dir='ltr'>Omnisque</span> <span class='ocrx_word' id='word_1_589' title='bbox 1939 2716 2060 2757; x_wconf 87' lang='lat' dir='ltr'>aetus,</span> <span class='ocrx_word' id='word_1_590' title='bbox 2080 2718 2116 2746; x_wconf 86' lang='lat' dir='ltr'>ut</span> <span class='ocrx_word' id='word_1_591' title='bbox 2132 2710 2179 2746; x_wconf 89' lang='lat' dir='ltr'>ita</span> 
     </span>
    </p>
   </div>
   <div class='ocr_carea' id='block_1_17' title="bbox 1189 2756 2183 3336">
    <p class='ocr_par' dir='ltr' id='par_1_19' title="bbox 1189 2756 2183 3336">
     <span class='ocr_line' id='line_1_81' title="bbox 1189 2756 2181 2812; baseline 0.006 -18"><span class='ocrx_word' id='word_1_592' title='bbox 1189 2757 1319 2804; x_wconf 86' lang='lat' dir='ltr'>dicam,</span> <span class='ocrx_word' id='word_1_593' title='bbox 1338 2756 1483 2794; x_wconf 84' lang='lat' dir='ltr'>suavior</span> <span class='ocrx_word' id='word_1_594' title='bbox 1498 2765 1565 2805; x_wconf 82' lang='lat' dir='ltr'>est,</span> <span class='ocrx_word' id='word_1_595' title='bbox 1591 2771 1672 2794; x_wconf 83' lang='lat' dir='ltr'>cum</span> <span class='ocrx_word' id='word_1_596' title='bbox 1703 2758 1855 2796; x_wconf 86' lang='lat' dir='ltr'>utilitate</span> <span class='ocrx_word' id='word_1_597' title='bbox 1883 2761 2105 2812; x_wconf 85' lang='lat' dir='ltr'>conjunctus.</span> <span class='ocrx_word' id='word_1_598' title='bbox 2121 2763 2181 2800; x_wconf 85' lang='lat' dir='ltr'>Sic</span> 
     </span>
     <span class='ocr_line' id='line_1_82' title="bbox 1189 2809 2178 2864; baseline 0.005 -17"><span class='ocrx_word' id='word_1_599' title='bbox 1189 2810 1306 2860; x_wconf 88' lang='lat' dir='ltr'>itaque</span> <span class='ocrx_word' id='word_1_600' title='bbox 1330 2809 1496 2847; x_wconf 79' lang='lat' dir='ltr'>videmus</span> <span class='ocrx_word' id='word_1_601' title='bbox 1526 2809 1680 2847; x_wconf 82' lang='lat' dir='ltr'>fructum</span> <span class='ocrx_word' id='word_1_602' title='bbox 1700 2811 1802 2848; x_wconf 84' lang='lat' dir='ltr'>nobis</span> <span class='ocrx_word' id='word_1_603' title='bbox 1823 2826 1841 2849; x_wconf 88' lang='lat' dir='ltr'>a</span> <span class='ocrx_word' id='word_1_604' title='bbox 1863 2813 1938 2849; x_wconf 91' lang='lat' dir='ltr'>Deo</span> <span class='ocrx_word' id='word_1_605' title='bbox 1954 2827 2178 2864; x_wconf 87' lang='lat' dir='ltr'>concessum,</span> 
     </span>
     <span class='ocr_line' id='line_1_83' title="bbox 1190 2861 2180 2920; baseline 0.004 -20"><span class='ocrx_word' id='word_1_606' title='bbox 1190 2877 1235 2900; x_wconf 74' lang='lat' dir='ltr'>ex</span> <span class='ocrx_word' id='word_1_607' title='bbox 1252 2862 1444 2900; x_wconf 77' lang='lat' dir='ltr'>mutatione</span> <span class='ocrx_word' id='word_1_608' title='bbox 1459 2861 1621 2899; x_wconf 82' lang='lat' dir='ltr'>laetitiam</span> <span class='ocrx_word' id='word_1_609' title='bbox 1641 2876 1775 2913; x_wconf 87' lang='lat' dir='ltr'>parere.</span> <span class='ocrx_word' id='word_1_610' title='bbox 1796 2865 2031 2903; x_wconf 86' lang='lat' dir='ltr'>Frumentum</span> <span class='ocrx_word' id='word_1_611' title='bbox 2048 2868 2180 2920; x_wconf 78' lang='lat' dir='ltr'>quippe</span> 
     </span>
     <span class='ocr_line' id='line_1_84' title="bbox 1190 2913 2177 2969; baseline 0.007 -18"><span class='ocrx_word' id='word_1_612' title='bbox 1190 2914 1296 2952; x_wconf 88' lang='lat' dir='ltr'>dulce</span> <span class='ocrx_word' id='word_1_613' title='bbox 1322 2923 1394 2963; x_wconf 80' lang='lat' dir='ltr'>est,</span> <span class='ocrx_word' id='word_1_614' title='bbox 1422 2913 1482 2952; x_wconf 90' lang='lat' dir='ltr'>sed</span> <span class='ocrx_word' id='word_1_615' title='bbox 1515 2928 1597 2952; x_wconf 88' lang='lat' dir='ltr'>cum</span> <span class='ocrx_word' id='word_1_616' title='bbox 1626 2914 1748 2953; x_wconf 86' lang='lat' dir='ltr'>labore</span> <span class='ocrx_word' id='word_1_617' title='bbox 1778 2916 1950 2969; x_wconf 85' lang='lat' dir='ltr'>injectum</span> <span class='ocrx_word' id='word_1_618' title='bbox 1976 2918 2012 2956; x_wconf 90' lang='lat' dir='ltr'>in</span> <span class='ocrx_word' id='word_1_619' title='bbox 2032 2928 2177 2967; x_wconf 87' lang='lat' dir='ltr'>terram,</span> 
     </span>
     <span class='ocr_line' id='line_1_85' title="bbox 1192 2966 2180 3023; baseline 0.007 -19"><span class='ocrx_word' id='word_1_620' title='bbox 1192 2967 1471 3019; x_wconf 84' lang='lat' dir='ltr'>multiplicatum</span> <span class='ocrx_word' id='word_1_621' title='bbox 1497 2966 1640 3004; x_wconf 85' lang='lat' dir='ltr'>dulcius</span> <span class='ocrx_word' id='word_1_622' title='bbox 1658 2978 1823 3019; x_wconf 82' lang='lat' dir='ltr'>apparet,</span> <span class='ocrx_word' id='word_1_623' title='bbox 1845 2970 1908 3007; x_wconf 87' lang='lat' dir='ltr'>ubi</span> <span class='ocrx_word' id='word_1_624' title='bbox 1938 2985 2018 3009; x_wconf 87' lang='lat' dir='ltr'>eum</span> <span class='ocrx_word' id='word_1_625' title='bbox 2049 2973 2180 3023; x_wconf 80' lang='lat' dir='ltr'>gaudio</span> 
     </span>
     <span class='ocr_line' id='line_1_86' title="bbox 1192 3019 2181 3078; baseline 0.007 -22"><span class='ocrx_word' id='word_1_626' title='bbox 1192 3019 1337 3057; x_wconf 89' lang='lat' dir='ltr'>uberius</span> <span class='ocrx_word' id='word_1_627' title='bbox 1355 3019 1403 3057; x_wconf 86' lang='lat' dir='ltr'>ad</span> <span class='ocrx_word' id='word_1_628' title='bbox 1423 3020 1632 3057; x_wconf 84' lang='lat' dir='ltr'>alimentum</span> <span class='ocrx_word' id='word_1_629' title='bbox 1661 3021 1867 3060; x_wconf 85' lang='lat' dir='ltr'>adhibetur.</span> <span class='ocrx_word' id='word_1_630' title='bbox 1898 3024 2022 3061; x_wconf 89' lang='lat' dir='ltr'>Unum</span> <span class='ocrx_word' id='word_1_631' title='bbox 2049 3026 2181 3078; x_wconf 83' lang='lat' dir='ltr'>quippe</span> 
     </span>
     <span class='ocr_line' id='line_1_87' title="bbox 1193 3072 2182 3126; baseline 0.006 -17"><span class='ocrx_word' id='word_1_632' title='bbox 1193 3086 1345 3123; x_wconf 79' lang='lat' dir='ltr'>granum</span> <span class='ocrx_word' id='word_1_633' title='bbox 1364 3082 1427 3121; x_wconf 89' lang='lat' dir='ltr'>est,</span> <span class='ocrx_word' id='word_1_634' title='bbox 1447 3072 1543 3123; x_wconf 86' lang='lat' dir='ltr'>quod</span> <span class='ocrx_word' id='word_1_635' title='bbox 1562 3072 1598 3110; x_wconf 90' lang='lat' dir='ltr'>in</span> <span class='ocrx_word' id='word_1_636' title='bbox 1617 3072 1793 3111; x_wconf 86' lang='lat' dir='ltr'>incertum</span> <span class='ocrx_word' id='word_1_637' title='bbox 1804 3075 1949 3126; x_wconf 81' lang='lat' dir='ltr'>jacitur.</span> <span class='ocrx_word' id='word_1_638' title='bbox 1973 3076 2032 3114; x_wconf 87' lang='lat' dir='ltr'>Sic</span> <span class='ocrx_word' id='word_1_639' title='bbox 2045 3087 2078 3114; x_wconf 88' lang='lat' dir='ltr'>et</span> <span class='ocrx_word' id='word_1_640' title='bbox 2098 3079 2182 3116; x_wconf 87' lang='lat' dir='ltr'>vitis</span> 
     </span>
     <span class='ocr_line' id='line_1_88' title="bbox 1193 3125 2182 3177; baseline 0.005 -14"><span class='ocrx_word' id='word_1_641' title='bbox 1193 3125 1395 3164; x_wconf 82' lang='lat' dir='ltr'>suaviorem</span> <span class='ocrx_word' id='word_1_642' title='bbox 1423 3125 1526 3163; x_wconf 87' lang='lat' dir='ltr'>nobis</span> <span class='ocrx_word' id='word_1_643' title='bbox 1553 3126 1689 3177; x_wconf 65' lang='lat' dir='ltr'>praebet</span> <span class='ocrx_word' id='word_1_644' title='bbox 1715 3128 1964 3165; x_wconf 86' lang='lat' dir='ltr'>recreationem</span> <span class='ocrx_word' id='word_1_645' title='bbox 1984 3143 2028 3166; x_wconf 78' lang='lat' dir='ltr'>ex</span> <span class='ocrx_word' id='word_1_646' title='bbox 2045 3131 2182 3168; x_wconf 86' lang='lat' dir='ltr'>fructus</span> 
     </span>
     <span class='ocr_line' id='line_1_89' title="bbox 1193 3177 2182 3232; baseline 0.005 -18"><span class='ocrx_word' id='word_1_647' title='bbox 1193 3178 1402 3228; x_wconf 80' lang='lat' dir='ltr'>mutatione,</span> <span class='ocrx_word' id='word_1_648' title='bbox 1423 3177 1511 3216; x_wconf 88' lang='lat' dir='ltr'>dum</span> <span class='ocrx_word' id='word_1_649' title='bbox 1538 3192 1584 3215; x_wconf 76' lang='lat' dir='ltr'>exv</span> <span class='ocrx_word' id='word_1_650' title='bbox 1606 3179 1703 3230; x_wconf 85' lang='lat' dir='ltr'>ligno</span> <span class='ocrx_word' id='word_1_651' title='bbox 1726 3189 1851 3231; x_wconf 90' lang='lat' dir='ltr'>potum</span> <span class='ocrx_word' id='word_1_652' title='bbox 1881 3181 1982 3217; x_wconf 88' lang='lat' dir='ltr'>affert</span> <span class='ocrx_word' id='word_1_653' title='bbox 1997 3182 2182 3232; x_wconf 86' lang='lat' dir='ltr'>:palmites</span> 
     </span>
     <span class='ocr_line' id='line_1_90' title="bbox 1193 3230 2183 3283; baseline 0.004 -16"><span class='ocrx_word' id='word_1_654' title='bbox 1193 3230 1328 3282; x_wconf 82' lang='lat' dir='ltr'>quippe</span> <span class='ocrx_word' id='word_1_655' title='bbox 1349 3239 1382 3267; x_wconf 87' lang='lat' dir='ltr'>et</span> <span class='ocrx_word' id='word_1_656' title='bbox 1412 3231 1497 3268; x_wconf 85' lang='lat' dir='ltr'>folia</span> <span class='ocrx_word' id='word_1_657' title='bbox 1528 3232 1697 3269; x_wconf 85' lang='lat' dir='ltr'>acerrima</span> <span class='ocrx_word' id='word_1_658' title='bbox 1720 3231 1863 3270; x_wconf 82' lang='lat' dir='ltr'>visunt</span> <span class='ocrx_word' id='word_1_659' title='bbox 1892 3232 2056 3283; x_wconf 76' lang='lat' dir='ltr'>praedita,</span> <span class='ocrx_word' id='word_1_660' title='bbox 2075 3233 2123 3270; x_wconf 83' lang='lat' dir='ltr'>ita</span> <span class='ocrx_word' id='word_1_661' title='bbox 2145 3244 2183 3271; x_wconf 88' lang='lat' dir='ltr'>ut</span> 
     </span>
     <span class='ocr_line' id='line_1_91' title="bbox 1194 3283 2182 3336; baseline 0.003 -16"><span class='ocrx_word' id='word_1_662' title='bbox 1194 3298 1236 3321; x_wconf 88' lang='lat' dir='ltr'>ne</span> <span class='ocrx_word' id='word_1_663' title='bbox 1251 3283 1433 3334; x_wconf 80' lang='lat' dir='ltr'>degustari</span> <span class='ocrx_word' id='word_1_664' title='bbox 1460 3283 1606 3334; x_wconf 84' lang='lat' dir='ltr'>quidem</span> <span class='ocrx_word' id='word_1_665' title='bbox 1630 3283 1788 3336; x_wconf 72' lang='lat' dir='ltr'>possint,</span> <span class='ocrx_word' id='word_1_666' title='bbox 1812 3298 1883 3322; x_wconf 83' lang='lat' dir='ltr'>uva</span> <span class='ocrx_word' id='word_1_667' title='bbox 1902 3293 2021 3321; x_wconf 85' lang='lat' dir='ltr'>autem</span> <span class='ocrx_word' id='word_1_668' title='bbox 2040 3299 2117 3335; x_wconf 83' lang='lat' dir='ltr'>quae</span> <span class='ocrx_word' id='word_1_669' title='bbox 2138 3301 2182 3323; x_wconf 69' lang='lat' dir='ltr'>ex</span> 
     </span>
    </p>
   </div>
   <div class='ocr_carea' id='block_1_18' title="bbox 1195 3335 2182 3435">
    <p class='ocr_par' dir='ltr' id='par_1_20' title="bbox 1195 3335 2182 3435">
     <span class='ocr_line' id='line_1_92' title="bbox 1195 3335 2182 3388; baseline 0.002 -14"><span class='ocrx_word' id='word_1_670' title='bbox 1195 3335 1317 3374; x_wconf 82' lang='lat' dir='ltr'>eodem</span> <span class='ocrx_word' id='word_1_671' title='bbox 1338 3336 1437 3385; x_wconf 72' lang='lat' dir='ltr'>ligno</span> <span class='ocrx_word' id='word_1_672' title='bbox 1458 3350 1538 3373; x_wconf 81' lang='lat' dir='ltr'>eum</span> <span class='ocrx_word' id='word_1_673' title='bbox 1558 3336 1766 3387; x_wconf 85' lang='lat' dir='ltr'>palmitibus</span> <span class='ocrx_word' id='word_1_674' title='bbox 1786 3346 1817 3374; x_wconf 88' lang='lat' dir='ltr'>et</span> <span class='ocrx_word' id='word_1_675' title='bbox 1837 3336 1931 3374; x_wconf 84' lang='lat' dir='ltr'>foliis</span> <span class='ocrx_word' id='word_1_676' title='bbox 1947 3336 2080 3388; x_wconf 87' lang='lat' dir='ltr'>prodit,</span> <span class='ocrx_word' id='word_1_677' title='bbox 2104 3348 2182 3376; x_wconf 85' lang='lat' dir='ltr'>tau-</span> 
     </span>
     <span class='ocr_line' id='line_1_93' title="bbox 1980 3400 2024 3435; baseline 0.023 -1"><span class='ocrx_word' id='word_1_678' title='bbox 1980 3400 2024 3435; x_wconf 72' lang='lat'>57</span> 
     </span>
    </p>
   </div>
  </div>
 </body>
</html>
