2481 3678
145 2147 270 2174 Vocatus

85 2189 119 2217 anl
158 2189 271 2225 nuptias

84 2231 190 2267 quibus
223 2232 270 2256 in—

84 2272 136 2298 dui
186 2272 270 2298 vesti-

86 2313 138 2339 bus
189 2323 272 2350 opor-

86 2359 152 2381 leat.

291 221 312 229 ,-

294 250 305 266 l

321 224 347 249 O
779 219 817 247 S.
853 217 1030 248 JOANNIS
1066 214 1305 246 etiamos'r.

285 300 509 351 diligentiam
531 298 778 337 exhibeamus.
795 300 1010 351 Magnopere
1025 298 1119 337 enim
1143 298 1268 336 timen-

285 362 372 399 dum
395 370 459 412 est,
485 375 527 399 ne
548 361 614 399 hac
642 360 793 413 pulchra
821 360 950 398 foedata
974 361 1076 408 stola,
1096 360 1141 398 ob
1167 360 1267 411 igna-

286 424 382 461 viam
415 432 449 461 et
480 424 610 461 scelera
642 431 760 460 nostra
787 436 832 459 ex
861 422 1017 460 thalamo
1044 421 1228 473 ejiciamur
1258 436 1264 455 ε

286 484 432 536 perinde
465 493 569 534 atque
596 482 751 534 quinque
785 482 854 519 illae
883 481 1040 532 virgines
1074 481 1177 519 fatuae
1192 496 1203 531 5
1231 489 1269 518 ut
1294 495 1317 524 Ε

283 545 390 583 etiam
412 546 472 583 ille
494 559 563 582 non
584 544 718 581 habens
740 551 873 582 vestem
895 542 1103 594 nuptialem.
1122 543 1214 580 Nam
1236 550 1270 580 et

284 606 345 644 illc
367 621 411 644 ex
432 604 595 645 convivis
618 612 713 653 erat,
741 603 982 653 invitatusque
1011 603 1126 640 fuerat
1152 619 1159 639 :
1185 603 1268 653 quia

284 681 366 704 vero
388 675 468 718 post
489 665 710 704 vocationem
731 673 765 701 et
783 672 923 701 tantum
946 663 1132 712 honorem,
1159 677 1195 701 se
1214 663 1268 701 in-

284 728 454 766 vitantem
477 726 690 765 contumelia
712 726 841 774 affecit,
864 725 950 763 audi
966 739 1053 776 quas
1074 739 1195 777 poenas
1209 725 1270 764 de-

283 789 388 838 derit,
403 802 510 839 quam
529 789 706 826 luctuosas
724 796 757 825 et
777 786 947 839 lacrymis
970 786 1111 838 dignas.
1129 786 1185 824 Ad
1196 796 1270 825 tam

283 850 509 903 splendidam
532 851 627 888 enim
649 859 683 888 et
705 859 778 887 tam
799 849 935 887 lautam
958 863 1114 887 mensam
1136 848 1269 887 admis-

283 928 354 962 sus,
385 927 455 951 non
479 912 595 951 solum
620 911 787 949 convivio
807 910 1024 959 excluditur,
1041 910 1103 948 sed
1125 920 1158 948 et
1179 911 1270 962 liga-

282 972 327 1009 tis
365 972 528 1010 manibus
563 981 597 1009 et
628 971 780 1023 pedibus
816 970 852 1008 in
886 971 1046 1008 tenebras
1080 969 1270 1008 exteriores

284 1034 451 1082 mittitur,
480 1033 542 1070 ubi
560 1042 750 1085 perpetuus
780 1042 831 1070 est
850 1032 952 1070 ssetus
971 1041 1004 1070 et
1032 1031 1165 1070 stridor
1183 1031 1270 1069 den-

283 1094 384 1132 tium.
402 1097 454 1133 Ne
476 1095 609 1146 itaque,
629 1094 766 1144 dilecti,
794 1094 902 1132 fidem
921 1093 968 1132 ad
995 1094 1145 1132 salutem
1169 1093 1270 1132 nobis

283 1156 366 1193 satis
392 1170 465 1193 esse
491 1156 747 1193 existimemus.
770 1155 847 1193 Nisi
879 1155 973 1192 enim
1003 1154 1116 1193 vitam
1142 1169 1271 1206 puram

281 1217 574 1265 exhibuerimus,
599 1217 661 1255 sed
689 1217 849 1255 vestibus
878 1216 945 1253 hac
973 1216 1076 1253 beata
1109 1215 1267 1266 indignis

282 1279 464 1318 vocatione
500 1277 617 1316 induti
652 1277 900 1315 accesserimus
915 1306 926 1325 ,
965 1275 1056 1318 nihil
1094 1275 1265 1328 impediet

281 1341 471 1391 quominus
501 1339 623 1378 eadem
653 1339 730 1391 ipsa
754 1338 948 1390 patiamur,
967 1352 1047 1388 quae
1076 1337 1182 1375 miser
1210 1337 1270 1375 ille

282 1417 405 1454 passus
424 1410 487 1440 est.
520 1400 725 1439 Absurdum
756 1400 851 1438 enim
877 1409 952 1450 est,
979 1399 1068 1437 dum
1099 1399 1184 1449 ille,
1207 1400 1269 1451 qui

283 1466 378 1502 Deus
401 1473 437 1502 et
462 1465 541 1501 Rex
564 1472 628 1511 est,
658 1462 818 1500 homines
841 1462 930 1500 viles
953 1470 986 1498 et
1004 1460 1139 1498 nullius
1161 1461 1267 1513 pretii

282 1540 407 1564 vocare
426 1540 494 1564 non
513 1524 700 1573 erubescit,
715 1523 779 1561 sed
791 1538 809 1560 e
825 1523 935 1561 trivio
950 1522 1030 1560 illos
1049 1522 1097 1560 ad
1109 1537 1265 1560 mensam

282 1602 384 1625 suam
409 1587 552 1636 invitat,
571 1600 633 1623 nos
665 1594 797 1622 tantam
816 1583 998 1634 ignaviam
1020 1582 1189 1620 exhibere
1203 1613 1213 1631 ,
1230 1593 1269 1621 ut

283 1662 326 1686 ne
342 1647 487 1698 quidem
508 1655 588 1698 post
609 1654 747 1683 tantum
765 1644 934 1682 honorem
951 1644 1114 1682 meliores
1136 1644 1268 1683 evada-

284 1723 382 1754 mus,
404 1707 467 1745 sed
488 1716 521 1744 et
544 1715 622 1758 post
650 1705 870 1744 vocationem
898 1704 933 1742 in
962 1704 1085 1742 eadem
1110 1705 1268 1755 nequitia

283 1782 545 1821 perseveremus
561 1797 573 1818 ,
599 1766 885 1817 ineffabilemque
907 1766 1066 1805 vocantis
1101 1765 1266 1817 benigni-

283 1840 389 1868 tatem
425 1828 706 1882 pessumdemus.
738 1827 817 1865 Non
853 1826 948 1864 enim
986 1840 1048 1864 nos
1085 1826 1133 1865 ad
1159 1826 1268 1879 spiri-

283 1893 416 1929 tualem
459 1891 551 1928 hanc
581 1899 615 1927 et
642 1887 858 1927 horrendam
897 1887 1152 1939 mysteriorum
1187 1902 1269 1940 par-

282 1954 523 2005 ticipationem
546 1950 704 2000 vocavit,
729 1959 768 1986 ut
789 1963 872 1987 eum
899 1949 1018 2001 priore
1039 1949 1197 2000 nequitia
1215 1950 1271 1987 in-

284 2014 512 2063 grediamur,
543 2011 606 2050 sed
628 2020 668 2049 ut
698 2010 835 2062 abjecta
866 2010 927 2047 illa
957 2010 1194 2062 turpitudine,
1225 2011 1270 2049 iis

285 2075 443 2112 vestibus
459 2073 666 2121 induamur,
691 2086 768 2122 quae
791 2070 835 2109 ad
857 2070 995 2122 regium
1016 2080 1160 2110 vocatos
1188 2086 1271 2110 con—

286 2136 427 2174 vivium
444 2135 603 2172 deceant.
624 2133 687 2171 Sin
710 2131 864 2171 nolimus
881 2132 990 2183 digna
1006 2132 1069 2170 tali
1087 2133 1273 2172 vocatione

287 2205 466 2248 praestare,
486 2193 525 2231 id
540 2208 609 2231 non
626 2193 657 2231 ei
677 2192 740 2244 qui
763 2206 825 2230 nos
843 2191 894 2229 sic
907 2192 1111 2240 honoravit,
1129 2193 1192 2231 sed
1210 2208 1273 2232 no—

288 2256 343 2294 bis
365 2254 627 2308 imputandum.
655 2255 733 2291 Non
752 2252 846 2290 enim
868 2253 929 2290 illc
947 2267 1009 2290 nos
1028 2267 1073 2290 ex
1091 2253 1272 2292 admiran-

287 2316 334 2354 do
354 2317 416 2354 illo
441 2315 676 2355 convivarum
693 2313 801 2351 choro
817 2312 925 2365 ejicit,
941 2312 1005 2350 sed
1020 2327 1082 2350 nos
1099 2313 1193 2365 ipsos
1207 2315 1271 2367 eji-

287 2378 413 2416 cimus.
439 2376 505 2414 Ille
533 2375 631 2427 quod
658 2389 762 2413 suum
791 2383 866 2412 erat
895 2373 1061 2426 praestitit
1086 2390 1093 2410 ε
1130 2375 1272 2427 nuptias

286 2439 380 2487 feeit,
398 2451 552 2476 mensam
570 2434 723 2489 paravit,
737 2434 800 2486 qui
817 2443 984 2473 vocarent
1003 2434 1110 2484 misit,
1127 2436 1272 2474 venien-

289 2509 337 2537 tes
353 2499 507 2551 excepit,
526 2507 559 2535 et
577 2497 676 2535 nullo
704 2509 773 2534 non
804 2495 937 2533 honore
955 2495 1094 2533 affecit:
1117 2510 1179 2534 nos
1208 2511 1272 2534 au-

287 2570 357 2597 tem
386 2560 527 2611 ipsum,
551 2558 743 2606 convivas,
767 2555 933 2608 nuptias,
957 2555 1186 2594 sordidarum
1211 2571 1272 2596 ve-

286 2621 419 2671 stium,
452 2621 520 2657 hoc
543 2628 605 2667 est,
628 2632 824 2671 pravorum
854 2631 1024 2669 operum,
1059 2618 1273 2656 contumelia

287 2681 493 2730 afficientes,
516 2680 596 2732 jure
620 2679 765 2716 domum
783 2678 959 2730 ejicimur.
987 2677 1063 2716 Hoc
1085 2679 1181 2716 enim
1209 2693 1272 2732 pa—

288 2750 356 2790 cto,
379 2750 412 2779 et
435 2740 576 2792 nuptias
598 2747 632 2776 et
659 2738 826 2776 invitatos
858 2739 1046 2788 honorans,
1075 2739 1273 2791 petulantes

288 2811 321 2839 et
334 2801 556 2853 impudentes
574 2799 654 2836 illos
675 2797 783 2850 ejicit.
802 2799 892 2835 Nam
906 2800 932 2836 si
949 2799 1155 2851 hujusmodi
1181 2810 1274 2839 veste

290 2862 432 2900 indutos
460 2861 698 2911 relinqueret,
723 2858 811 2895 alios
834 2859 1019 2898 videretur
1059 2861 1273 2899 contumelia

288 2926 442 2963 afficere.
465 2925 604 2963 Verum
623 2921 714 2959 faxit
728 2922 836 2969 Deus,
857 2930 896 2958 ut
915 2936 1015 2960 nemo
1040 2923 1097 2961 vel
1114 2933 1274 2961 nostrum

289 2988 346 3025 vel
383 2987 536 3024 aliorum
563 2984 670 3021 talem
701 2981 906 3034 experiatur
928 2983 1163 3021 vocationem.
1195 2983 1277 3022 Ideo

289 3048 365 3085 haec
395 3057 585 3097 antequam
608 3046 731 3082 fierent
762 3043 875 3081 literis
899 3043 1065 3081 mandata
1099 3055 1205 3094 sunt,
1237 3055 1277 3084 ut

288 3109 472 3161 scripturae
492 3107 598 3145 minis
616 3105 662 3143 ad
691 3105 823 3143 bonam
838 3104 977 3156 frugem
999 3104 1151 3155 reducti,
1174 3120 1277 3144 num-

291 3184 397 3219 quam
420 3169 456 3206 in
474 3177 609 3206 tantam
631 3165 876 3218 ignominiam,
896 3165 931 3203 iu
958 3174 1163 3216 tantumque
1191 3181 1275 3219 sup-
1298 3182 1322 3211 l)

293 3236 438 3286 plieium
462 3233 676 3281 incidamus,
700 3231 762 3270 sed
786 3231 895 3269 verbo
915 3240 1051 3269 tantum
1075 3240 1175 3270 tenus
1200 3232 1274 3270 haec

335 3366 347 3379 n
365 3354 476 3385 Morel·
497 3360 673 3396 νομίζωμεν.
693 3350 793 3384 Savil.
813 3356 896 3394 ἡμεῖς
914 3358 1011 3397 ἀρκεῖν
1028 3358 1081 3395 bap..
1102 3367 1132 3387 π.
1152 3370 1176 3386 rt.
1194 3369 1220 3386 τ.
1243 3368 1273 3387 rc.

293 3412 468 3448 -ἓὶπίζιυμεν,
487 3403 584 3446 [Cod.
605 3406 667 3436 706
681 3405 850 3447 ἡγώμεθαι]

1347 215 1552 246 ARctssEP.
1591 217 1938 249 CONSTANTmOP.

1346 297 1501 348 μεγάλην
1518 298 1596 337 τινὰ
1615 301 1797 339 κάντεῦθεν
1818 301 1897 354 περὶ
1915 303 2017 340 αὐτοῦ
2038 300 2201 351 λάὸωμεν
2223 301 2366 346 ἔννοιαν,

1344 358 1403 396 καὶ
1424 361 1486 405 τ’ῆς
1514 363 1572 398 τοῦ
1595 362 1837 413 γεγεννηκότος
1865 361 1961 406 ἀξίαν
1987 363 2137 415 δωρεᾶς,
2155 361 2214 399 καὶ
2235 362 2366 408 πολλὴν

1346 419 1433 471 μετὰ
1460 424 1571 459 ταῦτα
1600 422 1849 474 ἐπιδειξώμεθα
1877 423 2041 470 σπουδήν.
2063 422 2146 466 Δέος
2165 422 2232 474 γὰρ
2254 425 2292 460 οὐ
2312 439 2369 473 μι-

1344 482 1438 534 κρὸν,
1472 483 1607 533 μήποτε
1635 483 1697 531 τὴν
1718 484 1828 531 καλὴν
1848 484 1976 532 ταύτην
1998 484 2202 535 μολύναντες
2229 483 2368 532 στολὴν,

1342 546 1386 595 τῇ
1422 543 1510 594 μετὰ
1542 548 1653 583 ταῦτα
1689 545 1840 599 ῥᾳθυμία
1870 545 1930 583 καὶ
1963 552 2033 590 τοῖς
2061 544 2367 597 πλημμελήμασιν

1343 604 1566 655 ἐκὸληθῶμεν
1595 609 1656 652 τῆς
1685 606 1860 650 παστάδος
1885 607 2022 644 καὶτοῦ
2050 610 2250 658 νυμφῶνος,
2279 605 2370 644 κατὰ

1342 664 1406 709 τὰς
1423 665 1526 704 πέντε
1552 667 1739 720 παρθένους
1759 667 1890 711 ἐκείνας
1915 666 1977 711 τὰς
1998 667 2134 719 μωρὰς,
2154 666 2175 713 ἢ
2197 666 2288 704 κατὰ
2311 666 2368 704 τὸν

1343 727 1405 765 οὐκ
1423 726 1546 779 ἔχοντα
1562 727 1691 779 ἔνδυμα
1708 728 1834 780 γάμου.
1855 728 1924 767 Καὶ
1940 728 2007 781 γὰρ
2022 731 2179 772 κάκεῖνος
2197 731 2265 765 τῶν
2295 728 2370 765 δαι-

1342 787 1498 838 τυμόνων
1515 784 1574 836 ἦν·
1594 789 1721 837 ἐκλήθη
1741 790 1808 842 γὰρ
1824 790 1884 827 καὶ
1904 789 2004 834 αὐτός
2016 805 2023 812 ·
2045 791 2121 827 ἀλλ’
2140 787 2258 835 ἐπειδὴ
2281 787 2370 839 μετὰ

1342 848 1405 895 τὴν
1422 851 1544 896 κλῆσιν
1565 851 1624 888 καὶ
1643 849 1706 897 τὴν
1728 850 1898 897 τοσαύτην
1922 849 2027 901 τιμὴν
2050 849 2222 903 ἐξύὸρισεν
2244 851 2290 893 εἷς
2309 849 2366 887 τὸν

1343 910 1558 958 κεκληκότα,
1574 910 1716 949 ἄκουσον
1737 911 1810 950 οἵαν
1836 910 1956 949 δίδωσι
1979 911 2089 959 δίκην,
2111 914 2185 953 πῶς
2206 909 2368 958 ἐλεεινὴν,

1343 971 1402 1009 καὶ
1422 974 1558 1010 πολλῶν
1582 972 1679 1017 ἀξίαν
1710 973 1878 1025 δακρύων,
1911 972 2197 1025 Παραγενόμενος
2222 971 2290 1024 γὰρ
2312 971 2369 1010 ἐπὶ

1344 1033 1383 1071 τὸ
1398 1037 1459 1080 τῆς
1474 1035 1638 1086 λαμπρᾶς
1657 1033 1788 1080 ἐκείνης
1801 1034 1976 1087 τραπέζης
1996 1040 2195 1086 μετασχεῖν,
2212 1035 2249 1071 οὗ
2267 1032 2368 1084 μόνον

1345 1094 1496 1146 εἴργεται
1517 1098 1579 1141 τῆς
1595 1095 1742 1147 εὐωχίας
1754 1125 1763 1143 ,
1781 1095 1871 1134 ἀλλὰ
1890 1095 1949 1134 καὶ
1966 1095 2026 1139 τὰς
2045 1101 2165 1147 χεῖρας
2187 1094 2292 1137 δεθεὶς
2311 1094 2371 1131 καὶ

1345 1154 1421 1198 τοὺς
1447 1154 1556 1198 πόδας
1575 1155 1702 1205 ὁμοίως
1714 1186 1723 1202 ,
1744 1158 1790 1198 εἷς
1814 1155 1853 1193 τὸ
1868 1156 1988 1200 σκότος
2002 1156 2124 1208 ἄγεται
2140 1155 2179 1193 τὸ
2193 1154 2370 1207 ἐξώτερον,

1344 1214 1400 1252 τὸν
1431 1214 1567 1253 αἰώνιον
1595 1216 1656 1253 καὶ
1675 1216 1814 1269 ἄπειρον
1831 1217 2036 1269 ὀλοφυρμὸν,
2055 1217 2114 1254 καὶ
2136 1217 2193 1255 τὸν
2215 1216 2368 1269 βρυγμὸν

1344 1278 1412 1314 τῶν
1438 1276 1583 1314 ὀδόντων
1606 1276 1896 1328 ὑποστησόμενος.
1931 1277 1992 1324 Μὴ
2013 1278 2138 1325 τοίνυν,
2170 1277 2369 1329 ἀγαπητοὶ,

1347 1336 1434 1387 μηδὲ
1459 1341 1560 1388 ἡμεῖς
1581 1337 1798 1388 ξ’νομίζωμεν
1824 1340 1941 1390 ἀρκεῖν
1972 1342 2056 1388 ἡμῖν
2084 1338 2169 1391 πρὸς
2194 1337 2368 1390 σωτηρίαν

1344 1398 1407 1444 τὴν
1431 1397 1559 1437 πίστιν.
1579 1396 1638 1436 Ἂν
1663 1399 1730 1452 γὰρ
1760 1398 1808 1449 μὴ
1833 1398 1905 1450 βίον
1933 1398 2184 1450 ἐπιδειξώμεθοι
2206 1400 2369 1452 καθαρὸν,

1347 1460 1422 1497 ἀλλ’
1454 1458 1577 1503 ἀνάξια
1603 1462 1666 1505 τῆς
1699 1459 1875 1512 μακαρίας
1902 1460 2057 1507 κλήσεως
2087 1460 2215 1506 ταύτης
2246 1459 2369 1510 ἱμάτια

1347 1519 1606 1573 ἀμφιασάμενοι
1624 1519 1917 1573 παραγενώμεθα,
1941 1520 2035 1559 οὐδὲν
2056 1520 2181 1559 κωλύει
2197 1521 2256 1558 καὶ
2277 1525 2370 1571 ἡμᾶς

1345 1588 1466 1623 παθεῖν
1490 1583 1535 1622 τὰ
1564 1583 1670 1632 αὐτὰ,
1693 1583 1781 1636 ἅπερ
1802 1586 1929 1627 ἐκεῖνος
1958 1587 1976 1622 ὁ
2007 1582 2165 1627 δείλαιος.
2201 1583 2269 1621 Καὶ
2302 1583 2369 1635 γὰρ

1345 1645 1487 1693 ἄτοπον,
1515 1645 1616 1683 αὐτὸν
1639 1644 1713 1696 μὲν,
1733 1645 1822 1683 Θεὸν
1849 1645 1931 1682 ὄντα
1959 1643 2019 1682 καί
2048 1643 2214 1694 βασιλέα,
2237 1643 2369 1697 ἀνθρώ-

1345 1721 1427 1749 πους
1446 1707 1615 1750 εὐτελεῖς,
1635 1706 1694 1744 καὶ
1714 1705 1863 1757 ἀγύρτας
1878 1735 1888 1753 ,
1906 1705 1965 1742 καὶ
1986 1704 2130 1755 μηδενὸς
2151 1703 2291 1748 ι’ἀξίους
2313 1705 2369 1742 ὄν-

1344 1785 1405 1812 τας
1434 1767 1481 1819 μὴ
1503 1767 1791 1819 ἐπαισχύνεσθαι,
1815 1765 1904 1804 ἀλλὰ
1928 1765 2005 1809 τοὺς
2040 1766 2109 1804 ἀπὸ
2140 1769 2201 1813 τ’ἦς
2234 1766 2369 1818 τριόδου

1344 1830 1428 1881 πρὸς
1453 1828 1516 1876 τὴν
1537 1828 1711 1882 τράπεζαν
1735 1827 1829 1879 ἄγειν
1852 1826 2002 1873 ἐκείνην·
2023 1831 2118 1877 ἡμᾶς
2141 1825 2175 1864 δὲ
2197 1826 2368 1874 τοσαύτην

1345 1889 1571 1937 ἀναισθησίαν
1594 1889 1849 1928 ἐπιδείκνυσθαι
1864 1919 1872 1936 ,
1891 1890 1937 1931 ὡς
1951 1888 2039 1938 μηδὲ
2056 1892 2098 1940 τῇ
2118 1887 2266 1938 τοσαύτῃ
2283 1891 2369 1940 τιμῇ

1344 1952 1501 2003 γενέσθαι
1522 1949 1695 2002 βελτίους,
1717 1948 1807 1988 ἀλλὰ
1824 1949 1883 1987 καὶ
1899 1949 1988 2000 μετὰ
2006 1948 2069 1996 τὴν
2090 1951 2212 1995 κλῆσιν
2233 1948 2290 1986 ἐπὶ
2308 1952 2370 1996 τ’ῆς

1347 2015 1452 2059 αὐτῆς
1481 2012 1593 2064 μένειν
1613 2011 1738 2055 κακίας
1750 2041 1760 2058 ,
1792 2013 1838 2054 εἷς
1860 2010 1923 2058 τὴν
1940 2011 2069 2063 ἄφατον
2084 2015 2143 2049 τοῦ
2162 2011 2370 2056 κεκληκότος

1346 2076 1640 2126 ἐμπαροινοῧντας
1670 2071 1943 2125 φιλανθρωπίαν.
1976 2070 2067 2110 Οὐδὲ
2094 2071 2161 2124 γὰρ
2188 2070 2247 2110 διὰ
2270 2076 2370 2110 τοῦτο

1345 2137 1441 2184 ἡμᾶς
1461 2134 1518 2172 ἐπὶ
1536 2132 1598 2180 τὴν
1622 2133 1858 2184 πνευματικὴν
1887 2132 2014 2180 ταύτην
2044 2132 2104 2170 καὶ
2131 2131 2277 2184 φρικτὴν
2300 2133 2369 2170 τῶν

1348 2194 1546 2247 μυστηρίων
1567 2194 1707 2232 ἐκάλεσε
1728 2193 1921 2241 κοινωνίαν,
1938 2193 1995 2231 ἵνα
2012 2192 2100 2244 μετὰ
2118 2196 2180 2239 τῆς
2201 2192 2370 2245 προτέρας

1347 2255 1584 2308 εἰσερχώμεθα
1603 2254 1745 2303 κακίας,
1766 2257 1841 2292 ἀλλ’
1865 2253 1921 2292 ἵνα
1948 2253 2203 2304 ἀποδυσάμενοι
2226 2253 2288 2300 τὴν
2317 2256 2370 2291 αἰ-

1348 2317 1543 2370 σχρότητα,
1562 2314 1887 2368 μεταμφιασώμεθα
1911 2315 1932 2352 ἃ
1946 2314 2024 2357 τοὺς
2047 2315 2082 2351 ἐν
2098 2320 2168 2358 τοῖς
2183 2313 2370 2365 βασιλείοις

1347 2377 1575 2429 ἑστιωμένους
1604 2377 1803 2430 ἠμφιάσθαι
1823 2377 1907 2428 χρή.
1934 2378 1979 2414 Εἰ
2011 2375 2045 2414 δὲ
2080 2375 2127 2426 μὴ
2163 2376 2370 2426 βουλοίμεθα

1347 2436 1426 2481 ἄξια
1462 2439 1523 2482 τῆς
1560 2435 1716 2482 κλήσεως
1750 2434 1879 2486 πρᾶξαι
1901 2433 2052 2481 ἐκείνης,
2074 2436 2156 2471 cosm
2182 2434 2254 2472 ἔστι
2273 2439 2371 2472 τοῦτο

1346 2496 1443 2550 παρὰ
1470 2497 1526 2536 τὸν
1558 2495 1790 2548 τετιμηκότα,
1813 2496 1903 2534 ἀλλὰ
1934 2496 2016 2547 παρ’
2044 2499 2149 2545 ἡμᾶς.
2181 2493 2272 2532 Οὐδὲ
2301 2493 2369 2546 γὰρ

1346 2562 1472 2602 ἐκεῖνος
1487 2563 1582 2609 ἡμᾶς
1602 2558 1763 2596 ἐκὸάλλει
1778 2561 1836 2595 τοῦ
1852 2559 2051 2607 θαυμαστοῦ
2067 2558 2135 2593 τῶν
2154 2554 2368 2606 δαιτυμόνων

1346 2623 1449 2672 χοροῦ
1461 2650 1469 2664 ,
1487 2621 1562 2657 ἀλλ’
1583 2623 1684 2670 ἡμεῖς
1704 2617 1854 2661 ἑαυτούς.
1872 2617 1915 2656 Ὁ
1937 2616 1999 2668 μὲν
2018 2616 2085 2669 γὰρ
2104 2616 2143 2654 τὸ
2162 2618 2283 2654 ἑαυτοῦ
2300 2622 2367 2654 πᾶν

1346 2680 1460 2726 ἤνυσε.
1484 2678 1554 2718 Καὶ
1573 2679 1640 2732 γὰρ
1658 2678 1736 2722 τοὺς
1751 2678 1884 2730 γάμους
1900 2677 2058 2725 ἐποίησε,
2072 2676 2132 2715 καὶ
2153 2675 2215 2722 τὴν
2243 2676 2369 2728 τράπε-

1346 2745 1405 2787 ζαν
1417 2740 1669 2794 παρεσκεύασε,
1683 2739 1742 2777 καὶ
1756 2738 1831 2782 τοὺς
1846 2738 2060 2781 καλέσαντας
2073 2736 2219 2788 ἔπεμψε,
2233 2736 2292 2774 καὶ
2306 2751 2369 2773 πα-

1349 2801 1594 2855 ραγενομένους
1608 2800 1757 2847 ἐδέξατο,
1774 2799 1834 2837 καὶ
1849 2798 1912 2845 τὴν
1925 2799 2033 2844 ἄλλην
2050 2797 2189 2835 ἅπασαν
2202 2796 2368 2847 τετίμηκε

1347 2864 1472 2916 τιμήν·
1489 2867 1590 2913 ἡμεῖς
1609 2861 1644 2899 δὲ
1664 2861 1723 2899 καὶ
1741 2863 1788 2903 εἰς
1807 2860 1921 2907 αὐτὸν,
1938 2858 1997 2897 καὶ
2017 2860 2063 2901 εἰς
2082 2858 2160 2902 τοὺς
2176 2857 2368 2910 παρόντας,

1347 2925 1406 2965 καὶ
1428 2927 1473 2968 εἷς
1493 2924 1549 2962 τὸν
1572 2923 1683 2974 γάμον
1706 2920 1908 2972 ὑδρίσαντες
1933 2919 1989 2958 διὰ
2009 2922 2076 2957 τῶν
2101 2921 2263 2972 ῥυπαρῶν
2284 2921 2370 2970 ἱμα-

1346 2987 1447 3034 τίων,
1481 2984 1656 3031 τουτέστι,
1688 2984 1756 3020 τῶν
1793 2980 1997 3033 ἀκαθάρτων
2027 2980 2197 3032 πράξεων,
2230 2979 2369 3023 εἰκότως

1348 3046 1589 3098 ἐκὸαλλόμεθα
1608 3043 1739 3083 λοιπόν.
1769 3042 1890 3093 Ταύτῃ
1922 3041 1990 3094 γὰρ
2017 3041 2075 3079 καὶ
2102 3041 2158 3079 τὸν
2184 3041 2295 3092 γάμον
2317 3057 2369 3078 τι-

1349 3113 1436 3162 μῶν,
1465 3108 1525 3146 καὶ
1549 3106 1625 3149 τοὺς
1652 3104 1901 3154 κεκλημένους,
1923 3102 2110 3142 ἀπελαύνει
2128 3101 2206 3146 τοὺς
2226 3101 2368 3152 ἰταμοὺς

1346 3171 1406 3209 καί
1435 3169 1512 3212 τοὺς
1541 3165 1786 3219 ἀναισχύντους
1811 3164 1969 3207 ἐκείνους.
1991 3165 2036 3202 Εἰ
2065 3162 2132 3215 γὰρ
2165 3162 2258 3201 εἴασε
2289 3162 2367 3205 τοὺς

1347 3234 1456 3270 ἐκεῖνο
1482 3227 1736 3280 ἠμφιεσμένους
1757 3226 1796 3264 τὸ
1817 3224 1968 3274 ἱμάτιον,
1996 3225 2097 3267 αὐτὸς
2121 3223 2160 3262 ἂν
2188 3223 2278 3267 ἔδοξε
2305 3223 2364 3261 καὶ

1404 3353 1418 3375 Ι)
1435 3349 1537 3383 savit.
1557 3353 1650 3388 ἀξίους
1662 3353 1705 3390 μὴ
1724 3351 1769 3381 ἐπ.

1402 3414 1413 3425 ⁷
1432 3401 1546 3434 Morel.
1565 3405 1612 3435 οὐκ.
1633 3405 1704 3434 ἔστι,
1723 3396 1823 3432 Savil.
1845 3400 1892 3430 οὐκ
1911 3401 1965 3431 ἔτι.
