2481 3678
699 177 741 206 ιΝ
778 176 985 207 ΛΜΝΝΕΜ
1023 177 1180 207 μανίη.
1221 177 1345 206 Χιιν.
1385 161 1444 207 al.

106 256 172 309 γὰρ
196 257 254 296 καὶ
275 258 513 311 ἐργαζόμενον,
535 258 643 309 μηδὲν
671 261 717 302 εἰς
745 259 808 306 τὴν
830 258 946 311 αὔριον
968 257 1133 310 θησαυρί-

107 319 188 366 ζειν,
204 318 262 356 καὶ
279 319 409 357 ἔνεστιν
426 319 665 370 ἐργαζόμενον,
678 319 786 369 μηδὲν
801 326 983 372 μεριμνᾷν.
999 321 1052 356 Οὐ
1066 317 1134 369 γὰρ

106 381 230 417 ταύτόν
266 382 339 417 ἐστι
369 380 520 432 μέριμνα
542 380 600 418 καὶ
629 381 787 432 ἐργασία.
811 381 903 419 Οὐδὲ
931 380 997 431 γὰρ
1017 382 1064 422 ὡς
1082 380 1132 429 τῷ

105 439 196 491 ἔργῳ
226 443 361 492 θαρρῶν
392 440 574 491 ἐργάζεταί
605 457 676 488 τις,
705 443 782 479 ἀλλ’
816 441 871 478 ἵνα
909 440 1047 490 μεταδῷ
1081 440 1132 489 τῷ

104 501 225 552 χρείαν
246 501 372 552 ἔχοντι.
393 502 462 539 Καὶ
483 502 522 539 τὸ
546 503 629 554 πρὸς
653 502 800 553 Μάρθαν
818 502 852 539 ’δὲ
892 498 1072 551 εἰρημένον
1095 499 1132 534 οὐ

103 561 183 612 περὶ
199 562 298 613 ἔργου
316 562 374 599 καὶ
396 563 558 614 ἐργασίας
575 563 681 609 ἐστὶν,
697 561 786 600 ἀλλὰ
800 560 880 613 περὶ
897 564 957 598 τοῦ
974 560 1041 596 δεῖν
1059 574 1132 596 και-

104 623 160 674 ρὸν
181 622 325 667 εἰδέναι,
346 624 403 661 καὶ
434 624 482 674 υὴ
516 625 572 662 τὸν
595 627 658 670 τῆς
688 623 885 675 ἀκροάσεως
903 621 1027 672 χρόνον
1047 619 1132 670 πρὸς

101 682 145 720 τὰ
166 684 409 737 σαρκικώτερα
430 685 641 723 ἀναλίσκειν.
663 687 716 723 Οὐ
734 683 846 721 τοίνυν
868 684 914 724 εἷς
935 680 1058 732 ἀργίαν
1076 681 1133 717 αὖ·

101 743 163 790 τὴν
181 744 380 794 ἐμὸάλλων,
395 749 506 783 ταῦτα
518 745 647 796 ἔλεγεν,
666 743 755 782 ἀλλὰ
772 744 958 795 προσηλῶν
972 745 1014 793 τῇ
1030 743 1133 792 ἀκρο-

103 805 191 844 άσει.
214 807 475 858 Παρεγενόμην,
502 807 619 859 φησὶν,
655 804 798 849 διδάξων
821 808 910 853 ὑμᾶς
928 802 973 840 τὰ
993 802 1131 840 δέοντα·

104 866 145 903 σὺ
162 867 196 905 δὲ
214 867 293 920 περὶ
310 868 449 920 ἄριστον
467 867 702 912 ἑσπούδακας;
721 863 976 909 Ὕποδέξασθαί
993 879 1035 913 με
1052 863 1131 914 βού-
1154 874 1177 903 Ε

101 929 168 975 λει,
197 928 257 966 καὶ
282 931 455 976 πολυτελῆ
484 928 749 981 παρασκευάσαι
767 927 964 979 τράπεζαν,
983 924 1130 976 εΕτέραν

100 988 369 1039 παρασκεύασον
391 990 558 1037 ἑστίασιν,
579 990 641 1036 τὴν
672 988 760 1039 μετὰ
783 986 977 1040 προθυμίας
998 985 1129 1038 ἀκρόα-

101 1048 152 1086 σίν
172 1064 231 1099 μοι
253 1053 478 1103 παρεχομένη
491 1081 499 1097 ,
522 1051 581 1088 καὶ
599 1050 657 1088 τὸν
678 1052 738 1095 τ’ῆς
757 1049 908 1100 ἀδελφῆς
929 1046 1127 1098 μιμουμένη

99 1109 214 1147 πόθον.
237 1110 331 1148 Οὔτε
347 1106 402 1149 οἶν
419 1111 481 1159 τὴν
502 1111 694 1164 φιλοξενίαν
712 1110 854 1148 κωλύων
867 1114 977 1147 ταῦτα
994 1108 1109 1158 ἔλεγεν
1120 1124 1128 1132 ·

99 1169 230 1221 ἄπαγε·
251 1175 325 1215 πῶς
338 1172 405 1226 γάρ
418 1189 427 1221 3
443 1173 532 1211 ἀλλὰ
550 1174 588 1210 τὸ
603 1173 651 1223 μὴ
667 1174 737 1210 δεῖν
753 1173 787 1209 ἐν
804 1170 1001 1222 ἀκροάσεως
1015 1172 1127 1222 καιρῷ

1485 178 1604 208 XLHI.
2103 186 2190 232 299

1202 257 1294 294 circa
1313 258 1469 295 carnalia
1487 258 1760 309 expendendum
1784 273 1870 296 esse.
1891 261 1970 298 Non
1987 261 2097 311 igitur
2117 264 2191 302 haec

1202 325 1313 374 dicit,
1335 335 1375 363 ut
1405 326 1439 363 in
1469 326 1641 365 desidiam
1673 328 1772 365 illam
1796 328 1976 380 conjiciat,
2000 330 2058 367 sed
2082 341 2119 369 ut
2146 333 2192 370 ad

1203 395 1419 433 audiendum
1443 406 1637 435 convertat.
1659 397 1765 446 Veni,
1787 398 1916 448 inquit,
1938 409 1977 436 ut
1997 414 2058 438 vos
2077 415 2193 439 neces-

1201 465 1293 502 saria
1310 465 1477 515 doceam,
1502 476 1541 504 tu
1567 467 1610 505 de
1629 467 1779 519 prandio
1800 468 1951 506 sollicita
1971 470 2034 506 cs?
2059 472 2118 507 Me
2137 472 2192 508 vis

1202 534 1377 587 excipere,
1407 545 1440 573 et
1461 537 1593 574 lautam
1614 552 1738 589 parare
1757 538 1938 575 mensam?
1960 539 2081 576 Alium
2108 553 2192 591 para

1203 602 1334 653 cibum,
1357 604 1444 642 meis
1462 604 1603 642 attende
1624 606 1863 654 sermonibus,
1887 607 2017 645 sororis
2048 608 2192 646 deside-

1205 671 1300 709 rium
1317 672 1550 712 imitare.Non
1565 688 1648 726 ergo
1662 674 1903 727 hospitalitate
1913 677 2075 727 cohibet,
2089 678 2193 725 absit,

1205 738 1243 777 id
1259 754 1302 778 ne
1319 741 1461 779 dicatur
1468 757 1480 792 3
1499 741 1560 780 sed
1577 741 1678 780 docet
1699 743 1869 782 doctrinae
1892 754 2051 798 tempore
2070 755 2193 783 caetera

1206 810 1363 848 curanda
1383 825 1452 849 non
1475 826 1560 850 esse.
1591 813 1682 850 Cum
1706 828 1812 865 porro
1849 814 1952 865 dicit,
1977 817 2195 867 Operemini

1205 892 1284 916 non
1302 882 1429 918 cibum
1448 885 1514 934 qui
1529 885 1642 934 perit,
1666 897 1736 921 non
1760 883 1959 935 significat,
1989 884 2025 923 in
2057 885 2192 923 desidia

1203 963 1275 988 esse
1296 950 1592 990 vivendum:hic
1621 953 1715 991 enim
1746 955 1903 993 maxime
1929 955 2029 993 cibus
2057 965 2107 993 est
2131 956 2191 1007 qui

1202 1021 1306 1072 perit,
1328 1024 1516 1070 (Omnem
1554 1024 1686 1077 quippe
1718 1026 1913 1064 malitiam
1937 1027 2067 1065 docuit
2092 1029 2191 1066 desi·
2206 1035 2300 1063 Evcli.
2317 1034 2366 1063 33.

1201 1090 1286 1138 dia)
1295 1107 1310 1135 ,·
1330 1091 1393 1130 sed
1412 1092 1546 1131 indicat
1565 1094 1786 1146 operandum
1804 1105 1837 1133 et
1856 1097 2077 1148 erogandum
2099 1113 2185 1136 esse.
2205 1084 2254 1115 29'

1199 1159 1266 1197 Hic
1285 1175 1391 1212 porro
1411 1162 1511 1200 cibus
1531 1177 1600 1201 non
1625 1164 1728 1215 perit.
1761 1165 1799 1203 Si
1827 1165 1907 1215 quis
1928 1181 2034 1218 porro
2054 1168 2188 1206 otiosus

98 1231 178 1282 περὶ
199 1231 300 1284 ἕτερα
319 1236 550 1285 ἠσγολῆσθαι.
572 1235 624 1272 Τὸ
651 1235 686 1272 δὲ
713 1234 838 1284 λέγειν,
858 1232 919 1278 Μὴ
941 1231 1125 1283 ἐργάζεσθε
1136 1263 1183 1287 ,60
1198 1229 1312 1266 ventri
1329 1239 1362 1267 et
1379 1230 1519 1269 deliciis
1544 1232 1688 1270 deditus
1715 1234 1781 1284 sit,
1810 1234 1839 1272 is
1867 1245 2032 1287 operatur
2066 1238 2186 1277 cibum
2236 1260 2240 1263 ·

97 1292 160 1339 τὴν
180 1295 309 1344 βρῶσιν
331 1295 394 1341 τὴν
410 1295 665 1346 ἀπολλυμένην,
686 1297 723 1333 οὖ
743 1294 843 1333 τοῦτό
860 1296 951 1332 ἐστιν
973 1295 1122 1331 αἰνιττο-
1147 1304 1172 1330 Α
1197 1298 1381 1350 quiperit3
1403 1311 1523 1340 contra
1542 1302 1571 1340 si
1585 1304 1664 1354 quis
1679 1318 1725 1341 ex
1745 1304 1865 1343 labore
1887 1320 1950 1344 suo
1967 1307 2099 1354 cibum,
2123 1324 2186 1361 po-

98 1353 218 1403 μένου,
237 1354 329 1393 ὥστε
348 1357 416 1394 δεῖν
438 1358 576 1408 ἀργεῖν·
603 1357 661 1394 καὶ
684 1355 750 1407 γὰρ
770 1355 828 1393 καὶ
849 1360 948 1392 τοῦτο
970 1354 1125 1404 μάλιστα

97 1415 322 1466 ἀπολλυμένη
346 1418 472 1470 βρῶσίς
490 1421 564 1455 ἐστι
586 1418 735 1469 (Πᾶσαν
756 1416 823 1468 γὰρ
837 1414 900 1461 τὴν
915 1414 1039 1453 κακίαν
1057 1413 1125 1450 ἐδί-

97 1475 194 1519 δαξεν
215 1479 236 1522 ἡ
259 1477 362 1528 ἀργία
376 1481 387 1524 >
400 1493 407 1501 ·
430 1480 505 1516 ἀλλ’
523 1478 613 1515 ὥστε
634 1477 838 1528 ἐργάζεσθαι
856 1475 916 1513 καὶ
946 1473 1125 1525 μεταδιδό-

96 1551 164 1574 ναι.
186 1538 300 1575 Τοῦτο
319 1538 386 1591 γὰρ
413 1542 474 1577 οὐκ
493 1539 716 1589 ἀπολλυμένη
740 1536 868 1589 βρῶσίς
889 1539 962 1574 ἐστι
990 1536 1124 1574 λοιπόν.

97 1599 142 1635 lit
169 1597 206 1635 δέ
231 1614 283 1642 τις
307 1601 421 1652 ἀργῶν
441 1600 661 1652 γαστρίζοιτο
678 1599 737 1637 καὶ
756 1601 889 1650 τρυφῆς
906 1599 1118 1648 ἐπιμελοῖτο,

97 1653 194 1702 οῧτος
209 1659 273 1706 τὴν
302 1663 430 1714 βρῶσιν
448 1662 627 1713 ἐργάζεται
642 1661 705 1707 τὴν
723 1659 966 1710 ἀπολλυμένην
979 1674 986 1681 ·
1002 1657 1121 1710 ὥσπερ

99 1719 129 1756 εἴ
152 1735 203 1763 τις
233 1722 456 1773 ἐργαζόμενος
475 1723 532 1761 τὸν
553 1723 705 1775 Χριστὸν
725 1721 842 1777 τρέφοι
856 1749 865 1766 ,
887 1720 947 1758 καὶ
967 1719 1101 1763 ποτίζοι
1115 1749 1125 1767 ,

97 1780 155 1818 καὶ
182 1782 312 1830 ἐνδύοι,
350 1784 459 1826 οὐδεὶς
490 1783 597 1827 οὕτως
631 1783 837 1830 ἀναίσθητος
858 1781 942 1820 ὃκαὶ
963 1780 1123 1831 ἀμαθὴς,

95 1843 141 1884 ὥς
161 1844 282 1889 εἰπεῖν,
304 1844 547 1895 ἀπολλυμένην
569 1848 697 1898 βρῶσιν
719 1844 924 1897 ἐργάζεσθαι
944 1841 1000 1880 τὸν
1018 1846 1126 1879 τοιοῦ-

94 1919 164 1951 τον,
185 1904 228 1941 δι’
246 1905 286 1951 ἦν
307 1908 368 1951 τῆς
390 1906 567 1956 βασιλείας
586 1909 607 1952 ἡ
629 1905 824 1957 ἐπαγγελία
847 1907 910 1950 τῆς
932 1903 1126 1955 μελλούσης

93 1964 153 2001 καὶ
172 1967 240 2003 τῶν
262 1968 400 2018 ἀγαθῶν
421 1967 573 2005 ἐκείνων.
592 1968 692 2013 Αὕτη
713 1966 779 2018 γὰρ
801 1965 897 2016 μένει
921 1966 1085 2012 διηνεκῶς
1103 1967 1123 2010 ἡ

94 2028 233 2076 βρῶσις.
253 2026 412 2070 ι’Ἄλλως
432 2027 487 2076 δὲ,
515 2028 575 2066 καὶ
603 2028 681 2067 τότε
703 2028 737 2065 δὲ
759 2027 878 2074 ἐπειδὴ
900 2030 963 2073 τῆς
986 2024 1047 2076 μὲν
1065 2025 1126 2062 πί·
1150 2029 1173 2059 Β

92 2102 199 2129 στεως
219 2087 338 2125 οὗδὲνα
357 2088 458 2138 λόγον
476 2090 673 2135 ἐποιοῦντο,
694 2088 770 2126 οὐδὲ
792 2088 962 2127 ἐσκόπουν
990 2090 1124 2136 μαθεῖν,

91 2146 142 2189 τίς
157 2150 174 2184 ὁ
194 2151 304 2185 ταῦτα
323 2150 548 2200 ἐργαζόμενος
560 2181 569 2198 ,
590 2150 649 2187 καὶ
666 2148 749 2201 ποία
767 2148 927 2198 δυνάμει,
946 2146 981 2184 ἓν
999 2146 1034 2184 δὲ
1057 2146 1124 2197 μό-

90 2224 144 2246 νον
180 2209 382 2255 ἐέούλοντο,
414 2211 660 2264 γαστρίζεσθαι
695 2211 803 2261 μηδὲν
832 2213 1029 2255 ποιοῦντες,
1059 2208 1122 2255 τὴν

90 2270 255 2317 τοιαύτην
271 2271 402 2324 τροφὴν
423 2273 565 2316 εἰκότως
583 2276 712 2325 βρῶσιν
731 2271 976 2322 ἀπολλυμένην
1002 2270 1123 2308 ἐκάλε-

89 2345 158 2369 σεν.
176 2332 333 2386 ’Έθρεψα
360 2337 455 2384 ὑμῶν
475 2334 518 2372 τὰ
539 2334 706 2385 σώματα,
727 2334 847 2386 φησὶν,
869 2333 924 2370 ἵνα
946 2331 1015 2370 ἀπὸ
1034 2329 1118 2369 τού-

87 2407 146 2429 του
166 2393 228 2441 την
250 2395 370 2447 ἑτέραν
402 2396 639 2443 ἐπιζητήσητε
670 2395 813 2447 τροφὴν,
849 2394 908 2440 τὴν
931 2392 1118 2444 μένουσαν,

87 2452 148 2499 τὴν
169 2454 359 2506 τρέφουσαν
380 2459 476 2506 ὑμῶν
498 2457 561 2503 τὴν
582 2456 698 2508 ψυχήν
713 2472 720 2479 ·
750 2459 850 2505 ὑμεῖς
870 2454 904 2492 δὲ
926 2454 1031 2491 πάλιν
1059 2454 1118 2490 ἐπὶ

87 2513 150 2559 τὴν
167 2513 288 2565 *suiv-qv
309 2517 461 2568 τρέχετε.
481 2517 547 2555 Διὰ
565 2522 666 2555 τοῦτο
686 2518 723 2554 οὐ
745 2516 880 2554 συνίετε
897 2515 951 2554 ὅτι
970 2517 1031 2553 οὐκ
1060 2515 1117 2552 ἐπὶ

86 2575 216 2622 ταύτην
237 2578 326 2627 ὑμᾶς
344 2578 417 2629 ἄγω
438 2578 502 2624 τὴν
522 2580 649 2625 ἀτελῆ,
670 2579 747 2615 ἀλλ’
767 2579 822 2615 ἐπ’
841 2576 975 2622 ἐκείνην
996 2575 1059 2622 τὴν
1078 2578 1116 2614 οὖ

85 2636 297 2689 πρόσκαιρον
329 2638 552 2691 παρέχουσαν
573 2639 676 2686 ζωὴν,
705 2640 782 2675 ἀλλ’
805 2637 956 2685 αἰώνιον,
986 2637 1048 2684 τὴν
1079 2639 1116 2674 οὔ

86 2700 210 2748 σῶμα,
240 2700 329 2738 ἀλλὰ
360 2700 477 2751 ψυχὴν
506 2700 710 2752 τρέφουσαν.
750 2693 840 2737 Εἶτα
875 2698 992 2745 ἐπειδὴ
1025 2697 1115 2736 οὕτω

86 2761 176 2812 μέγα
189 2761 270 2812 περὶ
290 2763 412 2800 ἑαυτοῦ
428 2761 615 2814 ἐφθέγξατο
627 2791 636 2807 ,
656 2761 717 2799 καὶ
731 2761 856 2813 ἔφησεν
874 2760 975 2803 αὐτὸς
993 2759 1115 2798 δώσειν

85 2822 205 2869 αὐτὴν,
220 2821 277 2859 ἵνα
293 2822 340 2873 μὴ
358 2823 464 2861 πάλιν
482 2825 596 2867 αὐτοῖς
609 2825 744 2876 προστῇ
762 2822 801 2860 τὸ
815 2821 1014 2873 λεγόμενον,
1031 2821 1115 2866 ἀξιό·

83 2899 205 2922 πιστον
231 2883 288 2921 τὸν
307 2884 410 2934 λόγον
431 2888 552 2932 ποιῶν,
585 2884 643 2921 ἐπὶ
662 2884 720 2922 τὸν
751 2883 897 2935 Πατέρα
922 2881 986 2929 τὴν
1006 2898 1116 2935 [op-rf-

82 2944 159 2996 γίαν
188 2947 293 2991 αὐτῆς
314 2945 447 2996 ἀνάγει.
472 2945 593 2983 Εἰπὼν
620 2946 707 2996 γὰρ,
727 2944 796 2982 ὃΗν
819 2949 836 2984 ὃ
866 2943 949 2987 Υἱὸς
969 2947 1027 2982 τοῦ
1048 2946 1113 2981 ἀν-

83 3003 220 3055 θρώπου
247 3003 350 3042 δώσει
376 3006 469 3054 ὑμῖν,
496 3005 671 3055 ἐπήγαγε,
694 3006 825 3043 Τοῦτον
851 3003 919 3055 γὰρ
946 3007 963 3041 ὁ
984 3002 1112 3054 Πατὴρ

82 3065 289 3118 ἐσφράγισεν
303 3068 321 3102 ὃ
340 3065 430 3108 Θεός
444 3081 451 3089 ·
469 3066 657 3111 τουτέστιν,
676 3065 733 3105 ἐπὶ
747 3065 860 3118 τούτῳ
877 3065 1012 3116 ἔπεμψε
1030 3063 1112 3102 ταύ-

80 3141 144 3173 την
163 3128 245 3177 ὑμῖν
270 3126 459 3177 κομίζοντα
480 3126 544 3174 τὴν
561 3127 702 3179 τροφήν.
726 3129 836 3173 Δηλοῖ
857 3126 891 3164 δὲ
912 3126 971 3164 καὶ
992 3125 1110 3178 ἑτέραν

81 3188 266 3237 ἑρμηνείαν
282 3191 302 3234 ἡ
319 3187 420 3232 λέξις.
438 3188 509 3227 Καὶ
528 3188 594 3242 γὰρ
614 3189 673 3227 καὶ
695 3190 850 3240 ἀλλαχοῦ
867 3203 971 3240 φησιν
991 3191 1008 3226 ὃ
1026 3189 1109 3240 Χρι-

123 3325 135 3340 ⁸
159 3314 259 3347 Saxil.
279 3321 327 3349 καὶ
343 3318 503 3357 μανιώδης-

123 3367 139 3390 b
164 3365 277 3398 Morel.
297 3373 314 3405 ἡ
331 3373 450 3412 βρῶσις.
467 3372 564 3406 ἄλλως
580 3370 609 3401 δὲ
627 3373 675 3401 καὶ
690 3369 791 3405 ἐπειδὴ
802 3374 872 3402 τότε
882 3375 933 3406 τῆς
948 3372 1003 3410 μὲν
1020 3383 1082 3403 π...

1196 1378 1273 1407 tum
1285 1401 1294 1419 ,
1325 1381 1461 1410 vestem
1490 1374 1632 1412 Christo
1661 1375 1820 1425 dederit,
1840 1377 1937 1415 hunc
1961 1393 2064 1418 nemo
2096 1395 2188 1419 sanae

1198 1439 1324 1477 mentis
1346 1440 1442 1479 dieat
1461 1443 1598 1494 operari
1618 1444 1740 1482 cibum
1762 1445 1824 1495 qui
1857 1447 1963 1498 perit,
1994 1450 2095 1501 cujus
2115 1451 2186 1488 cibi

1197 1523 1301 1546 causa
1316 1511 1538 1562 promittitur
1550 1526 1714 1564 regnum,
1731 1514 1990 1566 promittuntur
2003 1517 2065 1555 illa
2082 1519 2185 1557 bona.

1198 1577 1267 1615 Hic
1286 1578 1387 1617 cibus
1403 1589 1575 1619 aeternum
1595 1592 1724 1620 manet.
1749 1584 1853 1622 Tunc
1869 1585 1952 1635 quia
1974 1586 2028 1623 illi
2051 1589 2188 1626 nullam

1195 1648 1279 1686 fidei
1301 1649 1474 1688 rationem
1491 1651 1662 1701 habuere,
1688 1666 1802 1703 neque
1821 1653 1956 1692 discere
1973 1655 2187 1695 studuerunt

1194 1718 1275 1768 quis
1293 1718 1368 1757 haec
1386 1720 1538 1769 fecisset,
1557 1736 1627 1772 qua
1646 1732 1831 1775 potestate,
1853 1724 1914 1762 sed
1932 1725 1969 1763 id
1994 1741 2105 1764 unum
2125 1742 2186 1766 cu-

1195 1789 1335 1842 rabant„
1351 1799 1391 1827 ut
1408 1790 1499 1828 nihil
1522 1792 1700 1844 operando
1716 1804 1876 1833 ventrem
1890 1795 2079 1848 implerent
2091 1814 2102 1848 3
2115 1798 2186 1837 hoc

1194 1856 1404 1896 alimentum
1420 1859 1502 1911 jure
1525 1862 1667 1900 vocavit
1683 1863 1804 1900 cibum
1824 1865 1884 1915 qui
1904 1866 2007 1917 perit.
2027 1867 2187 1920 Corpora

1195 1937 1323 1978 vestra,
1349 1929 1479 1982 inquit,
1502 1932 1670 1983 enutrivi,
1689 1943 1727 1971 ut
1746 1934 1831 1973 hinc
1849 1936 1958 1974 aliam
1980 1938 2185 1988 quaereretis

1195 2012 1310 2035 escam
1324 2009 1536 2049 manentem,
1552 2017 1629 2053 quae
1643 2004 1799 2042 animam
1818 2016 1974 2045 vestram
1993 2009 2182 2047 enutriret:

1195 2077 1386 2106 vosautem
1399 2084 1541 2108 rursum
1553 2071 1599 2109 ad
1608 2081 1783 2111 terrenam
1791 2075 1944 2113 curritis.
1954 2077 2038 2115 Ideo
2051 2092 2119 2115 non
2135 2078 2184 2116 in-

1194 2138 1358 2189 telligitis
1372 2154 1428 2178 me
1440 2155 1509 2179 non
1523 2141 1568 2179 ad
1585 2142 1685 2180 illam
1701 2158 1765 2182 vos
1784 2145 1912 2184 ducere
1926 2146 2182 2199 imperfectam,

1193 2207 1254 2245 sed
1276 2208 1321 2246 ad
1350 2210 1450 2248 illam
1467 2225 1536 2250 non
1555 2222 1830 2265 temporaneam,
1854 2231 1932 2267 quae
1956 2218 2068 2256 vitam
2087 2234 2181 2270 prae—

1191 2277 1271 2315 beat
1285 2287 1463 2330 aeternam,
1490 2296 1567 2332 quae
1590 2297 1659 2320 non
1680 2298 1821 2337 corpus,
1838 2286 1901 2324 sed
1922 2288 2077 2325 animam
2097 2288 2179 2325 alat.

1190 2347 1329 2385 Deinde
1345 2349 1428 2399 quia
1448 2351 1637 2401 magnifiee
1651 2351 1695 2389 de
1713 2367 1748 2390 se
1767 2353 1935 2404 loquutus
1955 2356 2080 2403 fuerat,
2098 2370 2179 2394 cum

1188 2415 1320 2455 diceret
1339 2432 1375 2455 se
1397 2418 1590 2470 daturum,
1608 2435 1650 2458 ne
1672 2421 1801 2459 iterum
1820 2423 1887 2460 hoe
1907 2423 2002 2461 dicto
2023 2425 2180 2464 offende-

1188 2495 1332 2535 rentur,
1355 2497 1394 2525 ut
1419 2487 1487 2539 ipsi
1507 2489 1614 2526 fidem
1638 2490 1783 2540 faceret,
1803 2491 1940 2530 donum
1965 2493 2011 2531 ad
2038 2496 2179 2532 Patrem

1186 2556 1301 2593 refert.
1321 2557 1412 2594 Cum
1423 2557 1573 2596 dixisset
1592 2558 1699 2610 enim,
1727 2561 1848 2611 Quem
1870 2564 1910 2599 F
1909 2563 1999 2601 ilius
2012 2565 2180 2602 hominis

1187 2627 1299 2663 'vobis
1315 2627 1424 2664 dabit
1435 2643 1450 2672 ,-
1468 2627 1642 2677 subdidit,
1660 2631 1776 2668 Hunc
1797 2635 1899 2669 enim
1915 2635 2038 2671 Pater
2049 2637 2178 2687 signa-

1156 2706 1164 2735 ,“
1190 2698 1242 2732 vit
1262 2697 1392 2738 Deum
1411 2697 1481 2735 hoc
1501 2706 1567 2747 est,
1589 2700 1779 2751 Propterea
1797 2701 1895 2740 misit
1918 2703 1980 2753 qui
1998 2704 2094 2742 hunc
2109 2718 2176 2743 vo—

1186 2764 1242 2802 his
1274 2765 1396 2803 eibum
1428 2767 1544 2804 ferret.
1560 2767 1669 2814 Quod
1700 2769 1804 2807 aliter
1833 2781 1947 2823 potest
1983 2774 2171 2826 explicari.

1186 2836 1279 2873 Nam
1295 2836 1381 2874 alibi
1400 2851 1541 2889 quoque
1557 2838 1721 2878 Christus
1736 2840 1824 2879 dicit
1842 2857 1849 2878 τ
1874 2844 1948 2893 Qui
1968 2846 2078 2882 audit
2094 2859 2173 2883 ser·
2189 2853 2277 2880 Joan.
2289 2853 2376 2883 333.

1187 2919 1317 2944 mones
1337 2921 1451 2955 meos,
1487 2909 1589 2947 hunc
1607 2911 1780 2961 signavit
1798 2913 1932 2960 Pater,
1955 2917 2048 2965 quia
2067 2917 2175 2954 Deus

1186 2990 1310 3014 verax
1338 2987 1394 3016 est
1402 2995 1418 3024 ;
1435 2977 1503 3016 hoo
1522 2987 1587 3030 est,
1616 2980 1803 3020 Manifeste
1835 2983 1985 3021 ostendit
1992 3001 2002 3034 3
2024 2983 2061 3022 id
2080 2985 2176 3036 quod

1185 3049 1275 3086 mihi
1298 3059 1332 3087 et
1353 3050 1414 3088 hic
1431 3050 1577 3089 videtur
1594 3052 1825 3091 subindicari.
1845 3055 1946 3093 Nihil
1965 3056 2058 3094 enim
2074 3056 2173 3094 aliud

1183 3128 1234 3157 est
1240 3149 1251 3168 ,
1262 3120 1439 3172 Signavit
1451 3122 1584 3168 Pater,
1597 3135 1704 3172 quam
1715 3122 1836 3160 ostend
1844 3123 1884 3174 it,
1893 3125 2066 3163 revelavit
2076 3126 2174 3163 testi·

1183 3189 1303 3226 monio
1326 3203 1401 3227 suo.
1425 3190 1470 3229 Se
1489 3191 1584 3228 enim
1604 3191 1678 3243 ipse
1697 3192 1852 3230 ostendit
1869 3208 1878 3241 ;
1897 3193 1981 3243 quia
2005 3208 2088 3232 vero
2107 3196 2173 3234 Ju-

1156 3316 1279 3360 [savit.
1301 3326 1334 3350 et
1349 3319 1460 3353 Codd.
1480 3321 1589 3352 nostri
1612 3324 1710 3358 ἄλλως
1723 3323 1756 3353 δέ
1770 3321 1949 3361 omittunt,
1967 3332 2072 3365 neque
2090 3334 2174 3355 con-

1156 3370 1292 3403 veniunt
1311 3369 1380 3404 haec
1399 3371 1497 3405 verba
1516 3383 1591 3404 cum
1610 3372 1732 3416 reliqua
1751 3373 1948 3415 structura]
