2507 3673
802 197 858 225 DE
896 197 1069 226 Lazxno
1109 196 1166 226 ET
1204 196 1260 226 ΗΕ
1297 197 1470 225 Divite.

98 278 173 328 βίου
193 279 225 316 ἐν
242 278 285 329 τῇ
302 276 386 329 πρὸς
404 275 573 323 ἀλλήλους
592 276 753 329 κοινωνίᾳ
771 279 808 315 οὖ
829 277 1034 330 γεγένηται,
1051 278 1119 316 Διὰ

96 330 153 376 τί;
182 330 257 368 Ἵνα
282 334 300 368 ὁ
320 329 381 380 μὲν
410 329 518 375 πένης
536 329 718 382 λαμπροὺς
747 330 826 374 τοὺς
851 331 1037 383 στεφάνους
1055 335 1118 378 τῆς

94 385 269 433 ὑπομονῆς
287 380 494 428 ὑποδέξηται
506 409 516 425 ,
534 384 551 419 ὃ
568 381 602 420 δὲ
618 381 781 426 πλούσιος
796 386 858 430 τῆς
879 386 1118 435 ἀποτεθηριω-

96 436 201 485 μένης
216 436 330 486 ψυχῆς
346 433 423 477 τοὺς
443 435 602 486 ὃμφακας
621 441 691 478 τοῖς
711 436 848 479 οἰκείοις
872 437 985 474 ὀδοῦσι
1006 435 1118 485 μαση-

94 504 209 534 σηται.
226 486 329 525 Ἀλλὰ
349 486 407 523 καὶ
422 488 452 525 οἳ
468 487 566 530 κύνες
577 517 586 534 ,
603 488 717 539 φησὶν,
735 488 917 553 ἐρχόμενοι
933 487 1117 553 ἀπέλειχον

91 539 135 576 τὰ
160 539 244 585 ἕλκη
273 541 390 577 αὐτοῦ.
411 540 656 592 Εὐγενέστεροι
678 544 709 579 οἱ
737 556 835 584 κυνες
853 545 911 579 τοῦ
932 542 1117 586 πλουσιου,

94 591 307 643 οἱγαθώτεροι
326 595 388 638 τῆς
419 592 548 630 ἐκείνου
580 593 842 645 ἀπανθρωπίας.
864 592 1022 631 Ἐκείνου
1044 607 1117 642 μη·-

93 644 215 682 δέποτε
245 643 379 696 ψεκάδα
403 643 418 664 ¹³
431 645 545 683 ἐλαίου
578 646 798 698 δροσίσαντος
827 648 877 697 τῷ
907 644 1053 691 πένητι,
1087 645 1119 681 οἱ

91 696 189 740 κύνες
209 696 269 744 τὴν
287 697 404 747 ἀκμὴν
424 700 491 735 τῶν
510 697 655 736 ὀδόντων
675 702 716 748 τῇ
738 695 981 750 φιλανθρωπίᾳ
1000 694 1118 748 πραΰ-

91 765 210 793 ναντες
227 779 236 796 ,
260 751 377 801 ἁπαλῇ
400 753 442 801 τῇ
473 750 615 802 γλώσσῃ
635 751 736 788 αὐτὸν
751 749 970 803 ἐθεράπευον,
1003 751 1050 792 ὡς
1079 749 1119 787 ἂν

91 809 208 840 πᾶσαν
230 803 413 853 ῥυπαρίαν,
433 804 492 840 καὶ
523 803 639 841 πάντα
670 804 784 867 ἰχῶρα
817 806 886 840 τῶν
908 801 1118 854 τραυμάτων

93 857 194 892 αὐτοῦ
219 855 483 906 ἀποσμήχοντες
498 870 506 878 ·
526 855 586 892 καὶ
605 854 649 892 τὰ
665 858 768 908 ἀγρια
796 853 882 901 ἕλκη
902 858 945 906 τῇ
966 854 1120 901 λειότητι

89 910 152 952 τῆς
166 906 323 957 γλώττης
337 907 597 951 τιθασσεύοντες
608 937 617 954 ,
636 906 714 950 τοὺς
730 906 852 950 πόνους
870 909 938 945 τῶν
960 905 1120 960 τραυμά-

88 975 157 996 των
179 961 282 997 αὐτοῦ
300 959 513 997 ὑπέκλεπτον
530 960 659 1011 ἠρέμα.
677 959 722 998 ‘O
743 960 779 998 δέ
798 976 837 1010 γε
862 959 1024 1003 πλούσιος
1043 959 1118 998 οὐδὲ

88 1010 187 1062 ὄμμα
203 1011 320 1064 ἱλαρὸν
341 1012 530 1065 ἐχαρίσατο
552 1016 602 1064 τῷ
626 1012 750 1059 πένητι
776 1011 939 1060 πώποτε,
959 1012 1036 1050 οὐδὲ
1053 1011 1116 1051 λό-

87 1080 146 1116 γον
165 1063 229 1102 κᾶν
245 1065 415 1117 ἄκαρπον,
435 1067 473 1102 οὐ
493 1064 595 1116 ῥάκος
617 1068 710 1117 αὐτῷ
739 1065 936 1118 ἐπέρριψεν,
954 1066 991 1102 οὐ
1012 1065 1116 1103 σίτων

85 1116 260 1168 λείψανον,
281 1119 342 1154 οὐκ
357 1117 478 1155 ὀὸολὸν
500 1117 560 1155 ἕνα
576 1118 642 1156 ὑπὸ
669 1121 720 1157 ἰοῦ
740 1117 1035 1169 δεδαπανημένον,
1055 1119 1118 1156 οὐκ

87 1169 202 1218 ἄρτον,
222 1172 259 1207 οὐ
285 1170 428 1220 κλάσμα
459 1170 563 1222 ἄρτου
591 1173 649 1208 ὑπ’
682 1172 827 1222 εὐρῶτος
856 1171 1116 1224 διεφθαρμένον,

86 1221 176 1260 ἀλλὰ
207 1222 322 1260 πάντα
342 1224 376 1260 ἐν
409 1224 452 1274 τῇ
487 1225 588 1262 αὐτοῦ
621 1224 768 1277 γαστρὶ,
791 1223 908 1275 ὥσπερ
925 1227 960 1262 ἐν
988 1225 1117 1262 πανδο-

86 1274 189 1325 χείῳ,
209 1274 263 1312 διὰ
282 1279 344 1322 τῆς
359 1280 418 1313 τοῦ
438 1275 611 1329 φάρυγγος
630 1276 746 1328 χώνης
761 1277 973 1329 ἐνέῤῥιπτεν.

135 1815 240 1855 Ἀλλὰ
255 1815 312 1865 τί,
333 1810 404 1856 Οἷα
424 1816 570 1856 ἑκάστου
590 1816 635 1855 τὰ
650 1816 805 1868 ὀψώνια,
825 1819 982 1855 τοιαῦται
997 1815 1057 1854 καὶ
1078 1819 1112 1855 αἱ

82 1869 340 1914 ἀνταποδόσεις.
367 1869 503 1917 Συνέὸη
533 1869 588 1917 δὲ,
609 1871 726 1922 φησὶν,
750 1872 934 1908 ἀποθανεῖν
962 1869 1020 1908 τὸν
1043 1869 1111 1907 πέ-

79 1938 167 1969 νητα
178 1953 187 1969 ,
203 1923 262 1960 καὶ
283 1925 518 1974 ἀπενεχθῆναι
534 1923 602 1961 ὑπὸ
615 1926 684 1960 τῶν
702 1923 857 1974 ἀγγέλων
878 1925 925 1965 εἷς
940 1921 1018 1965 τοὺς
1033 1921 1113 1960 κόλ-

78 1991 156 2019 ποις
174 1980 234 2013 τοῧ
257 1974 427 2028 Ἀδραάμ.
450 1975 563 2019 Μόλις
581 1975 665 2013 ποτὲ
681 1978 698 2013 ὃ
713 1975 819 2022 πένης
836 1976 905 2013 ἀπὸ
920 1977 981 2020 τῆς
1000 1975 1111 2018 ζαλώ-

80 2029 156 2071 δους
168 2028 287 2072 πενίας
307 2028 458 2080 ῥυσθεὶς,
475 2030 521 2070 εἷς
535 2028 593 2066 τὸν
609 2027 718 2066 εὔδιον
733 2028 860 2078 λιμένα
875 2031 934 2066 τοῦ
950 2027 1111 2080 Ἀδραὰμ

79 2080 308 2119 ἀπέπλευσεν.
329 2081 491 2132 Ἐγένετο
512 2080 592 2134 γὰρ,
613 2081 730 2133 φησὶν,
755 2083 937 2118 ἀποθανεῖν
957 2081 1015 2118 τὸν
1035 2082 1108 2118 Λά-

53 2170 58 2172 ,
77 2133 192 2186 ζαρον,
206 2133 265 2171 καὶ
285 2136 517 2185 ἀπενεχθῆναι
532 2134 599 2172 ὑπὸ
614 2137 681 2171 τῶν
698 2132 854 2186 ἀγγέλων
872 2135 918 2176 εἷς
931 2132 1008 2176 τοὺς
1027 2133 1108 2171 κόλ-

76 2201 161 2229 πους
180 2190 240 2224 τοῦ
259 2185 430 2238 Ἀὲραάμ.
451 2185 560 2239 (Ορᾷς
575 2217 583 2234 ,
601 2190 675 2229 πῶς
695 2191 716 2233 ἡ
735 2186 837 2224 πενία
858 2186 946 2237 μετὰ
961 2185 1023 2232 τὴν
1047 2186 1106 2223 ἐν-

75 2242 191 2276 τεῦθεν
211 2239 322 2283 ἔξοδον
352 2238 556 2291 δορυφόρους
582 2239 746 2291 ἀγγέλους
775 2239 869 2291 ἔχει,
900 2238 1037 2285 Συνέέη
1070 2238 1105 2278 δὲ

75 2290 134 2328 καὶ
148 2291 206 2329 τὸν
218 2292 382 2330 πλούσιον
395 2295 577 2330 ἀποθανεῖν
593 2292 654 2329 καὶ
672 2294 836 2344 ταφῆναι.
850 2291 961 2333 Εὐθὺς
975 2291 1032 2329 ἐπὶ
1046 2296 1105 2330 τοῗ)Ι

74 2343 239 2382 πλουσίου
252 2343 417 2382 τέτακται
431 2348 453 2390 ἠ
469 2344 676 2396 ταφὴ,κατὰ
686 2345 725 2383 τὸ
738 2344 806 2382 ὑπὸ
820 2350 879 2383 τοῦ
889 2343 1104 2395 Δαυὶδλεγό-

75 2411 175 2446 μενον
193 2412 201 2420 ·
223 2397 293 2435 Καὶ
305 2399 335 2435 οἱ
349 2397 453 2448 τάφοι
474 2399 584 2435 αὐτῶν
599 2397 705 2435 οἰκίαι
721 2400 832 2435 αὐτῶν
843 2400 889 2441 εἷς
910 2397 966 2435 τὸν
981 2398 1102 2435 αἰῶνα.

73 2447 142 2486 Διὰ
159 2454 259 2487 τοῦτο
277 2449 415 2500 λέγεταί
434 2465 503 2488 σοι·
523 2450 662 2501 πτωχὲ,
677 2449 736 2497 Μὴ
758 2451 882 2502 φοὲοῧ,
901 2449 983 2488 ὅταν
998 2451 1103 2487 πλου-

73 2501 163 2552 τήσῃ
181 2501 377 2554 ἄνθρωπος,
396 2502 450 2540 ὅτι
470 2505 530 2540 οὐκ
553 2505 586 2540 ἐν
601 2505 651 2554 τῷ
673 2502 902 2549 ἀποθνήσκειν
922 2503 1021 2541 αὐτὸν
1038 2502 1104 2549 λή-

73 2555 175 2603 ψεται
189 2553 234 2591 τὰ
253 2554 390 2602 πάντα,
409 2554 486 2593 οὐδὲ
516 2555 823 2606 συγκαταὲῗήσεται
840 2557 952 2607 ἑαυτῷ
976 2558 997 2600 ἡ
1023 2555 1103 2600 δόξα

74 2606 190 2644 αὐτοῦ.
211 2606 385 2644 Ἐνταῦθα
404 2607 472 2661 γὰρ
490 2607 606 2646 πάντα
626 2607 907 2658 καταλιμπάνει,
925 2605 1005 2651 τοὺς
1028 2608 1102 2646 δού-

72 2660 172 2706 λους,
193 2657 271 2702 τοὺς
295 2660 536 2708 ὑπασπιστὰς,
565 2660 644 2703 τοὺς
664 2659 858 2713 ὑπηρέτας,
880 2659 958 2704 τοὺς
985 2676 1100 2713 παρα·

73 2710 207 2759 σίτους,
227 2711 303 2755 τοὺς
324 2712 496 2760 κόλακας,
519 2712 564 2751 τὰ
588 2712 772 2764 ὀχήματα,
794 2711 872 2755 τοὺς
888 2713 1100 2766 χρυσοχαλί-

71 2779 148 2807 νους
166 2763 307 2812 ἵππους,
330 2764 372 2802 τὰ
395 2767 562 2816 βαλανεῖα
574 2796 584 2813 ,
605 2765 650 2804 τὰ
663 2765 778 2818 χωρία
791 2796 800 2813 ,
819 2765 896 2809 τούς
914 2765 1099 2832 χρυσωρό-

72 2832 153 2868 φους
173 2816 297 2865 οἴκους,
335 2818 378 2856 τὰ
407 2818 620 2871 ε’ψηφωμένα
649 2820 758 2870 ἐδάφη
773 2849 782 2866 ,
805 2818 867 2864 τὴν
905 2819 1098 2868 βασιλειαν,

70 2868 133 2915 τὴν
163 2868 332 2916 ἐξουσίαν,
353 2869 415 2917 τὴν
445 2871 659 2917 δεσποτείαν,
680 2872 796 2909 πάντα
817 2873 963 2909 ἐνταῦθα
984 2887 1099 2908 κατα-

68 2922 254 2971 λιμπάνει,
275 2922 334 2960 καὶ
350 2924 477 2990 γυμνὸς
497 2923 700 2976 ἀπέρχεται.
717 2923 787 2962 Καὶ
805 2924 972 2975 ὑπάρχων
993 2926 1027 2961 ἐν
1048 2926 1098 2975 τῷ

69 2974 149 3025 ᾅδῃ,
171 2975 303 3026 ἐπάρας
321 2991 398 3019 τους
416 2976 624 3027 ὀφθαλμούς.
646 2976 885 3031 Ἰίνθυμήθητι
899 3005 908 3022 ,
942 2977 989 3019 εἷς
1017 2976 1096 3014 ὅσον

70 3027 173 3077 βάθος
199 3030 353 3080 ὑπῆρχεν
378 3031 395 3066 ὃ
415 3030 598 3076 πλούσιος,
619 3031 666 3073 εἷς
686 3027 721 3067 δὲ
743 3033 810 3067 οἷον
835 3027 919 3079 ὕψος
940 3032 957 3066 ὃ
975 3028 1093 3072 πένης.

68 3080 137 3133 {Sal
157 3081 307 3131 ἐπάρας,
328 3081 434 3132 φησὶ,
450 3080 528 3123 τοὺς
547 3081 744 3132 ὀφθαλμοὺς
764 3083 866 3119 αὐτοῦ
880 3084 897 3118 ὁ
912 3079 1094 3127 πλούσιος,

68 3133 136 3170 εἶδε
152 3133 209 3170 τὸν
229 3133 408 3186 Ἀὲραὰμ,
430 3133 490 3171 καὶ
504 3134 662 3188 Λάζαρον
679 3136 713 3172 ἐν
733 3140 802 3176 τοῖς
819 3133 960 3176 κόλποις
976 3135 1092 3170 αὐτοῦ.

67 3184 135 3222 Διὰ
153 3185 187 3222 τί
206 3184 273 3238 γὰρ
294 3185 342 3235 μὴ
361 3189 378 3223 ὃ
396 3186 555 3238 Λάζαρος
576 3189 642 3224 εἶδε
662 3187 720 3225 τὸν
740 3185 925 3233 πλούσιον,
942 3183 1089 3230 Ἐπειδὴ

67 3241 84 3275 ὁ
104 3240 136 3275 ἓν
156 3240 205 3288 τῷ
223 3238 311 3290 φωτὶ
329 3238 509 3290 τυγχάνων
526 3240 582 3277 τὸν
603 3241 638 3277 ἐν
657 3242 707 3292 τῷ
727 3238 843 3277 σκότει
863 3238 945 3276 ὄντα
959 3239 996 3275 οὗ
1014 3237 1091 3288 βλέ-

116 3358 131 3381 b
157 3362 254 3391 ἐλαίου
272 3359 363 3398 Mss.,
382 3362 464 3393 ἐὶ-έου
483 3358 583 3391 Savil.

1122 1788 1169 1813 115

1135 1826 1160 1855 A

2088 185 2178 246 759

1186 279 1333 315 dientes
1344 291 1431 314 eam
1439 279 1552 328 quasi
1567 277 1807 324 ckesaurum,·
1822 279 2176 333 loetiautcmfiunt,

1185 332 1220 367 si
1232 331 1379 380 suerint
1397 332 1625 380 consequuti
1642 344 1653 364 .-
1672 343 1774 367 mors
1787 334 1889 367 enim
1906 335 1994 370 viro
2008 338 2175 386 requies.

1186 380 1262 418 Sed
1275 389 1311 417 et
1325 382 1518 431 cupiebat,
1536 380 1650 430 inquit
1667 411 1676 428 ‚
1693 386 1863 420 saturari
1879 385 1926 420 de
1945 388 2066 431 micis,
2091 402 2177 438 quse

1188 433 1381 470 cadebant
1395 433 1442 469 cle
1459 447 1592 470 mensa
1611 434 1741 471 divitis
1756 449 1765 470 .·
1783 443 1819 471 et
1840 450 1948 473 nemo
1966 438 2028 474 illi
2043 440 2175 478 dabat.

1188 485 1220 522 Ο
1234 485 1316 522 vitze
1337 485 1509 522 rationem
1525 485 1723 523 inauditam
1739 484 1746 523 1
1763 487 1864 524 dives
1884 488 2032 538 quidem
2049 492 2181 541 opilius

1189 537 1448 586 circumfluens,
1464 537 1601 575 deliciis
1610 553 1684 576 sese
1697 539 1982 590 ingurgitabatet
1995 542 2182 581 helluaba-

1188 598 1247 626 tur
1260 605 1270 638 ;
1291 604 1425 642 pauper
1439 600 1556 628 autem
1570 590 1626 628 cui
1644 605 1686 628 ne
1701 601 1799 642 gutta
1814 592 1958 642 quidem
1974 608 2082 644 opum
2098 610 2181 648 sup-

1187 643 1353 694 petebat,
1371 644 1590 695 paupertatis
1616 653 1702 681 :estu
1721 645 1876 682 torridus
1896 648 2179 686 contabescebat.

1188 694 1308 740 Quare
1331 709 1413 733 vero
1439 710 1507 733 non
1534 696 1606 733 illis
1631 696 1812 734 moderata
1839 712 1920 735 cum
1945 701 2182 751 prosperitate

1188 748 1320 798 obtigit
1338 748 1420 786 vitae
1444 763 1568 787 cursus
1598 763 1679 786 cum
1710 759 1833 787 mutuo
1853 751 1943 787 inter
1958 766 1993 789 se
2008 766 2181 791 commer-

1189 800 1243 838 cio
1264 801 1489 839 transactus?
1518 803 1568 839 Ut
1597 802 1767 839 nimirum
1793 803 1969 840 illustrem
2001 806 2180 856 patientiae

1188 865 1353 891 coronam
1376 868 1512 906 pauper
1535 854 1734 906 acciperem
1758 855 1860 894 dives
1888 866 2007 894 autem
2028 858 2181 897 efferatae

1187 905 1313 943 animae
1340 921 1411 943 suae
1428 907 1573 945 acerbas
1590 921 1678 945 uvas
1698 907 1770 945 suis
1785 907 1953 946 dentibus
1980 911 2179 950 manderet.

1185 958 1261 996 Sed
1277 967 1313 996 et
1332 973 1448 997 canes
1477 963 1677 997 venientes
1703 961 1903 1013 lingebant
1934 962 2065 1000 ulcera
2081 967 2177 1017 ejus.

1187 1010 1437 1050 Ge11e1·05iores
1455 1011 1569 1050 divite
1587 1027 1689 1050 canes
1703 1044 1712 1056 ,
1732 1014 1808 1065 ejus
1828 1014 2088 1054 inhumanitate
2108 1031 2181 1055 me—

1185 1063 1304 1103 liores.
1320 1065 1387 1102 Illo
1409 1080 1452 1103 ne
1469 1074 1607 1116 guttam
1633 1065 1782 1116 quidem
1805 1066 1873 1104 olei
1894 1069 2042 1119 pauperi
2057 1083 2179 1121 asper-

1186 1126 1305 1167 gente,
1324 1131 1425 1155 canes
1455 1118 1616 1156 dentium
1638 1119 1822 1170 cuspidem
1842 1119 2062 1158 humanitate
2083 1123 2179 1159 mol-

1186 1169 1334 1219 lientes,
1366 1184 1448 1208 eum
1469 1180 1588 1208 tenera
1616 1171 1740 1222 lingua
1772 1173 1948 1210 curabant
1967 1183 2030 1210 :ut
2060 1176 2181 1213 sordes

1185 1235 1305 1260 omnes
1320 1232 1426 1273 atque
1445 1224 1635 1262 vulnerum
1653 1225 1729 1275 ejus
1746 1239 1887 1262 omnem
1900 1225 2034 1263 saniem
2047 1227 2181 1266 abster-

1185 1284 1303 1325 gentes
1318 1305 1328 1325 ,
1347 1285 1380 1313 et
1396 1276 1523 1314 acerba
1542 1277 1619 1328 ejus
1637 1277 1756 1314 ulcera
1783 1277 1937 1316 laevitate
1956 1278 2087 1329 linguae
2106 1281 2177 1318 mi—

1184 1328 1349 1378 tigantes,
1372 1330 1448 1381 ejus
1466 1329 1659 1367 vulnerum
1678 1329 1817 1367 dolores
1842 1330 2108 1369 subtraherent.
2131 1336 2179 1372 At

1183 1380 1244 1417 ille
1268 1380 1368 1419 dives
1395 1395 1438 1419 nc
1471 1391 1613 1433 aspectu
1646 1381 1791 1432 quidem
1816 1383 1958 1434 placido
1983 1399 2178 1437 pauperem

1182 1446 1355 1482 umquam
1383 1433 1600 1485 dignabatur
1615 1464 1624 1479 ,
1653 1448 1763 1485 neque
1800 1436 1912 1473 verbo
1941 1439 2176 1486 quantumvis

1182 1484 1300 1522 inutili
1326 1501 1333 1521 :
1353 1500 1422 1524 non
1449 1486 1509 1523 illi
1527 1496 1663 1524 vestem
1683 1487 1838 1524 laceram
1857 1489 2079 1539 projiciebat,
2102 1505 2173 1529 non

1181 1537 1350 1587 reliquias
1363 1538 1555 1588 tinearum,
1574 1552 1645 1576 non
1661 1549 1889 1577 consumtum
1908 1541 2077 1591 rubigine
2090 1544 2176 1582 obo-

1180 1589 1257 1627 lum
1275 1605 1383 1628 unum
1398 1621 1408 1639 ,
1429 1605 1498 1628 11011
1520 1606 1647 1643 panem
1662 1622 1671 1636 ‚
1693 1606 1764 1629 non
1789 1606 1935 1630 exesum
1953 1608 2098 1632 mucore
2113 1611 2176 1647 pa-

1180 1642 1235 1680 nis
1249 1643 1402 1681 frustum
1413 1674 1422 1692 ,
1440 1642 1502 1681 sed
1517 1645 1636 1682 omnia
1649 1644 1685 1682 in
1699 1654 1863 1683 ventrem
1873 1659 1979 1683 suum
1992 1654 2177 1698 tamquam

1179 1694 1215 1732 in
1237 1710 1437 1748 cauponam
1466 1711 1530 1749 per
1560 1697 1715 1749 gutturis
1743 1697 2018 1736 infundibulum
2047 1700 2176 1739 demit-

1178 1748 1288 1786 tebat.

1233 1812 1268 1847 Q.
1283 1810 1384 1857 Quid
1394 1824 1480 1848 vero
1495 1810 1803 1863 tan(lem?¹Qualia
1820 1812 1992 1863 cujusque
2010 1813 2172 1865 obsonia,

1179 1863 1265 1900 tales
1275 1872 1309 1900 et
1319 1863 1582 1901 retributiones.
1603 1866 1771 1902 Factum
1786 1873 1841 1902 est
1852 1874 1979 1902 autem
1994 1875 2035 1904 ut
2051 1881 2176 1905 more-

1178 1924 1285 1953 retur
1297 1930 1467 1968 pauper,
1495 1926 1530 1954 et
1556 1926 1780 1968 portaretur
1804 1919 1852 1954 ab
1878 1919 2028 1969 angelis
2054 1922 2094 1956 in
2116 1923 2174 1957 si—

1179 1982 1269 2005 num
1308 1970 1497 2006 Abralzoe.
1529 1969 1606 2008 Vix
1636 1969 1828 2019 aliquando
1856 1971 2002 2008 tandem
2027 1972 2072 2009 ab
2106 1973 2174 2011 1136

1176 2020 1373 2072 procellosa
1412 2031 1620 2073 paupertate
1653 2022 1838 2071 liberatus,
1869 2023 1906 2059 in
1938 2025 2173 2074 tranquillum

1176 2073 1330 2111 Abrahae
1352 2083 1497 2126 portum
1517 2089 1651 2126 pauper
1666 2075 1825 2112 invectus
1843 2084 1906 2113 est.
1928 2078 2095 2114 Factum
2116 2087 2171 2116 est
2186 2095 2264 2124 Luc.
2284 2098 2328 2127 ,6,

1175 2126 1284 2172 enin]j
1310 2127 1440 2177 inquit,
1464 2136 1505 2164 ut
1533 2136 1745 2165 moreretur
1763 2129 1953 2174 Lazarus,
1978 2137 2014 2166 et
2030 2139 2169 2180 porta-
2185 2144 2237 2165 22.

1173 2188 1281 2216 retur
1302 2182 1351 2217 ab
1381 2180 1531 2231 angelis
1556 2183 1597 2216 in
1625 2183 1750 2218 sinum
1776 2179 1963 2218 Ahralzoe.
1990 2182 2104 2220 Vides
2131 2193 2170 2222 ut

1174 2241 1253 2282 post
1282 2232 1479 2270 discessum
1507 2247 1553 2270 ex
1580 2232 1648 2270 hac
1680 2233 1776 2282 vita,
1806 2242 1996 2285 paupertas
2026 2236 2168 2286 angelos

1173 2285 1302 2322 habeat
1327 2285 1541 2337 stipatores?
1567 2285 1727 2323 Accidit
1765 2294 1909 2332 autem,
1936 2295 1978 2323 ut
2003 2296 2038 2324 et
2059 2289 2166 2327 dives

1174 2347 1383 2376 moreretur
1424 2347 1461 2375 et
1485 2339 1721 2390 sepeliretur.
1751 2337 1881 2376 Statim
1901 2338 1946 2375 de
1973 2339 2087 2378 divite
2105 2355 2164 2379 sc—

1172 2391 1357 2442 pulturam
1385 2391 1694 2438 commemoravit3
1714 2390 1909 2428 secundum
1932 2391 1970 2428 id
1991 2393 2088 2442 quod
2108 2393 2165 2431 (11-

1172 2452 1268 2481 ctum
1296 2453 1347 2481 est
1365 2458 1386 2481 a
1411 2443 1553 2481 Davide
1573 2460 1581 2481 ε
1605 2446 1640 2481 E
1645 2453 1658 2481 t
1677 2444 1855 2494 sepulcra
1874 2458 2004 2481 eorum
2027 2447 2164 2485 domus
2177 2458 2268 2486 Psal.
2293 2457 2344 2498 48.

1171 2496 1328 2534 illorum
1359 2499 1401 2533 in
1430 2505 1626 2534 [eternum.
1664 2497 1853 2547 Propterea
1887 2496 2021 2534 dicitur
2052 2499 2119 2536 tibi
2152 2510 2190 2536 :¹
2201 2510 2229 2529 2·
2249 2509 2296 2537 17·
2320 2500 2366 2529 18-

1170 2549 1349 2597 Mendice,
1377 2551 1436 2586 Ne
1462 2552 1647 2594 timueris,
1677 2562 1764 2585 cum
1792 2550 1898 2586 dives
1915 2551 2048 2600 factus
2061 2553 2163 2604 fue—

1169 2605 1221 2639 rit
1240 2604 1353 2639 Ιιοιηο
1374 2617 1381 2637 :
1400 2604 1598 2654 quoniam,
1616 2615 1702 2638 cum
1722 2603 1924 2648 interierit,
1944 2616 2022 2639 non
2041 2614 2165 2643 sumet

1172 2657 1304 2691 omnia
1327 2670 1338 2690 :
1362 2667 1484 2705 neque
1509 2655 1713 2691 descendet
1741 2667 1828 2691 cum
1855 2668 1898 2691 eo
1918 2655 2047 2706 gloria
2068 2659 2162 2709 ejus.

1168 2707 1236 2745 Hic
1251 2707 1344 2745 enim
1359 2706 1474 2744 omnia
1492 2706 1721 2756 derelinquit,
1739 2721 1873 2756 servos,
1895 2707 2076 2757 satellites,
2095 2710 2163 2747 mi-

1168 2758 1501 2810 nistros,parasitos‚
1513 2758 1728 2808 adulatores,
1759 2773 1897 2806 currus,
1914 2774 2022 2810 equos
2047 2762 2163 2801 aureis

1168 2813 1274 2850 frenis
1283 2820 1436 2860 ornatos,
1448 2812 1588 2855 balnea,
1597 2811 1874 2863 praedia,domos
1886 2813 2000 2851 aureis
2013 2814 2161 2864 laquea—-

1168 2866 1268 2902 ribus
1297 2864 1517 2916 splendidas,
1547 2864 1716 2902 distincta
1744 2865 1877 2917 lapillis
1912 2880 1952 2904 ac
1982 2868 2163 2906 tesserulis

1168 2918 1385 2969 pavimenta,
1397 2930 1558 2968 regnum,
1568 2917 1777 2969 potentiam,
1792 2917 2031 2969 dominatum7
2043 2921 2162 2958 omnia

1167 2970 1226 3007 hic
1245 2970 1474 3020 derelinquit,
1499 2979 1532 3008 et
1560 2970 1679 3008 nudus
1698 2970 1868 3008 abscedit.
1895 2971 1943 3008 Et
1970 2986 2050 3009 cum
2073 2983 2309 3014 essctLuc.16.

1166 3022 1203 3060 111
1238 3023 1392 3069 inferno,
1431 3024 1606 3061 Elevans
1639 3024 1770 3061 oculos
1808 3038 1908 3061 suos.
1945 3025 2086 3075 Cogitat
2124 3026 2159 3064 in
2175 3029 2225 3056 23.

1166 3085 1296 3125 quanta
1326 3076 1570 3127 profunditate
1593 3085 1796 3113 versaretur
1818 3076 1932 3124 dives,
1968 3077 2004 3115 in
2028 3088 2160 3127 quanta

1164 3142 1248 3166 vero
1265 3128 1454 3166 altitudine
1473 3143 1619 3180 pauper.
1639 3130 1692 3166 Et
1717 3129 1887 3178 elevans,
1909 3130 2039 3179 inquit,
2063 3145 2158 3167 ocu-

1165 3183 1221 3219 los
1236 3195 1324 3219 suos
1340 3182 1458 3228 dives,
1481 3183 1585 3219 vidit
1600 3182 1825 3227 Abraham,
1845 3191 1882 3219 et
1902 3184 2098 3219 Lazarum
2116 3185 2158 3219 in

1163 3238 1250 3274 sinu
1273 3237 1365 3286 ejus.
1388 3234 1462 3272 Cur
1483 3248 1554 3273 non
1575 3235 1728 3272 Lazarus
1748 3234 1895 3273 divitem
1924 3234 2041 3274 vidit?
2056 3235 2158 3281 Quo—
