2522 3683
352 210 443 257 552
793 225 831 254 s.
870 224 1055 254 ,ιοΑΝΝιε
1088 224 1326 254 οιιῐιγεοετ.
1366 224 1571 255 AncfflEP.
1610 223 1965 254 consummo?

351 306 461 344 nostri
480 308 564 346 Jesu
594 305 742 356 Christi,
763 306 910 357 quicum
934 307 1031 345 Patri
1052 306 1184 358 gloria,
1205 305 1332 344 simul-
1397 307 1457 345 καὶ
1478 310 1578 358 ἡμεῖς
1593 305 1609 325 b
1621 305 1680 343 ἐὰν
1695 310 1771 349 ταῖς
1792 309 1861 344 τῶν
1876 307 2032 353 πενήτων
2054 305 2324 356 συνεισέλΟωμεν
2340 307 2420 344 ἐπι*

351 382 418 418 que
443 368 596 420 Spiritui
611 368 793 419 sancto,in
812 367 939 406 saccula
956 369 1181 406 saeculorum.
1202 370 1328 405 Amen.
1398 367 1569 419 κουρίαις,
1590 366 1867 419 φιλοσοφήσομεν
1897 367 2063 414 εὐκόλως,
2098 366 2157 404 καὶ
2188 368 2225 404 οὐ
2247 366 2422 416 θαυμασό-

1401 432 1489 479 μεθα
1507 429 1669 475 πλοῦτον,
1692 427 1767 466 οὐδὲ
1793 427 1883 479 μέγα
1905 444 1938 465 τι
1958 428 2001 465 τὰ
2025 426 2181 479 παρόντα
2201 427 2423 479 ἡγησόμεθα,

1355 497 1380 526 D
1401 489 1490 527 ἀλλὰ
1506 488 1815 542 καταφρονήσομεν
1835 487 1988 535 πάντων,
2005 488 2064 526 καὶ
2083 488 2264 539 μετάρσιοι
2282 487 2425 537 γενόμε-

1401 566 1451 588 νοι
1473 549 1556 601 πρὸς
1579 550 1636 588 τὸν
1653 550 1807 602 οὐρανὸν,
1824 549 1973 592 εὐκόλως
1987 548 2236 600 ἐπιτευξόμεθα
2254 551 2322 586 τῶν
2343 549 2425 586 αἰω-

1402 611 1482 648 νίων
1513 613 1669 662 ἀγαθῶν,
1698 609 1818 662 χάριτι
1849 609 1909 647 καὶ
1940 610 2181 662 φιλανθρωπίᾳ
2207 613 2267 647 τοῧ
2297 608 2426 660 Κυρίου

1403 675 1503 723 ἡμῶν
1530 672 1646 719 Ἰησοῦ
1674 673 1826 724 Χριστοῦ
1843 701 1852 718 ,
1890 672 1964 722 μεθ’
1988 665 2026 708 οῧ
2059 673 2108 722 τῷ
2133 669 2251 721 Πατρὶ
2279 673 2299 716 ἡ
2325 668 2426 717 δόξα,

1405 733 1479 784 ἅμα
1490 736 1538 785 τῷ
1559 732 1646 785 ἁγίῳ
1664 731 1863 784 Πνεύματι,
1880 734 1926 776 εἷς
1945 730 2021 775 τοὺς
2047 733 2173 774 αἰῶνας
2191 734 2260 769 τῶν
2278 729 2424 768 αἰώνων.

1404 793 1525 844 Ἀμήν.

397 877 413 901 b
438 875 500 908 Alii
517 882 567 911 ἐὰν
583 882 612 910 ἐν
632 885 694 915 ταῖς
708 886 776 911 τῶν.

624 1095 833 1134 HOMILIA
862 1093 1054 1132 LXXXII.
1773 1096 1951 1133 ΟΜΙΛΙΑ
1980 1094 2054 1132 τπδ’.

350 1216 680 1257 ΟΑΡ.ΧῨΙΙΝ.14.
694 1219 778 1269 Ego
798 1218 887 1254 dedi
903 1219 957 1255 eis
974 1230 1188 1254 sermonem
1208 1225 1329 1263 tuum,
1404 1216 1500 1268 Ἐγὼ
1521 1215 1655 1254 δέδωκα
1673 1217 1789 1259 αὐτοῖς
1808 1215 1865 1255 τὸν
1885 1217 1986 1267 λόγον
2003 1231 2079 1264 σου,
2095 1215 2154 1254 καὶ
2174 1218 2191 1254 ὃ
2210 1215 2338 1268 κόσμος
2353 1217 2427 1267 ἐμί-

401 1288 438 1316 et
457 1280 621 1316 mundus
641 1292 703 1317 eos
724 1280 810 1315 odio
835 1280 985 1325 hahuit,
1005 1280 1100 1330 quia
1129 1291 1206 1315 non
1243 1285 1334 1315 sunt
1457 1293 1561 1324 σησεν
1582 1275 1704 1321 αὐτοὺς
1717 1309 1728 1324 ,
1746 1276 1801 1316 ὅτι
1819 1279 1880 1315 οὒκ
1902 1277 1987 1315 εἰσὶν
2006 1279 2045 1314 ἐκ
2064 1280 2122 1314 τοῦ
2143 1276 2294 1328 κόσμου,
2315 1277 2427 1321 καθὼς

401 1341 448 1377 de
461 1341 618 1387 mundo,
643 1342 741 1378 sicut
760 1353 826 1391 ego
848 1353 925 1376 non
941 1353 1026 1377 sum
1050 1340 1097 1376 de
1119 1339 1275 1376 mundo.
1458 1337 1526 1389 ἐγὼ
1542 1341 1603 1377 οὐκ
1624 1339 1695 1390 εἰμὶ
1711 1342 1750 1378 ἐκ
1769 1341 1827 1377 τοῦ
1854 1338 2000 1390 κόσμου.

403 1465 440 1500 ’1.
461 1463 552 1500 Cum
567 1462 698 1500 virtute
717 1461 859 1514 praediti
880 1476 899 1499 a
914 1461 1068 1500 scelestis
1091 1475 1277 1510 vexamur,
1299 1470 1333 1499 et
1353 1469 1377 1499 E
1457 1463 1567 1502 “Ὀταν
1588 1465 1742 1516 ἓνάρετοι
1775 1466 1953 1517 γενόμενοι
1987 1464 2192 1515 διωκώμεθα
2228 1463 2324 1516 παρὰ
2357 1466 2426 1502 τῶν

348 1523 492 1561 virtutis
525 1523 673 1561 studiosi
693 1524 738 1560 al)
760 1523 832 1560 illis
867 1523 1084 1572 deridemur,
1106 1536 1150 1560 ne
1172 1522 1211 1559 id
1242 1535 1334 1573 aegre
1402 1529 1576 1578 πονηρῶν,
1593 1526 1728 1572 καὶτῆς
1745 1528 1870 1578 ἀρετῆς
1887 1526 2060 1578 ἐφιέμενοι
2075 1525 2326 1577 χλευαζώμεθα
2343 1526 2427 1576 παρ’

349 1585 407 1622 vel
424 1585 569 1623 moleste
587 1586 751 1623 seramus.
775 1585 856 1622 Haec
873 1585 1006 1637 quippe
1032 1593 1157 1622 natura
1188 1585 1334 1622 virtutis
1401 1586 1554 1633 ἐκείνων,
1576 1586 1623 1637 μὴ
1645 1586 1803 1637 ἀλύωμεν
1826 1587 1914 1637 μηδὲ
1935 1586 2226 1638 δυσχεραίνωμεν.
2249 1585 2426 1631 Τοιαύτην

349 1655 413 1694 est,
431 1660 508 1696 quae
527 1646 658 1696 ubique
676 1646 773 1697 apud
795 1645 977 1697 improbos
998 1645 1122 1682 odium
1141 1659 1264 1696 parere
1279 1659 1333 1682 so·
1400 1648 1468 1701 γὰρ
1488 1649 1526 1687 τὸ
1541 1655 1688 1701 πρᾶγμα
1709 1647 1773 1694 τὴν
1793 1647 1894 1700 φύσιν
1917 1648 2008 1699 ἔχει,
2032 1647 2091 1685 καὶ
2124 1650 2304 1698 πανταχοῦ
2330 1653 2428 1697 μῖσος

350 1707 411 1744 let.
432 1708 522 1744 Cum
541 1707 636 1744 enim
660 1708 768 1758 probe
780 1706 982 1745 viventibus
1001 1707 1199 1756 invideant,
1221 1716 1253 1744 et
1267 1722 1333 1759 pu-
1403 1709 1500 1747 εἴωθε
1520 1710 1649 1748 τίκτειν
1667 1714 1688 1756 ἡ
1714 1709 1820 1761 ἀρετὴ
1853 1709 1951 1760 παρὰ
1972 1714 2042 1751 τοῖς
2059 1713 2232 1760 πονηροῖς.
2253 1709 2427 1747 Φθονοῧν-

350 1777 462 1805 tantes
484 1768 523 1806 id
540 1769 574 1806 in
598 1782 699 1806 suain
720 1768 843 1806 cedere
860 1768 1112 1818 defensionem,
1135 1770 1163 1806 si
1183 1769 1333 1807 aliorum
1343 1797 1390 1823 433
1403 1786 1459 1814 τες
1482 1770 1550 1823 γὰρ
1578 1776 1647 1814 τοῖς
1667 1771 1827 1813 ἐπιεικῶς
1856 1772 1951 1820 βιοῦν
1973 1768 2211 1820 βουλομένοις,
2231 1768 2287 1806 καὶ
2309 1767 2429 1819 οἰόμε-

351 1830 502 1881 gloriam
520 1829 699 1882 dejiciant,
720 1830 870 1867 oderunt
899 1830 991 1879 illos,
1021 1839 1141 1882 utpote
1159 1831 1333 1868 contraria
1355 1835 1379 1863 Α
1403 1847 1455 1869 νοι
1474 1831 1751 1883 παρασκευάζειν
1767 1834 1901 1873 ἑαυτοῖς
1921 1830 2129 1881 ἀπολογίαν,
2146 1829 2203 1868 ἐὰν
2223 1829 2286 1876 τὴν
2302 1829 2428 1881 ἑτέρων

352 1900 534 1939 sectantes,
554 1900 588 1928 et
615 1890 706 1928 nihil
733 1904 802 1928 non
836 1900 958 1941 agunt,
979 1900 1018 1928 ut
1047 1891 1190 1930 illorum
1223 1891 1334 1929 vitam
1404 1891 1503 1936 δόξαν
1530 1891 1777 1937 καταὸάλωσι,
1799 1890 1940 1942 μισοῦσί
1959 1906 1994 1928 τε
2012 1893 2058 1934 ὡς
2072 1890 2115 1928 τὰ
2139 1890 2274 1928 ἐναντία
2290 1889 2429 1941 μετιόν-

351 1952 554 1989 traducant.
575 1954 711 1991 Verum
735 1965 777 1988 ne
801 1951 1007 1990 doleamus:
1030 1952 1121 1989 illud
1143 1952 1238 1989 enim
1254 1953 1332 1990 vir-
1403 1969 1482 2001 τας,
1508 1953 1567 1991 καὶ
1597 1953 1711 1990 πάντα
1733 1953 1943 2004 πράττουσιν
1976 1951 2063 2004 ὑπὲρ
2097 1956 2156 1989 τοῦ
2185 1950 2428 2002 καταισχύνειν

149 2030 239 2057 Joan.
267 2025 313 2055 15,
352 2013 435 2050 tutis
448 2013 622 2050 indicium
645 2021 706 2050 est.
723 2012 808 2049 Ideo
828 2012 876 2049 ait
893 2013 1055 2050 Christus
1072 2029 1079 2049 :
1097 2014 1136 2051 Sz'
1156 2014 1203 2050 de
1223 2028 1333 2051 mun·
1402 2014 1460 2052 τὸν
1499 2014 1570 2065 βίον
1586 2015 1642 2052 τὸν
1664 2013 1814 2052 ἐκείνων.
1833 2013 1937 2052 Ἀλλὰ
1961 2013 2008 2064 μὴ
2029 2015 2192 2064 ἀλγῶμεν
2207 2027 2214 2036 ·
2240 2017 2340 2050 τοῦτο
2360 2011 2426 2063 γὰρ

153 2077 199 2106 ¹9·
349 2074 399 2110 do
421 2076 564 2120 essetis,
588 2074 753 2110 mundus
769 2074 873 2125 quod
898 2087 1009 2110 suum
1029 2083 1084 2111 est
1103 2082 1253 2111 amaret
1269 2092 1281 2119 ;
1299 2083 1333 2112 et
1403 2077 1529 2127 ἀρετῆς
1549 2081 1704 2126 σημεῖον.
1736 2074 1804 2113 Διὰ
1827 2078 1928 2112 τοῦτο
1947 2074 2006 2112 καὶ
2030 2076 2047 2111 ὃ
2066 2073 2218 2125 Χριστός
2239 2087 2361 2125 φησιν·
2383 2073 2427 2110 Εἰ

148 2145 220 2173 Luc.
235 2143 266 2173 6.
281 2141 331 2173 26.
348 2134 432 2171 alibi
447 2149 602 2183 rursum,
620 2136 684 2172 Voe
698 2136 810 2171 vobis
823 2148 910 2171 cum
927 2136 1190 2173 benedixerint
1202 2149 1332 2173 omnes
1401 2138 1440 2174 ἐκ
1458 2140 1517 2174 τοῦ
1545 2137 1676 2186 κόσμου
1697 2131 1758 2182 ἦτε
1772 2166 1782 2183 ,
1802 2138 1819 2173 ὃ
1843 2135 1972 2186 κόσμος
1992 2135 2033 2172 ἂν
2050 2135 2089 2172 τὸ
2113 2134 2199 2172 ἴδιον
2217 2133 2344 2185 ἐφίλει·
2368 2133 2427 2171 καὶ

348 2198 534 2234 homines.
567 2199 753 2247 Propterea
785 2194 844 2232 hic
864 2209 1004 2245 quoque
1031 2195 1119 2232 dicit
1143 2212 1150 2233 .·
1184 2197 1332 2234 Sermo·
1401 2200 1556 2249 ἀλλαχοῦ
1577 2197 1697 2239 πάλιν,
1720 2197 1810 2235 Οὐαὶ
1834 2199 1929 2247 ὑμῖν,
1945 2196 2027 2233 ὅταν
2051 2197 2166 2238 καλῶς
2185 2197 2274 2245 ὑμᾶς
2304 2194 2427 2232 εἴπωσι

349 2273 435 2296 nem
452 2267 557 2296 tuum
570 2259 658 2294 dedi
673 2259 739 2302 eis,
755 2265 791 2293 et
812 2257 978 2294 mundus
998 2270 1060 2294 eos
1077 2257 1163 2293 odio
1177 2258 1327 2295 habuit.
1399 2259 1526 2301 πάντες
1542 2261 1572 2296 οἱ
1591 2259 1778 2311 ἅνθρωποι.
1797 2257 1864 2295 Διὰ
1882 2261 1983 2295 τοῦτο
1996 2256 2054 2294 καὶ
2069 2255 2214 2293 ἐνταῦθα
2233 2271 2335 2308 φησι·
2354 2255 2425 2292 Τὸν

348 2321 576 2369 Rursumque
600 2332 741 2356 eausam
759 2318 863 2354 affert
892 2331 956 2354 cur
974 2326 1070 2355 tanta
1104 2319 1231 2372 Patris
1247 2333 1331 2358 cura
1398 2319 1498 2371 λόγον
1515 2334 1575 2356 σου
1592 2319 1725 2356 δέδωκα
1742 2320 1857 2360 αὐτοῖς
1870 2348 1879 2364 ,
1902 2317 1961 2354 καὶ
1986 2319 2002 2354 ὁ
2031 2316 2159 2366 κόσμος
2176 2316 2341 2366 ἐμίσησεν
2359 2318 2425 2352 αῦ-

348 2380 449 2432 digni
466 2381 548 2418 sint.
571 2381 676 2418 Nam.
691 2388 834 2431 propter
852 2387 899 2422 te,
927 2377 1057 2428 inquit,
1082 2388 1115 2416 et
1135 2394 1331 2418 sermonem
1398 2380 1488 2423 τούς.
1516 2379 1630 2417 Πάλιν
1648 2378 1743 2427 λε’γει
1762 2377 1825 2424 τὴν
1849 2377 1976 2424 αἰτίαν,
1998 2378 2040 2415 δι’
2070 2377 2111 2424 ἣν
2132 2376 2219 2420 ἄξιοί
2244 2379 2310 2414 εἰσι
2337 2377 2427 2415 πολ-

348 2450 450 2479 tuum
471 2442 554 2479 odio
572 2440 685 2478 habiti
707 2449 799 2487 sunt,
828 2439 947 2490 itaque
964 2439 1063 2491 digni
1093 2454 1236 2491 prorsus
1252 2449 1333 2478 sunt
1422 2444 1463 2487 ἧς
1482 2439 1579 2491 παρὰ
1597 2444 1656 2477 τοῦ
1679 2438 1818 2490 Πατρὸς
1842 2437 2042 2488 ἐπιμελείας
2062 2443 2194 2488 τυχεῖν.
2217 2437 2284 2475 Διὰ
2302 2436 2369 2488 γὰρ
2389 2435 2428 2474 σὲ

349 2502 571 2554 providentia
599 2511 671 2540 tua.
689 2501 750 2539 15.
770 2503 860 2539 Non
881 2514 972 2553 rogo
1002 2509 1043 2538 ut
1069 2502 1186 2539 tollas
1202 2515 1264 2539 eos
1286 2502 1333 2539 de
1354 2510 1376 2541 Β
1403 2501 1631 2552 ἐμισήθησαν,
1658 2499 1762 2552 φησὶ,
1788 2499 1847 2537 καὶ
1875 2499 1932 2537 τὸν
1954 2498 2058 2550 ιλόγον
2080 2498 2137 2536 τὸν
2165 2498 2241 2537 σόν·
2271 2497 2361 2535 ὥστε
2382 2497 2428 2535 δί·

351 2564 506 2610 mmulo,
521 2563 588 2600 sed
598 2572 637 2600 ut
651 2576 777 2600 serves
797 2575 859 2599 eos
873 2562 1027 2598 amalo.
1046 2562 1183 2599 Rursus
1200 2576 1333 2600 sermo·
1403 2578 1495 2601 καιοι
1515 2562 1630 2609 πάσης
1647 2561 1686 2598 ἂν
1705 2555 1769 2598 εἶεν
1787 2562 1983 2599 ἀπολαῦσαι
2013 2559 2188 2611 προνοίας.
2214 2562 2292 2598 Οὐκ
2308 2561 2427 2611 ἐρωτῶ

351 2636 431 2660 nem
465 2624 621 2675 explicat
658 2633 692 2660 et
725 2622 911 2660 clariorem
945 2621 1065 2660 reddit
1094 2638 1102 2658 :
1138 2637 1208 2673 quo
1241 2623 1332 2661 nihil
1401 2623 1457 2661 ἰ’να
1478 2623 1564 2674 ἄρῃς
1581 2622 1702 2666 αὐτοὺς
1717 2623 1758 2659 ἐκ
1774 2625 1832 2659 τοῦ
1849 2621 1980 2671 κόσμου
1994 2648 2003 2666 ,
2020 2621 2094 2658 ἀλλ’
2113 2620 2168 2658 ἵνα
2185 2620 2340 2672 τηρήσῃς
2360 2621 2428 2657 αὔ-

351 2684 451 2721 aliud
471 2685 640 2733 declarat,
663 2698 769 2734 quam
803 2698 839 2721 se
862 2683 1012 2720 multam
1038 2683 1183 2721 illorum
1213 2698 1335 2722 curam
1403 2684 1481 2727 τοὺς
1497 2687 1535 2722 ἐκ
1554 2688 1612 2721 τοῦ
1631 2686 1796 2734 πονηροῦ.
1817 2682 1931 2719 Πάλιν
1952 2681 2131 2733 σαφηνίζει
2152 2682 2209 2719 τὸν
2229 2681 2343 2732 λόγον,
2363 2680 2427 2718 πά-

352 2743 492 2791 habere,
523 2744 617 2793 quod
648 2744 726 2781 illos
762 2753 836 2781 tam
868 2743 1057 2794 diligenter
1094 2744 1330 2782 commendet.
1402 2747 1456 2783 λιν
1474 2744 1676 2796 τρανότερον
1708 2742 1905 2795 ἐργάζεται·
1926 2742 2011 2794 ὅπερ
2032 2743 2127 2780 οὐδὲν
2150 2742 2234 2779 ἄλλο
2254 2742 2345 2780 ἐστὶν
2375 2743 2427 2779 ἐν·

354 2803 462 2853 Atqui
497 2804 570 2854 ipse.
589 2804 743 2853 dicebat,
774 2806 915 2841 Patrem
942 2804 1059 2841 omnia
1082 2818 1160 2854 quae
1182 2804 1250 2856 ipsi
1272 2819 1334 2856 pe-
1404 2804 1643 2856 δεικνυμένου,
1664 2803 1686 2850 ἢ
1717 2803 1770 2843 ὅτι
1796 2803 1928 2850 πολλὴν
1961 2805 2074 2840 αὐτῶν
2094 2809 2244 2840 ποιεῖται
2278 2805 2428 2853 κηδεμο-

353 2864 473 2901 tierint
489 2865 667 2901 facturum
681 2880 774 2915 esse,
795 2864 971 2915 quomodo
985 2879 1068 2915 ergo
1086 2865 1145 2902 hie
1171 2880 1236 2918 pro
1263 2866 1335 2904 illis
1405 2868 1499 2913 νίαν,
1519 2869 1569 2918 τῷ
1589 2865 1677 2916 μετὰ
1713 2863 1891 2916 ἀκριὸείας
1924 2867 2096 2902 ποιεῖσθαι
2123 2863 2185 2909 τὴν
2206 2863 2292 2916 ὑπὲρ
2315 2867 2428 2902 αὐτῶν

354 2925 482 2976 rogat?
499 2926 606 2963 Nulla
622 2926 703 2972 alia,
724 2935 763 2963 ut
780 2926 873 2974 dixi,
895 2926 940 2963 de
960 2940 1074 2975 causa,
1094 2941 1201 2977 quain
1220 2937 1258 2965 ut
1280 2927 1336 2967 di-
1406 2928 1639 2980 παράκλησιν.
1657 2926 1725 2965 Καὶ
1744 2925 1811 2975 μὴν
1831 2924 1931 2968 αὐτὸς
1946 2926 2072 2976 ἔλεγεν,
2092 2925 2144 2962 ὅτι
2163 2924 2277 2963 πάντα
2290 2925 2428 2971 ποιήσει

354 2987 539 3024 lectionem
557 3000 656 3023 suam
672 2986 897 3024 demonstret.
919 2990 979 3025 16.
997 2989 1059 3025 De
1085 2991 1229 3026 mundo
1259 3003 1337 3027 non
1406 2993 1448 3028 ³¹5
1464 2989 1609 3040 Πατὴρ,
1625 2986 1689 3025 ὅσα
1715 2986 1754 3023 ἂν
1775 2986 1958 3032 αἰτήσωσι.
1981 2987 2064 3029 Πῶς
2083 2980 2141 3023 οῧν
2166 2987 2312 3023 ἐνταῦθα
2329 2986 2429 3028 αὐτὸς

157 3058 328 3098 Joan.17.6
355 3050 561 3094 sunt‚sicut
574 3061 640 3098 ego
659 3060 733 3082 non
748 3061 831 3084 sum
840 3048 1052 3085 demando.
1068 3049 1140 3085 Cur
1153 3063 1235 3100 crgo
1250 3050 1337 3087 alibi
1407 3050 1492 3102 ὑπὲρ
1513 3051 1624 3088 αὐτῶν
1641 3049 1838 3099 παρακαλεῖ
1854 3064 1861 3093 ;
1883 3047 1993 3085 Οὐδὲν
2023 3047 2127 3093 ἄλλο,
2148 3046 2232 3098 ὅπερ
2265 3046 2348 3098 ἔφην
2363 3076 2373 3092 ,
2405 3046 2428 3091 ἢ

355 3109 464 3158 dixit,
500 3110 600 3159 Quos
617 3109 755 3144 dedisti
775 3109 868 3144 mihi
888 3109 934 3144 [le
949 3111 1105 3159 mundo,
1129 3114 1184 3147 ιιιὶ
1198 3116 1337 3149 erant?
1407 3111 1471 3157 τὴν
1491 3111 1630 3162 ἀγάπην
1649 3107 1914 3158 ἐνδεικνύμενος.
1935 3109 2001 3145 Ἐκ
2019 3112 2079 3145 τοῦ
2099 3107 2230 3157 κόσμου
2251 3108 2313 3144 οὐκ
2342 3107 2427 3153 εἶσὶ,

356 3171 436 3209 Illic
452 3170 496 3208 de
512 3179 633 3207 natura
651 3169 859 3219 loquebatur
877 3169 958 3215 ;lu'e
976 3169 1019 3206 de
1033 3171 1198 3221 operibus
1218 3172 1334 3209 malis.
1409 3171 1520 3215 καθὼς
1540 3170 1608 3222 ἐγὼ
1628 3172 1689 3208 οὐκ
1708 3169 1780 3220 εἰμὶ
1800 3171 1838 3207 ἐκ
1856 3174 1915 3207 τοῦ
1940 3170 2083 3219 κόσμου.
2103 3171 2186 3211 Πῶς
2200 3162 2258 3205 οῧν
2273 3169 2428 3220 ἀλλαχοῦ

358 3233 404 3269 Et
419 3232 523 3283 longo
537 3231 617 3270 illos
628 3230 786 3268 encomio
806 3229 957 3267 celebrat
975 3245 982 3265 ε
1004 3231 1135 3282 primo,
1154 3232 1249 3282 quod
1269 3246 1336 3269 non
1408 3249 1525 3286 φησιν,
1542 3231 1613 3275 Οὒς
1623 3229 1753 3274 ἔδωκάς
1768 3245 1826 3281 μοι
1837 3231 1875 3268 ἐκ
1892 3233 1951 3268 τοῦ
1968 3229 2098 3280 κόσμου
2110 3257 2119 3274 ,
2139 3228 2192 3267 σοὶ
2207 3223 2296 3275 ἦσαν
2308 3245 2317 3276 3
2331 3230 2429 3266 Ἐκεῖ

357 3294 427 3331 sint
451 3293 496 3331 de
522 3292 677 3342 mundo3
699 3291 842 3337 deinde,
864 3291 960 3342 quod
980 3291 1054 3342 ipse
1071 3292 1149 3330 illos
1180 3292 1331 3342 dederit,
1358 3301 1382 3332 C
1411 3293 1473 3344 μὲν
1493 3293 1556 3339 τὴν
1573 3291 1673 3344 φύσιν
1693 3290 1820 3342 λέγων,
1849 3292 1995 3329 ἐνταῦθα
2016 3289 2049 3327 δὲ
2070 3288 2149 3341 περὶ
2177 3288 2333 3340 πράξεων
2358 3303 2421 3327 πο-

403 3411 414 3423 =
441 3399 499 3431 Alii
518 3405 531 3433 ὁ
548 3406 647 3444 πατὴρ
666 3404 741 3444 ἅτε-,ε
761 3405 909 3437 αἰτήσωσι.
