2481 3678
86 1694 110 1712 1.
134 1685 205 1712 Cor.
239 1695 264 1721 1·

302 250 388 311 178
751 261 788 290 s.

293 346 439 383 Scimus
453 346 545 396 quia
564 356 589 380 a
604 343 687 380 Deo
707 344 850 381 venisti
864 345 1057 394 magister,
1076 341 1144 380 hoc
1155 340 1273 393 ipsum

292 406 354 443 ille
383 404 539 456 corrigit,
561 417 602 441 ac
623 403 651 441 si
671 403 787 440 dicat:
809 403 861 440 Ne
882 411 983 454 putes
1000 416 1056 440 me
1085 402 1133 439 ita
1161 400 1275 451 magi-

291 476 405 504 strum
426 479 499 504 esse
522 474 562 502 ut
578 464 681 502 multi
701 463 894 515 prophetae,
915 462 976 513 qui
995 462 1038 501 de
1056 472 1147 501 terra
1164 470 1272 500 erant.

293 526 351 564 Ex
402 526 495 575 caelos
524 538 675 574 namque
704 522 819 559 venio.
853 522 1110 573 Prophetarum
1142 523 1275 576 quippe

292 586 412 623 nullus
433 600 471 623 eo
490 583 645 623 ascendit
662 599 673 633 3
694 596 757 634 ego
774 582 848 619 illic
869 581 1004 621 habito.
1023 583 1155 623 Viden’
1185 598 1274 634 quo-

291 646 397 683 modo
417 645 507 683 illud
532 644 638 682 etiam
665 641 759 692 quod
780 641 974 680 admodum
993 643 1147 682 sublime
1175 643 1273 683 vide-

292 715 350 743 tur
382 719 476 753 esse,
509 705 583 756 ejus
612 702 856 753 magnitudine
881 701 1169 754 indignissimum
1201 703 1273 741 sit?

291 767 369 804 Non
388 775 525 803 tantum
545 764 638 802 enim
662 764 698 801 in
719 764 804 801 caelo
823 772 890 812 est,
910 763 971 801 sed
992 763 1098 802 etiam
1117 764 1248 816 ubique
1262 795 1272 814 ,

289 836 323 863 ct
341 827 458 863 omnia
479 825 612 877 implet.
633 826 769 864 Verum
797 824 914 862 adhuc.
932 839 997 877 pro
1015 824 1187 864 auditoris
1205 825 1273 862 im-

288 887 481 925 becillitate
508 886 675 937 loquitur,
692 895 730 923 ut
751 885 924 938 paulatim
944 886 1045 924 illum
1065 886 1188 938 erigat.
1213 886 1272 924 Fi-

289 948 379 985 lium
394 957 512 985 autem
526 947 681 985 hominis
699 946 758 984 hic
773 960 841 984 non
868 960 1007 985 carnem
1026 947 1190 998 vocavit,
1211 947 1274 986 sed

290 1024 309 1046 ει
328 1009 457 1047 minori
474 1009 669 1046 substantia
688 1022 723 1046 se
742 1018 869 1056 totum,
888 1018 927 1046 ut
945 1009 992 1046 ita
1011 1009 1144 1060 dicam,
1162 1010 1274 1048 nomi-

289 1071 398 1108 navit.
420 1071 514 1108 Solet
543 1070 636 1107 enim
661 1084 752 1122 saepe
776 1084 796 1107 a
814 1069 1013 1115 divinitate,
1034 1084 1124 1122 saepe
1144 1071 1190 1108 ab
1204 1070 1272 1107 hu-

290 1130 479 1178 manitate,
508 1145 543 1168 se
573 1139 686 1168 totum
722 1144 860 1169 vocare.
883 1131 943 1167 44.
975 1131 1029 1168 Et
1055 1134 1153 1169 sicut
1185 1131 1272 1167 Μο-

288 1205 345 1228 ses
368 1191 558 1228 mallavit
574 1198 785 1241 serpentem
810 1193 851 1226 in
874 1191 1045 1236 deserto,
1074 1193 1131 1227 ita
1163 1191 1274 1227 ewal-

289 1254 365 1287 tari
410 1259 556 1302 oportet
590 1251 739 1287 Filium
781 1251 962 1287 hominis.
1008 1250 1085 1288 Hoc
1130 1264 1274 1287 rursum

284 1309 426 1348 videtur
457 1325 475 1347 a
514 1309 757 1361 superioribus
785 1308 968 1361 alienum3
1000 1308 1062 1347 sed
1089 1323 1170 1347 cum
1201 1309 1274 1348 illis

282 1370 437 1408 maxime
455 1369 636 1407 consentit.
667 1369 758 1407 Cum
784 1367 933 1407 dixisset
959 1369 1054 1408 enim
1074 1369 1273 1407 maximum

281 1444 344 1481 per
363 1430 538 1482 baptisma
559 1429 727 1468 collatum
741 1429 946 1467 hominibus
958 1443 1031 1468 esse
1048 1429 1273 1480 beneficium,

281 1490 381 1529 addit
396 1491 503 1543 hujus
532 1504 689 1538 causam,
705 1504 817 1540 neque
835 1490 935 1528 illam
950 1490 1123 1528 minorem
1135 1520 1146 1540 ,
1175 1490 1271 1528 scili—

283 1561 336 1590 cet
366 1567 428 1604 per
456 1566 606 1590 crucem.
635 1550 947 1598 Quemadmodum
977 1560 1009 1589 et
1038 1551 1171 1588 Paulus
1194 1552 1268 1590 Co·-

826 261 1003 291 JOANMS
1039 257 1278 290 CHRYSOST.
1319 259 1520 289 ARCfflEP.
1558 260 1905 290 CONSTANTm'OP.

1349 339 1431 388 ὃὰς,
1450 341 1468 378 ὁ
1484 341 1564 385 Υἱὸς
1588 345 1647 379 τοῦ
1670 341 1871 392 ἀνθρώπου,
1892 345 1909 380 ὃ
1924 341 1970 379 ὢν
1997 342 2031 378 ἐν
2058 343 2107 393 τῷ
2131 341 2275 392 οὐρανῷ.
2296 339 2366 378 Καὶ

1350 401 1432 440 ποία
1461 400 1547 449 αὕτη
1575 404 1596 448 ἡ
1629 402 1833 450 ἀκολουθία,
1852 401 1952 454 φησί,
1985 399 2167 452 ι’Μεγίστη
2202 399 2263 450 μὲν
2296 394 2366 446 οῦν,

1350 460 1408 498 καὶ
1429 461 1560 514 σφόδρα
1580 468 1650 505 τοῖς
1671 461 1862 514 ἔμπροσθεν
1893 463 2093 514 συνᾴδουσα.
2121 459 2267 506 Ἐπειδὴ
2300 459 2367 512 γὰρ

1349 523 1475 565 ἐκεῖνος
1491 516 1597 570 εἶπεν,
1612 523 1664 561 ὅτι
1681 522 1836 573 Οἴδαμεν
1854 522 1906 560 ὅτι
1929 523 1997 561 ἀπὸ
2013 523 2104 561 Θεοῦ
2126 520 2293 567 ἐλήλυθας
2314 520 2367 557 δι-

1349 583 1542 632 δάσκαλος,
1567 588 1667 623 τοῦτο
1692 583 1773 622 αὐτὸ
1798 584 2009 636 διορθοῦται,
2030 581 2212 634 μονονουχὶ
2237 580 2364 632 λέγων·

1349 643 1397 694 μὴ
1409 644 1552 695 νομίσῃς
1566 662 1608 696 με
1621 644 1726 690 οὕτως
1742 638 1828 683 εἶναι
1845 644 2050 683 διδάσκαλον
2067 647 2112 686 ὡς
2127 642 2204 686 τοὺς
2219 641 2366 685 πολλοὺς

1345 709 1413 744 τῶν
1429 710 1614 759 προφητῶν
1632 706 1700 745 ἀπὸ
1715 709 1776 759 γῆς
1796 707 1905 751 ὄντας.
1921 705 1983 750 Ἐξ
2003 707 2146 757 οὐρανοῦ
2160 704 2228 756 γὰρ
2247 703 2366 756 πάρει-

1348 782 1386 816 μι
1403 770 1473 805 νῦν.
1506 772 1519 787 ⁰
1533 769 1614 806 Τῶν
1641 767 1702 818 μὲν
1725 767 1793 820 γὰρ
1812 769 1997 821 προφητῶν
2025 764 2134 809 οὐδεὶς
2152 764 2366 811 ἀναὸέὸηκεν

1346 829 1436 866 ἐκεῖ·
1454 828 1522 880 ἐγὼ
1544 828 1579 867 δὲ
1602 831 1670 867 ἐκεῖ
1690 829 1869 882 διατρίὸω,
1888 822 1987 871 Εἶδες
2004 829 2078 870 πῶς
2094 825 2153 864 καὶ
2171 825 2211 864 τὸ
2234 825 2365 878 σφόδρα

1296 895 1318 923 D
1346 890 1464 927 δοκοῦν
1482 890 1610 941 ὑψηλὸν
1626 882 1713 928 εῖναι
1726 920 1735 937 ,
1753 890 1884 943 σφόδρα
1904 888 2040 932 ἀνάξιον
2064 889 2164 925 αὐτοῦ
2180 889 2242 932 τ’ῆς
2259 902 2366 938 μεγα-

1345 950 1499 998 λωσύνης
1518 950 1629 998 ἐστίνς
1648 952 1700 989 Οὖ
1723 950 1790 1004 γὰρ
1809 954 1841 990 ἐν
1861 952 1995 1004 οὐρανῷ
2022 948 2122 1000 μόνον
2143 947 2248 995 ἐστὶν,
2278 947 2366 985 ἀλλὰ

1346 1011 1404 1048 καὶ
1420 1015 1619 1063 πανταχοῦ,
1637 1011 1697 1049 καὶ
1716 1012 1831 1050 πάντα
1853 1012 1995 1064 πληροῖ.
2018 1010 2108 1048 Ἀλλ’
2129 1009 2178 1047 ἔτι
2198 1009 2283 1061 πρὸς
2303 1007 2364 1054 τὴν

1347 1070 1523 1109 ἀσθένειαν
1543 1075 1602 1109 τοῦ
1623 1075 1795 1123 ἀκροατοῦ
1812 1071 2027 1123 διαλέγεται,
2051 1069 2141 1108 κατὰ
2159 1069 2281 1121 μικρὸν
2307 1071 2366 1107 αὒ-

1346 1130 1402 1168 τὸν
1420 1131 1558 1182 ἀνάγειν
1587 1131 1802 1182 βουλόμενος.
1832 1132 1915 1170 Υἱὸν
1938 1133 1973 1170 δὲ
1999 1131 2179 1184 ἀνθρώπου
2218 1131 2365 1169 ἐνταῦθα

1347 1193 1383 1229 οὐ
1401 1191 1464 1238 τὴν
1485 1192 1599 1244 σάρκα
1615 1191 1789 1240 ἐκάλεσεν,
1807 1194 1882 1230 ἀλλ’
1902 1192 1970 1230 ἀπὸ
1984 1194 2046 1237 τῆς
2061 1191 2238 1235 ἐλάττονος
2252 1191 2367 1234 οὐσίας

1347 1251 1422 1290 ὅλον
1447 1251 1580 1299 ἑαυτὸν,
1608 1251 1650 1289 ἵν’
1667 1251 1776 1296 οὕτως
1795 1252 1901 1300 εἴπω,
1925 1251 2085 1302 ὠνόμασε
2115 1254 2184 1299 νῦν.
2205 1251 2276 1289 Καὶ
2300 1252 2368 1304 γὰρ

1346 1317 1446 1352 τοῦτο
1465 1313 1537 1356 ἔθος
1567 1315 1680 1366 αὐτῷ,
1708 1313 1876 1357 πολλάκις
1905 1313 1965 1364 μὲν
1996 1313 2066 1351 ἀπὸ
2099 1315 2160 1358 τῆς
2188 1312 2368 1361 θεότητος,

1345 1373 1514 1417 πολλάκις
1545 1372 1580 1411 δὲ
1613 1372 1682 1411 ἀπὸ
1713 1376 1775 1419 τῆς
1806 1373 2070 1426 ἀνθρωπότητος
2086 1372 2125 1411 τὸ
2140 1379 2208 1412 πᾶν
2236 1374 2368 1411 καλεῖν.

1345 1434 1415 1473 Καὶ
1442 1433 1556 1477 καθὼς
1582 1436 1737 1481 Μωϋσῆς
1761 1433 1879 1486 ὕψωσε
1905 1435 1963 1473 τὸν
1993 1434 2067 1486 ὅφιν
2099 1435 2133 1472 ἐν
2159 1437 2201 1485 τῇ
2225 1433 2370 1486 ἐρήμῳ,

1343 1494 1444 1547 φησὶ,
1474 1493 1580 1538 οὕτως
1610 1496 1789 1546 ὑψωθῆναι
1816 1496 1867 1533 δεῖ
1891 1495 1948 1533 τὸν
1972 1494 2056 1533 Υἱὸν
2085 1498 2144 1533 τοῦ
2170 1494 2363 1548 ἀνθρώπου.

1344 1556 1456 1594 Πάλιν
1485 1556 1543 1593 καὶ
1570 1559 1671 1593 τοῦτο
1703 1557 1794 1594 δοκεῖ
1813 1558 2036 1606 ἀπηρτῆσθαι
2056 1558 2123 1593 τῶν
2144 1555 2359 1607 ἔμπροσθεν,

282 1613 432 1651 ῑ·ῐιιῑ1ιῐο5
463 1613 643 1663 alloquens
659 1642 669 1661 ,
700 1612 777 1649 haec
808 1611 915 1649 simul
945 1612 1067 1664 jungit
1097 1612 1268 1650 beneficia
1292 1623 1313 1653 Ε
1341 1616 1472 1663 πολλὴν
1495 1615 1606 1654 δὲκαὶ
1633 1616 1715 1654 αὐτὸ
1741 1616 1803 1663 τὴν
1840 1616 2024 1667 συνάφειαν
2043 1615 2127 1667 ἔχει.
2144 1614 2264 1653 Εἰπὼν
2293 1615 2361 1667 γὰρ

283 1674 339 1712 his
373 1674 491 1712 verbis
519 1690 526 1710 :
557 1674 758 1725 szcrnquid
787 1674 939 1711 Paulus
971 1673 1180 1726 crucifixus
1212 1683 1269 1712 est

281 1750 351 1786 pro
386 1737 499 1773 ‘vobis
524 1739 540 1771 Ρ
568 1743 636 1772 aut
671 1737 713 1770 in
744 1737 898 1771 nomine
930 1735 1050 1772 Pauli
1081 1736 1268 1786 baptizati

282 1800 399 1835 estis?
420 1797 503 1834 Haec
530 1796 624 1834 enim
651 1795 723 1833 duo
752 1795 908 1833 maxime
939 1795 1157 1834 ineffabilem
1191 1796 1267 1848 ejus

281 1870 437 1893 amorem
456 1854 644 1893 ostendunt
659 1870 670 1903 3
697 1854 792 1904 quod
808 1868 874 1906 pro
892 1853 1046 1892 inimicis
1064 1868 1188 1906 passus
1204 1855 1264 1904 sit,

280 1926 312 1954 et
328 1916 423 1966 quod
443 1930 506 1968 pro
520 1915 672 1954 inimicis
691 1924 866 1966 mortuus,
886 1929 947 1967 per
961 1915 1180 1968 baptismum
1212 1916 1266 1954 in-

280 1986 413 2027 tegram
432 1985 654 2028 peccatorum
675 1975 814 2014 veniam
828 1975 977 2027 largitus
995 1976 1050 2013 sit.

330 2351 366 2385 2.
386 2348 458 2385 Cur
475 2357 591 2386 autem
610 2361 681 2386 non
699 2347 792 2385 clare
813 2347 906 2385 dixit
925 2360 962 2385 se
983 2347 1261 2400 crucifigendum

278 2423 361 2457 esse,
387 2408 448 2446 sed
471 2408 516 2446 ad
536 2418 690 2447 veterem
718 2408 873 2460 figuram
894 2408 1072 2447 auditores
1098 2408 1261 2447 remisit?

278 2470 438 2507 Primum
455 2479 494 2507 ut
509 2469 683 2507 discerent
698 2479 858 2509 veterum
877 2484 958 2508 eum
969 2470 1070 2509 novis
1084 2471 1261 2522 cognatio-

278 2544 369 2574 nem7
390 2531 587 2581 scirentque
603 2531 678 2569 haec
697 2531 769 2568 illis
791 2531 903 2569 aliena
925 2545 993 2569 non
1015 2545 1105 2583 esse,
1133 2531 1261 2570 deinde

278 2601 314 2628 ut
331 2592 524 2641 intelligas,
548 2592 664 2643 ipsum
693 2607 761 2631 non
782 2593 936 2633 invitum
963 2593 1010 2631 ad
1029 2603 1178 2632 mortem
1199 2608 1260 2634 ve-

275 2653 368 2690 nisse
376 2669 386 2702 3
402 2652 447 2689 ιιι]
463 2652 537 2690 lnce
559 2662 676 2691 nutem
700 2663 737 2691 ut
768 2653 931 2703 disceres,
953 2654 1094 2692 nullum
1125 2655 1192 2707 ipsi
1212 2655 1257 2693 ab

274 2713 334 2750 illa
354 2727 391 2750 re
406 2713 576 2750 damnum
599 2714 795 2765 importari,
816 2724 849 2752 et
876 2715 960 2753 hinc
988 2716 1112 2754 multis
1138 2716 1257 2769 ipsum

273 2776 422 2813 salutem
437 2790 568 2828 parere.
587 2777 639 2814 Ne
655 2778 735 2826 quis
754 2778 849 2815 enim
861 2778 1005 2829 diceret,
1017 2778 1065 2817 Et
1078 2781 1255 2831 quomodo

272 2837 348 2874 lieri
370 2846 494 2889 potest,
515 2846 553 2873 ut
571 2837 630 2886 qui
651 2838 685 2874 in
699 2838 911 2877 crucifixum
929 2839 1090 2890 credunt,
1107 2841 1255 2881 salutem

273 2906 545 2947 consequantur,
575 2911 655 2934 Cum
672 2906 703 2934 et
720 2897 794 2949 ipse
808 2913 826 2935 a
847 2909 958 2937 morte
974 2910 1154 2953 correptus
1180 2903 1255 2941 fue-

273 2958 345 2994 rit?
364 2957 411 2995 ad
429 2967 580 2996 veterem
596 2972 658 2995 nos
676 2957 861 2995 historiam
880 2959 989 2997 ducit.
1006 2962 1098 3000 Nam
1117 2963 1146 3001 si
1169 2963 1255 3002 ima-

272 3019 390 3067 ginem
409 3033 539 3056 aenenm
567 3018 735 3070 serpentis
750 3019 973 3071 respicientes
1001 3022 1130 3069 Judaei‚
1153 3038 1253 3062 mor-

270 3088 340 3117 tem
367 3080 546 3129 vitabant3
569 3079 681 3116 multo
701 3079 814 3130 magis
841 3080 865 3117 ii
886 3081 947 3131 qui
973 3081 1008 3120 in
1039 3085 1253 3124 crucifixum

271 3141 431 3190 credunt,
445 3140 686 3192 praestantiore
703 3140 863 3177 fruentur
872 3140 1053 3180 beneficio.
1066 3145 1144 3182 Non
1159 3146 1251 3184 enim

316 3284 328 3304 ἓ·
351 3282 462 3313 tlon-cl,
479 3288 616 3324 μεγίστη,
637 3288 791 3324 &yart-me,
811 3290 869 3317 καί.

316 3345 328 3359 e
347 3334 460 3365 noret.
484 3344 539 3367 τῶν
553 3338 609 3375 μὲν
624 3334 682 3367 οὖν.

314 3385 325 3403 '¹
344 3383 456 3416 Motel.
477 3389 575 3430 ὥσπερ
593 3387 627 3422 δὴ
645 3390 704 3418 καί.

1339 1693 1401 1725 την
1422 1676 1586 1728 μεγίστην
1607 1678 1653 1720 εἰς
1673 1676 1873 1730 ἀνθρώπους
1893 1676 2142 1729 γεγεννημένην
2164 1674 2360 1728 εὐεργεσίαν

1340 1738 1396 1776 διὰ
1412 1742 1471 1776 τοῦ
1490 1737 1751 1789 βαπτίσματος,
1769 1738 1890 1789 ἐπάγει
1920 1737 1980 1775 καὶ
2001 1736 2063 1784 τὴν
2086 1736 2215 1783 ταύτης
2235 1736 2361 1784 αἰτίαν,

1339 1800 1397 1838 καὶ
1428 1799 1558 1846 ἐκείνης
1593 1801 1654 1836 οὐκ
1687 1799 1852 1837 ἐλάττονα
1868 1830 1877 1847 ,
1908 1798 1970 1845 τὴν
2008 1799 2064 1837 διὰ
2102 1801 2161 1836 τοῦ
2194 1802 2358 1851 σταυροῦ.

1339 1861 1506 1914 (ιυΩσπερ
1532 1855 1589 1899 οῦν
1609 1861 1668 1899 καὶ
1700 1862 1838 1904 Παῦλος
1869 1860 2063 1912 Κορινθίοις
2097 1859 2359 1912 διαλεγόμενος,

1338 1922 1465 1966 ταύτας
1484 1926 1569 1973 ὁμοῦ
1585 1922 1700 1968 τίθησι
1718 1921 1780 1966 τὰς
1800 1921 1996 1974 εὐεργεσίας
2008 1950 2017 1966 ,
2039 1921 2128 1960 οὕτω
2147 1921 2268 1973 λέγων·
2297 1921 2358 1968 Μὴ

1309 2023 1320 2029 ‚
1339 1985 1479 2027 Παῦλος
1494 1982 1695 2036 ἐσταυρώθη
1715 1983 1802 2034 ὑπὲρ
1817 1986 1926 2033 ὑμῶν,
1940 1981 1963 2028 ἢ
1979 1984 2024 2025 εἷς
2040 1983 2078 2020 τὸ
2093 1982 2200 2033 ὄνομα
2217 1981 2357 2020 Παύλου

1287 2059 1310 2087 Α
1339 2045 1586 2092 ἐδαπτίσθητε,
1620 2044 1786 2083 Μάλιστα
1818 2043 1886 2096 γὰρ
1916 2043 2055 2082 πάντων
2090 2042 2135 2081 τὰ
2163 2041 2220 2081 δύο
2249 2046 2360 2081 ταῦτα

1337 2105 1398 2152 τὴν
1434 2105 1564 2158 ἄφατον
1591 2108 1693 2143 αὐτοῦ
1723 2105 1890 2144 δείκνυσιν
1926 2105 2078 2157 ἀγάπην,
2110 2104 2164 2143 ὅτι
2199 2121 2238 2143 τε
2258 2103 2358 2157 ἱῦπὲρ

1336 2168 1467 2217 ἐχθρῶν
1490 2165 1595 2203 ἔπαθε
1604 2195 1613 2213 ,
1644 2165 1703 2203 καὶ
1724 2164 1777 2203 ὅτι
1799 2164 1981 2204 ἀποθανὼν
2011 2164 2098 2218 ὑπὲρ
2125 2166 2271 2218 ἐχθρῶν,
2301 2164 2357 2203 διὰ

1335 2229 1393 2262 τοῦ
1418 2224 1657 2275 βαπτίσματος
1690 2223 1876 2277 ὁλόκληρον
1905 2226 1973 2260 τῶν
2001 2224 2265 2275 ἁμαρτημάτων
2292 2222 2354 2269 τὴν

1337 2285 1556 2337 συγχώρησιν
1572 2285 1783 2337 ἐδωρήσατο.

1388 2346 1491 2389 Τίνος
1516 2345 1551 2383 δὲ
1581 2344 1693 2383 ἕνεκεν
1718 2347 1778 2382 οὐκ
1798 2338 1872 2382 εἷπε
1892 2347 2028 2395 σαφῶς,
2051 2344 2102 2382 ὅτι
2120 2344 2236 2394 μέλλω
2250 2360 2353 2383 σταυ-

1337 2410 1487 2460 ροῦσθαι,
1510 2406 1588 2444 ἀλλ’
1609 2405 1666 2444 ἐπὶ
1685 2405 1741 2442 τὸν
1762 2405 1908 2443 παλαιὸν
1929 2405 2138 2457 παρέπεμψε
2151 2404 2257 2444 τύπον
2277 2405 2355 2449 τοὺς

1335 2467 1523 2520 ἀκροατάς,
1541 2468 1684 2518 Πρῶτον
1708 2465 1784 2517 μὲν,
1802 2464 1882 2503 “ἵνα
1904 2465 2058 2516 μάθωσιν
2075 2464 2127 2503 ὅτι
2149 2468 2293 2517 συγγενῆ
2310 2466 2354 2505 τὰ

1335 2527 1469 2566 παλαιὰ
1490 2534 1560 2571 τοῖς
1583 2533 1722 2575 καινοῖς,
1746 2526 1804 2564 καὶ
1819 2529 1879 2564 οὐκ
1894 2526 2060 2579 ἀλλότρια
2078 2526 2206 2564 τούτων
2227 2528 2351 2565 ἐκεῖνα·

1335 2588 1453 2626 ἔπειτα
1476 2587 1531 2626 ἰ’να
1554 2589 1659 2639 γνῷς,
1681 2587 1732 2624 ὅτι
1752 2590 1811 2625 οὐκ
1834 2587 1926 2624 ἄκων
1948 2586 2004 2624 ἐπὶ
2024 2586 2063 2624 τὸ
2082 2586 2190 2629 πάθος
2211 2586 2351 2638 ἤρχετο·

1334 2649 1392 2688 καὶ
1407 2649 1456 2687 ἔτι
1475 2649 1560 2700 πρὸς
1574 2647 1705 2691 τούτοις
1720 2647 1775 2685 ἵνα
1792 2647 1916 2698 μάθῃς,
1938 2647 1989 2685 ὅτι
2010 2647 2086 2685 οὔτε
2101 2649 2193 2698 αὐτῷ
2211 2663 2264 2691 τις
2283 2647 2352 2685 ἀπὸ

1283 2723 1304 2752 Β
1332 2715 1391 2749 τοῦ
1404 2710 1609 2763 πράγματος
1621 2709 1751 2761 γίνεται
1768 2708 1895 2760 βλάῧη,
1910 2708 1969 2746 καὶ
1984 2710 2123 2752 πολλοῖς
2136 2710 2285 2746 ἐντεῦθεν
2301 2708 2352 2745 τί-

1333 2786 1449 2810 κτεται
1466 2768 1632 2823 σωτηρία.
1651 2768 1727 2807 Ἵνα
1749 2768 1816 2821 γὰρ
1834 2769 1881 2819 μή
1898 2784 1948 2811 τις
1963 2769 2059 2820 λέγῃ,
2077 2769 2221 2812 καὶπῶς
2240 2768 2288 2807 ἔνι
2305 2771 2351 2812 εἷς

1333 2833 1388 2871 τὸν
1417 2831 1656 2884 σταυρωθέντα
1692 2829 1942 2873 πιστεύσαντας
1973 2831 2147 2877 σωθῆναι,
2180 2829 2260 2867 ὅταν
2291 2830 2351 2868 καὶ

1333 2893 1432 2936 αὐτὸς
1455 2892 1522 2930 ὑπὸ
1546 2892 1692 2930 θανάτου
1710 2891 1966 2942 κατεσχημένος
1980 2884 2002 2941 ᾗ
2013 2906 2022 2937 3
2040 2890 2095 2928 ἐπὶ
2111 2890 2172 2937 τὴν
2196 2891 2349 2929 παλαιὰν

1331 2958 1423 3005 ἡμᾶς
1437 2952 1589 3006 ἱστορίαν
1606 2953 1693 3004 ἄγει.
1720 2954 1764 2990 Ei
1778 2951 1844 3004 γὰρ
1859 2951 1942 3003 πρὸς
1961 2951 2075 2990 εἰκόνα
2091 2954 2226 3004 χαλκῆν
2242 2953 2351 3005 ὄφεως

1332 3014 1459 3058 ἰδόντες
1486 3014 1645 3053 Ἰουδαῖοι
1680 3013 1833 3066 διέφυγον
1855 3015 2010 3052 θάνατον·
2030 3017 2147 3068 πολλῷ
2168 3018 2299 3066 μᾶλλον
2319 3018 2350 3054 οἱ

1327 3085 1374 3127 εἷς
1391 3082 1448 3120 τὸν
1469 3081 1727 3133 ἐσταυρωμένον
1747 3081 1975 3129 πιστεύοντες,
1992 3082 2131 3126 εἰκότως
2149 3083 2208 3121 καὶ
2230 3085 2349 3136 πολλῷ

1330 3148 1480 3199 μείζονος
1491 3147 1771 3186 ἀπολαύσονται*
1783 3151 1844 3194 τῆς
1858 3149 2062 3200 εὐεργεσίας.
2076 3151 2129 3188 Οὔ
2138 3150 2205 3203 γὰρ
2220 3151 2275 3190 διὰ
2288 3152 2349 3199 τὴν

1388 3302 1399 3315 ³¹
1418 3291 1518 3324 Savil.
1535 3297 1583 3325 ἵνα
1599 3297 1707 3336 μάθῃς·

1389 3344 1398 3353 '
1418 3343 1483 3383 [τῆς
1501 3355 1567 3375 om.
1592 3342 1693 3376 Saril.
1715 3349 1747 3374 ct
1765 3341 1847 3374 cod.
1867 3344 1942 3376 700.
1970 3342 2073 3375 Iidem
2098 3353 2175 3375 mox
2200 3348 2342 3388 ἐσταυρω-

1344 3401 1442 3433 newa>
1464 3394 1500 3425 V,
1519 3393 1615 3430 infra,
1635 3405 1668 3436 p.
1689 3394 1761 3427 156.
1784 3394 1840 3434 1).]
