2522 3683
117 1459 302 1488 Prov.10.3·

117 1516 205 1544 Psnl.
217 1514 268 1546 36.

118 1556 169 1585 25.

119 1896 213 1924 Amos
243 1895 274 1926 8.

124 1946 172 1965 ιι.

311 202 408 263 870

308 296 528 336 vestibulum
546 303 598 333 est
617 293 858 346 jejuniorum:
874 289 937 341 qui
957 289 995 327 in
1012 288 1191 328 vestibulo
1211 300 1296 340 pro-

309 359 448 395 fanatus
467 366 531 404 est,
555 369 624 393 non
651 363 701 392 est
730 354 862 405 dignus
886 351 946 403 qui
981 350 1017 389 in
1042 359 1159 389 sancta
1180 349 1297 386 intret.

309 419 441 457 Nullus
460 431 584 456 servus
602 416 663 468 qui
680 416 808 453 herum
826 427 932 452 suum
948 412 1088 464 placare
1105 411 1207 459 velit7
1230 409 1301 447 ini-

310 480 403 517 mico
423 480 498 531 ejus
520 487 667 530 patrono
695 485 755 513 aut
782 474 1006 512 conciliatore
1027 472 1152 510 utitur.
1174 468 1300 508 Ebrie-

310 549 364 578 tas
393 540 580 578 inimicitia
599 548 650 577 est
675 538 711 575 in
738 538 856 574 Deum
878 551 885 571 z
907 534 1086 587 jejunium
1106 547 1204 581 vero,
1224 531 1299 569 ini-

310 601 402 638 tium
420 599 648 653 poenitentiae.
672 599 711 637 Si
729 598 785 637 vis
803 610 886 647 ergo
906 610 967 648 per
986 594 1240 633 confessionem
1255 591 1300 630 ad

311 663 429 700 Deum
457 670 641 707 revertere,
664 659 746 709 fuge
767 658 983 702 ebrietatem,
1005 669 1048 693 ne
1069 655 1133 692 tibi
1153 655 1298 706 gravio-

312 737 387 759 rem
411 731 509 773 paret
532 719 791 758 alienationem.
813 719 887 756 Nec
916 715 1049 754 sufficit
1078 715 1152 753 sola
1177 729 1241 767 per
1265 728 1301 751 se

312 783 475 820 ciborum
501 779 711 819 abstinentia
744 777 790 816 ad
819 777 1006 815 laudatum
1028 775 1221 829 jejunium7
1240 774 1302 812 sed

307 843 509 895 jejunemus
533 842 669 894 jejunio
698 839 919 892 acceptabili,
945 839 1022 877 Deo
1050 837 1214 890 placenti.
1231 838 1303 876 Ve-

313 921 393 944 rum
410 906 588 958 jejunium
603 914 654 943 est
675 902 889 941 abstinentia
906 917 925 939 a
949 901 1060 950 vitiis,
1073 899 1303 952 temperantia

312 966 460 1018 linguae,
482 965 695 1004 abstinentia
711 965 755 1002 ab
776 964 841 1011 ira,
859 962 1034 1015 separatio
1053 976 1073 999 a
1092 959 1303 1013 cupiditati-

312 1026 394 1075 bus,
417 1042 437 1064 a
458 1026 670 1073 maledictis,
691 1039 709 1063 a
730 1024 929 1072 mendacio,
952 1038 971 1060 a
996 1022 1174 1074 perjurio:
1193 1020 1305 1058 absti-

314 1087 431 1124 nentia
444 1102 463 1124 a
479 1087 584 1124 rebus
610 1084 817 1137 hujusmodi
836 1098 961 1121 verum
982 1081 1236 1134 estJejunium.
1263 1081 1305 1117 In

315 1147 371 1185 his
401 1147 580 1199 jejunium
609 1155 659 1183 est
688 1146 833 1182 bonum.
860 1143 1015 1181 Domino
1047 1156 1129 1181 eum
1165 1140 1304 1178 deliciis

313 1208 476 1245 fruamur
507 1207 543 1243 in
576 1205 804 1243 meditatione
827 1203 1050 1254 eloquiorum
1075 1201 1246 1254 Spiritus,
1271 1209 1304 1238 et

313 1268 350 1305 in
363 1267 578 1306 assumtione
591 1267 763 1317 legalium
779 1265 1003 1313 salutarium,
1019 1272 1125 1313 atque
1144 1262 1180 1300 in
1193 1261 1305 1299 omni-

314 1330 382 1367 bus
408 1344 486 1380 quae
515 1329 671 1366 animam
699 1336 855 1365 nostram
883 1326 1046 1377 dirigunt
1063 1324 1303 1375 dogmatibus.

316 1392 348 1428 A
360 1391 497 1443 jejunio
514 1391 606 1428 clam
627 1397 767 1440 peraeto
785 1387 963 1438 fugiamus
980 1403 986 1422 :
1002 1385 1101 1437 quod
1115 1385 1306 1437 deprecans

317 1453 489 1505 propheta
504 1452 591 1490 dicit
606 1467 613 1487 z
627 1452 718 1489 Non
721 1452 837 1502 fame
853 1450 1000 1487 occidet
1013 1449 1205 1486 Dominus
1220 1448 1306 1483 ani-

320 1527 423 1550 mam
430 1515 528 1565 justi
530 1528 544 1557 7·
557 1521 603 1561 et,
621 1513 711 1548 Non
726 1510 810 1547 vidi
819 1512 967 1561 justum
980 1508 1217 1551 derelictum,
1237 1519 1306 1543 nec

319 1588 447 1612 semen
463 1576 543 1626 ejus
561 1585 734 1625 quoerens
745 1584 901 1622 panem.
918 1571 1039 1619 Neque
1055 1568 1148 1606 enim
1169 1567 1213 1605 de
1228 1581 1307 1605 sen-

318 1635 375 1672 sili
399 1648 488 1686 panc
517 1633 686 1683 loquitur7
701 1631 762 1682 qui
784 1631 914 1668 sciebat
934 1630 1028 1666 filios
1048 1628 1170 1668 Jacobi
1198 1628 1306 1680 patri-

318 1696 434 1734 archae
465 1695 566 1747 panis
598 1692 782 1744 quaerendi
812 1706 919 1730 causa
952 1691 987 1728 in
1020 1690 1084 1727 AE0
1067 1698 1220 1742 gyptum
1248 1689 1309 1726 de-

320 1757 507 1805 scendisse,
524 1756 587 1793 sed
612 1755 655 1792 (lc
685 1754 861 1806 spilituali
886 1753 966 1792 cibo
987 1752 1095 1791 veiha
1122 1751 1221 1801 faeit7
1239 1766 1310 1801 quo

321 1818 505 1870 perficitur
526 1817 672 1855 interior
692 1816 810 1852 homo.
833 1816 885 1852 Ne
912 1813 1200 1865 nobisjejtiniiun
1211 1782 1311 1850 'illud

323 1880 482 1925 eveniat,
505 1877 601 1929 quod
635 1876 770 1916 Judaeis
796 1875 1031 1913 comminatur
1062 1875 1158 1911 Deus
1179 1889 1186 1910 :
1209 1875 1313 1911 Ecce

324 1940 404 1976 dies
430 1941 608 1983 veniunt,
629 1938 722 1973 dicit
753 1937 958 1980 Dominus,
983 1943 1019 1971 et
1045 1935 1227 1971 inducam
1235 1935 1310 1986 fa-

324 2013 423 2036 mem
449 2013 562 2051 super
590 2007 732 2035 terram
747 2010 851 2033 :non
867 1997 1016 2047 famem
1039 1997 1167 2045 panis,
1192 2008 1313 2046 neque

324 2063 428 2097 sitim
445 2073 569 2111 aquce,
584 2058 807 2108 sed-famem
817 2056 1002 2094 audiendi
1013 2057 1124 2109 veshi
1139 2056 1312 2092 Domini.

325 2122 443 2167 Quam
469 2120 547 2158 ideo
582 2119 726 2157 induxit
746 2119 866 2170 justus
897 2107 1136 2167 Judex7‘i111ia
1168 2116 1314 2155 videbat

323 2196 447 2219 eorum
474 2189 627 2218 mentem
654 2180 689 2217 in
717 2178 876 2218 veritatis
911 2178 1138 2228 dogmatibus
1165 2178 1312 2230 penuria

322 2242 460 2295 premi,
494 2242 582 2280 dnm
609 2240 765 2278 exterior
798 2240 905 2276 homo
936 2238 1081 2290 pinguis
1120 2238 1314 2276 secundum

325 2318 466 2342 carnem
486 2312 586 2341 esset.
605 2301 762 2354 Spiritus
781 2313 863 2351 ergo
878 2308 1018 2337 sanctus
1032 2313 1096 2337 vos
1116 2299 1314 2350 insequenti

324 2375 482 2419 tempore
508 2364 690 2403 matutinis
714 2372 748 2400 et
769 2361 980 2414 vespertinis
1003 2361 1093 2399 cibis
1112 2361 1209 2398 laute
1232 2361 1314 2399 refi-

326 2429 403 2466 ciet.
423 2429 536 2465 Nemo
565 2441 585 2463 a
621 2424 801 2477 spirituali
830 2422 995 2462 convivio
1033 2432 1156 2474 sponte
1186 2422 1313 2460 absit.

325 2503 447 2527 omnes
480 2487 672 2540 participes
701 2486 811 2523 simus
835 2483 978 2537 jejunii,
999 2498 1069 2534 quo
1088 2498 1108 2521 a
1133 2484 1240 2521 coctis
1266 2484 1315 2522 ei-

327 2550 384 2587 bis
397 2549 605 2586 abstinetur.
623 2547 791 2593 Quieseat
812 2545 955 2583 tandem
972 2544 1130 2582 domusa
1146 2544 1246 2582 mille
1261 2554 1315 2582 tu-

330 2612 516 2659 multibus,
533 2626 553 2648 a
570 2611 667 2648 sumo
689 2618 722 2647 et
736 2608 871 2657 nidore,
885 2608 930 2645 ab
951 2607 994 2645 iis
1012 2607 1074 2657 qui
1095 2607 1317 2658 circumqua-

329 2686 397 2723 que
411 2673 629 2720 discurrunt,
645 2679 676 2708 et
697 2669 813 2708 ventri
830 2667 932 2719 quasi
952 2667 1153 2705 inevitabili
1172 2667 1317 2705 domino

332 2733 500 2771 serviunt.
518 2732 711 2769 Exactores
735 2738 827 2767 certe
845 2728 999 2766 subditis
1021 2728 1094 2765 suis
1115 2727 1255 2778 aliquid
1275 2728 1317 2765 li-

333 2794 479 2831 bertatis
512 2792 692 2830 interdum
728 2791 925 2842 indulgent.
954 2791 1023 2828 Det
1059 2798 1181 2828 venter
1215 2803 1318 2840 quas-

334 2856 417 2894 dam
447 2855 551 2893 ferias
569 2856 619 2893 ori
642 2871 648 2890 :
667 2855 739 2901 det,
761 2863 794 2891 et
811 2853 968 2904 quinque
992 2852 1134 2890 dierum
1158 2851 1319 2891 inducias

335 2919 522 2956 nobiscum
545 2915 825 2968 paciscatur7qui
841 2929 980 2966 semper
1004 2914 1151 2966 appetit7
1168 2924 1198 2952 et
1220 2928 1320 2952 num-

338 2994 445 3031 quam
474 2987 607 3026 cessat3
630 2977 690 3027 qui
713 2976 820 3013 bodie
849 2976 992 3028 accipit7
1018 2985 1052 3013 et
1083 2990 1159 3013 cras
1189 2976 1323 3026 accepti

339 3040 576 3079 obliviscitui.
594 3039 684 3075 Cum
704 3038 828 3088 plenus
848 3046 910 3085 est,
930 3037 974 3075 de
994 3037 1223 3089 temperantia
1243 3037 1322 3089 phi-

342 3162 523 3214 Jejunium
543 3159 684 3198 foenoiis
704 3173 734 3195 n
730 3128 866 3195 ituiaiil
881 3172 947 3194 non
965 3159 1074 3206 novit7
1096 3173 1241 3196 usuram
1256 3174 1325 3197 non

344 3224 412 3261 olet
431 3237 549 3261 mensa
559 3219 764 3274 jejunantis,
780 3218 958 3270 pupillum
975 3232 1040 3256 non
1057 3219 1329 3271 oppiimuntJe-

1272 205 1444 235 SPURIA.

1371 287 1539 345 Πνεῦμα
1537 299 1596 321 του
1611 284 1703 322 Θεου
1722 284 1864 321 ἐνοικεῖ·
1881 282 1960 325 ναὸς
1976 282 2011 321 δὲ
2031 281 2194 328 εἰδώλων,
2211 284 2242 321 οἳ
2259 281 2315 319 διὰ
2330 284 2392 328 τῆς

1373 337 1479 388 μέθης
1509 335 1567 374 τὸν
1599 335 1784 401 συρφετὸν,
1800 339 1861 382 τῆς
1885 334 2073 378 ἀκολασίας
2100 333 2200 386 κόρον
2227 333 2393 385 υποδεχό-

1374 404 1481 441 μενοι.
1500 388 1546 426 ‘ll
1577 387 1728 440 σήμερον
1753 387 1869 453 ἣμερα
1893 388 2107 438 προπύλαιά)
2134 390 2208 424 ἐστι
2233 390 2301 424 τῶν
2333 402 2394 430 νη·

1373 457 1514 480 στειων·
1535 443 1572 478 06
1605 441 1714 487 δήπου
1739 440 1774 479 δὲ
1803 442 1854 477 6
1840 456 1873 478 εν
1897 446 1967 483 τοῖς
1984 439 2165 507 προΟύροις
2189 437 2398 489 βεέηλωθεις

1373 494 1466 538 ἄξιός
1500 495 1591 532 ἐστιν
1629 495 1789 531 εἰσελθεῖν
1823 494 1870 534 εἷς
1900 491 1945 529 τὰ
1978 491 2071 542 ἅγια.
2106 491 2229 534 Οὐδεις
2261 490 2398 535 οἰκέτης

1373 545 1656 597 ἐξευμενίσασΟαι
1678 544 1786 583 Θέλων
1801 545 1859 582 τὸν
1879 546 2001 581 ἑαυτοῦ
2021 544 2204 591 δεσπότην
2218 546 2267 594 τῷ
2285 545 2397 595 ἐχθρῷ

1375 601 1478 637 αὐτοῦ
1496 598 1675 661 προστάτῃ
1691 614 1749 635 και
1766 598 1959 663 διαλλακτῃ
1974 595 2155 663 κέχρηται.
2174 596 2272 642 Μέθη
2290 596 2398 653 ἔ-[Οροι

1374 652 1465 689 ἐστιν
1496 653 1541 693 εἷς
1564 650 1672 689 Θεόν·
1696 649 1839 696 νηστεία
1866 648 1902 687 δὲ
1931 648 2022 700 ἀργὴ
2055 649 2248 699 μετανοίας.
2269 649 2313 686 Εἰ
2340 655 2397 688 οὐν

1376 703 1490 754 βούλει
1521 702 1577 741 διὰ
1609 719 1671 749 της
1699 705 1730 740 3
1717 701 1975 752 ζομολογήσεως
2008 703 2204 739 ἐπανελθεῖν
2234 700 2318 752 πρὸς
2340 717 2398 742 τον

1410 756 1481 802 εὸν,
1501 771 1604 823 φευγε
1625 756 1687 802 τὴν
1721 756 1841 806 μεθην,
1863 770 1910 804 μη
1942 769 1995 792 σοι
2018 753 2268 821 χαλεπωτέραν
2285 769 2399 793 κατα-

1326 822 1350 852 c
1376 823 1527 859 σκευασῃ
1558 807 1621 854 τὴν
1653 807 1975 876 ἀλλοτρίωσιν.οὐ
2004 821 2120 856 μεντοι
2154 805 2288 873 ἐξαρκεῖ
2322 809 2399 845 καθ’

1377 860 1501 908 ἑαυτὴν
1521 865 1542 908 ἡ
1564 861 1680 912 ἀποχὴ
1701 864 1769 898 τῶν
1795 859 1990 911 βρωμάτων
2017 858 2101 923 πρὸς
2127 857 2189 903 τὴν
2218 859 2399 906 ἐπαινετὴν

1375 913 1550 961 νηστείαν,
1580 913 1672 951 αλλὰ
1696 912 1938 962 νηστεύσωμεν
1966 910 2128 957 νηστείαν
2162 910 2297 957 δεκτὴν,
2325 912 2402 950 εὐά-

1379 980 1495 1028 ρεστον
1515 981 1565 1015 τῳ
1581 966 1675 1016 Θεῳ.
1696 965 1842 1012 ΑληΟὴς
1866 964 2008 1010 νηστεία
2030 967 2052 1010 ἡ
2076 979 2144 1001 των
2162 979 2279 1001 κακων
2303 965 2403 1003 ἀλλο-

1375 1016 1530 1081 τρίωσις,
1545 1018 1728 1069 ἐγκράτεια
1744 1018 1917 1067 γλωσσης,
1934 1019 2042 1067 Ουαοῧ
2061 1031 2156 1066 αποχ
2157 1032 2192 1062 1],
2210 1017 2402 1082 ἐπιθυμιῶν

2379 1073 2396 1092 ,f

1377 1121 1508 1158 τούτων
1529 1120 1662 1165 ἐνδεια,
1675 1121 1816 1167 νηστεία
1836 1121 1929 1158 ἐστιν
1950 1120 2092 1167 ἀληθής.
2108 1121 2170 1158 ’liv
2191 1121 2321 1164 τούτοις
2339 1084 2403 1172 1136

1377 1166 1434 1210 οἶν
1453 1176 1474 1219 ἡ
1495 1173 1638 1220 νηστεία
1657 1172 1774 1210 καλόν.
1794 1173 2163 1239 Κατατρυφήσωμεν
2145 1172 2181 1210 οὲ
2199 1179 2258 1211 τοῦ
2276 1174 2404 1239 Κυρίου

1379 1226 1413 1262 ἐν
1433 1228 1474 1276 τῇ
1511 1225 1638 1276 μελέτη
1663 1227 1732 1263 τῶν
1758 1225 1881 1276 λογίων
1907 1230 1966 1263 τοῦ
1994 1224 2216 1275 Πνεύματος,
2232 1241 2291 1263 και
2309 1228 2343 1263 ἐν
2361 1230 2404 1278 τῇ

1378 1267 1550 1329 ἀναλήψει
1568 1280 1636 1315 τῶν
1666 1277 1846 1329 σωτηρίων
1873 1277 2050 1328 νομίμων,
2073 1277 2132 1315 καὶ
2158 1280 2192 1316 ἐν
2225 1284 2312 1316 πᾶσι
2336 1285 2406 1322 τοῖς

1379 1330 1612 1383 διορθωτικοῖς
1632 1333 1699 1368 τῶν
1720 1332 1842 1381 ψυχῶν
1862 1332 1962 1380 ἡμων
1983 1329 2163 1398 δόγμασιν.
2182 1331 2264 1369 Ἀπὸ
2289 1331 2407 1379 μέντοι

1379 1385 1440 1428 τ7]ς
1457 1384 1491 1419 ἐν
1513 1398 1560 1419 τω
1579 1385 1723 1448 κρυπτῶ
1744 1381 1902 1429 νηστείας
1923 1382 2173 1435 φυλαξώμεθα,
2188 1399 2268 1435 περι
2285 1389 2327 1431 ἧς
2346 1384 2406 1423 καὶ

1380 1437 1397 1472 ὃ
1412 1435 1591 1502 προφήτης
1607 1434 1791 1486 επεύχεται
1810 1434 1938 1486 λεγων
1951 1437 2004 1473 Οὐ
2019 1436 2265 1485 λιμοκτονήσει
2281 1436 2408 1488 Κύριος

1380 1486 1539 1551 ψυχὴνρ
1521 1487 1671 1525 οικαίου’
1689 1487 1748 1524 καὶ
1775 1488 1834 1533 τὸ,
1858 1489 1936 1525 Οὐκ
1961 1481 2049 1524 εἶδον
2076 1487 2207 1525 δίκαιον
2222 1490 2407 1540 εγκαταλε-

1331 1549 1356 1578 D
1379 1538 1582 1589 λειμμένον,
1600 1538 1675 1578 οὐδὲ
1704 1555 1743 1576 το
1772 1554 1913 1590 σπεραα
1934 1541 2036 1578 αὐτου
2057 1541 2223 1586 ζητουν”
2201 1557 2335 1593 αρτους.
2353 1544 2406 1580 Οὐ

1382 1590 1448 1642 γὰρ
1469 1591 1508 1629 ἂν
1528 1591 1607 1642 περὶ
1627 1594 1800 1638 αἷσΟητι)ν
1821 1592 1934 1644 ἄρτων
1951 1597 2060 1637 εἶπεν,
2079 1595 2096 1630 6
2115 1593 2212 1635 εἷδως
2235 1609 2313 1636 τους
2328 1601 2410 1632 παῖ-

1382 1644 1442 1686 δας
1461 1659 1520 1681 του
1540 1644 1759 1711 πατριάρχου
1779 1644 1909 1682 Ιακὼὸ
1928 1645 2042 1696 ἄρτων
2057 1642 2168 1682 ε’νεκεν
2190 1647 2410 1690 καταὸάντας

1376 1069 1577 1135 χωρισμὸς,
1603 1072 1840 1114 καταλαλιᾶς,
1861 1068 2006 1120 ψεύδους
2043 1069 2102 1106 καὶ
2143 1068 2321 1134 ἐπιορκίας

1383 1697 1430 1739 εἷς
1440 1695 1630 1764 Αἴγυπτον,
1634 1696 1723 1734 ἀλλὰ
1738 1712 1819 1748 περι
1834 1699 1893 1742 τ7]ς
1908 1700 2147 1746 πνευματικῆς
2160 1698 2254 1748 λέγει
2268 1703 2411 1764 τροφῆς,

1384 1749 1460 1786 καθ’
1479 1748 1520 1795 ἢν
1540 1751 1557 1786 6
1581 1747 1648 1785 ἔσω
1669 1749 1847 1800 ἄνθρωπος
1865 1751 2066 1787 τελειουται.
2090 1749 2152 1796 Μὴ
2173 1750 2252 1801 ἔλθῃ
2278 1752 2337 1790 καὶ
2356 1751 2411 1820 ἐφ’

1384 1803 1510 1849 ἠμας’
1494 1815 1514 1845 η
1532 1805 1603 1843 τοῖς
1623 1800 1800 1844 Ιουδαίοις
1817 1802 2045 1848 ἀπειληΟεῖσα
2063 1803 2220 1848 νηστεία·
2234 1803 2323 1841 Ιὸοὺ
2343 1804 2410 1856 γὰρ

1384 1852 1515 1904 ἡμέραι
1529 1852 1725 1918 ἔρχονται,
1746 1853 1840 1905 λεγει
1866 1853 2010 1904 Κύριος,
2037 1854 2094 1891 και
2124 1854 2240 1899 ἐπάξω
2271 1856 2327 1895 ἐπὶ
2348 1857 2411 1904 τὴν

1385 1908 1449 1954 γ7]·ν
1475 1903 1604 1950 ταύτην
1624 1905 1747 1955 λιμὸν,
1766 1908 1804 1944 06
1822 1906 1922 1956 λιμον
1947 1905 2073 1957 ἄρτου,
2091 1907 2128 1943 06
2148 1907 2249 1959 δίψαν
2271 1909 2410 1954 ὕδατος,

1387 1956 1477 1994 ἀλλὰ
1505 1956 1607 2007 λιμὸν
1630 1973 1689 1995 του
1717 1960 1865 1997 ἄκουσαι
1884 1958 1984 2009 λόγον
2013 1958 2159 2010 Κυρίου·
2182 1960 2216 1999 δν
2237 1960 2295 1999 διὰ
2313 1978 2413 2001 τουτο

1386 2008 1501 2077 ἐπηγα
1504 2025 1559 2057 (ἓν
1586 2026 1604 2047 0
1631 2009 1760 2053 δίκαιος
1788 2011 1929 2076 κριτὴς,
1953 2027 2071 2056 37t3t00
2099 2011 2208 2079 ἑωραῦ
2212 2028 2324 2051 αυτων
2354 2031 2412 2053 τῠν

1388 2077 1429 2111 με
1417 2060 1448 2098 ν
1468 2067 1544 2099 νοῦν
1562 2064 1595 2100 ἐν
1616 2065 1658 2113 τ7·]
1681 2062 1828 2115 ἀτροφία
1843 2079 1911 2101 των
1929 2066 1990 2109 τῆς
2011 2063 2208 2110 ἀληθείας
2190 2065 2411 2117 οιδαγμάτων

1385 2115 1450 2163 λιμ
1443 2113 1718 2165 Λιγγονούμενον,
1729 2115 2038 2181 ὑπερπιαινόμενον
2056 2116 2090 2154 δε
2106 2119 2218 2155 αὐτων
2233 2134 2292 2156 και
2308 2135 2417 2157 κατα-

1388 2167 1621 2233 σαρκούμενον
1654 2182 1712 2204 τον
1744 2166 1808 2211 ἔξω
1839 2168 2034 2234 ἄνθρωπον.
2053 2169 2178 2213 Πάσας
2210 2170 2323 2209 τοίνυν
2353 2171 2414 2215 τὰς

1386 2217 1506 2270 εφεξῆς
1535 2219 1677 2287 ἡμέρας
1700 2220 1853 2258 ἐστιασει
1882 2223 1972 2271 ὑμᾶς
2002 2237 2041 2258 το
2068 2223 2215 2272 Πνευμα
2251 2239 2291 2261 το
2318 2223 2414 2274 ἅγιον

1387 2272 1543 2334 ἑωθιναῖς
1561 2287 1598 2308 τε
1623 2288 1682 2310 και
1705 2274 1901 2325 ἑσπεριναῖς
1920 2273 2152 2325 εὐφροσύναις.
2169 2275 2334 2321 Μηδεὶς“
2321 2291 2415 2314 εκου-

1387 2323 1468 2365 σίως
1489 2324 1732 2362 ἀπολειπέσΟω
1751 2340 1812 2370 της
1833 2340 2073 2375 πνευματικης
2093 2326 2261 2378 εὐωχίας,
2288 2328 2416 2370 πάντες

1389 2374 1620 2440 {JAETOE'GswU-SV
1642 2391 1701 2413 του
1721 2376 1889 2427 νηφαλίθυ
1915 2393 1982 2414 ‘cmv
2010 2393 2234 2432 ‘triumphatum
2257 2381 2413 2425 ἱιΕ’ΠῖῑἛη-

1338 2435 1363 2466 Ε
1388 2425 1509 2464 δεύων.
1523 2427 1761 2479 Ησυχασοίτω
1778 2429 1862 2468 ποτε
1881 2429 1938 2466 καὶ
1960 2432 1977 2466 6
1997 2434 2087 2472 οἰκος
2107 2430 2176 2468 ἀπὸ
2195 2434 2262 2469 τῶν
2285 2432 2414 2483 μυρίων

1389 2479 1563 2530 00p68wv7
1580 2480 1641 2517 καὶ
1655 2495 1714 2518 του
1731 2496 1864 2520 καπνου
1880 2497 1939 2519 και
1954 2497 2016 2526 της
2031 2482 2171 2530 κνίσης,
2185 2499 2244 2520 και
2260 2487 2328 2521 τῶν
2346 2484 2417 2522 ἄνω

1387 2547 1447 2570 και
1475 2532 1571 2570 κάτω
1566 2532 1868 2599 διατρεχόντων,
1883 2534 1943 2572 καὶ
1973 2534 2072 2573 οἱονει
2101 2535 2332 2603 ἀπαραιτήτῳ
2369 2538 2418 2574 δε-

1389 2583 1514 2635 σποίνῃ
1545 2601 1587 2636 τῃ
1609 2586 1734 2637 γαστρὶ
1760 2585 2062 2651 λειτουργούντων.
2081 2587 2229 2631 Πάντως
2248 2588 2332 2627 ποτὲ
2360 2605 2419 2627 και

1387 2639 1421 2674 οἱ
1461 2626 1641 2701 φορολογοι
1676 2644 1747 2681 τοῖς
1780 2639 1991 2705 ὑποχειρίοις
2012 2640 2260 2704 ἐλευθεριάσαι
2297 2641 2418 2705 μικρὸν

1391 2689 1630 2755 ἐπιτρέπουσι.
1647 2689 1746 2728 Δότω
1776 2690 1853 2728 τινὰ
1884 2690 2061 2743 εὐκαιρίαν
2088 2692 2146 2729 καὶ
2164 2696 2185 2738 ἡ
2215 2692 2351 2761 γαστὴρ
2370 2709 2420 2744 τῳ

1392 2741 1560 2791 στόματι,
1578 2740 1686 2779 δότω·
1702 2743 1903 2781 σπεισάσΟω
1924 2743 2158 2809 πενοηυ.έρους
2172 2744 2351 2788 σπονδὰς(
2335 2752 2420 2796 ημῖν

1391 2796 1413 2840 ἢ
1435 2794 1488 2832 ἀεὶ
1509 2795 1704 2832 ἀπαιτούσα
1720 2810 1779 2832 και
1796 2794 1957 2833 οὐδέποτε
1972 2795 2142 2846 λήγουσα,
2155 2800 2176 2843 ἡ
2194 2797 2420 2848 λαμὸάνουσα

1393 2846 1566 2899 σήμερον,
1587 2848 1646 2884 καὶ
1671 2847 1787 2913 αὔριον
1809 2847 2120 2897 ἐπιλανθανομένμ]
2140 2847 2253 2887 Όταν
2283 2851 2422 2900 ἐμπλη-

1395 2901 1480 2948 σΟῃ,
1513 2898 1593 2950 περὶ
1626 2899 1825 2966 ἐγκρατείας
1853 2902 2047 2951 φιλοσοφεῖ·
2068 2900 2149 2938 ὅταν
2190 2903 2422 2953 διαπνευσθῆ,

1395 2951 1659 2989 ἐπιλανθάνεται
1675 2954 1745 2989 τῶν
1767 2952 1961 3002 δογματων.
1983 2952 2139 2998 Νηστεία
2157 2954 2290 2991 δανείου
2301 2954 2422 3020 φύσιν

1397 3005 1459 3040 οὐκ
1483 2996 1596 3051 οἶδεν,
1618 3005 1679 3041 οὐκ
1698 3004 1768 3047 ὄζει
1792 3004 1904 3041 τόκων
1928 3004 2083 3069 τράωπεζα
2102 3020 2161 3044 του
2187 3006 2422 3053 νηστεύοντος,

340 3103 351 3140 l
1335 3074 1383 3099 202
1398 3057 1458 3093 οὐκ
1477 3055 1644 3107 ἄγχουσιν
1655 3055 1801 3108 ὀρφανὸν
1817 3062 2003 3102 νηστευτοῦ
2028 3057 2224 3096 παιδοτόκοι
2229 3060 2399 3125 πατρῶοι
2411 3087 2420 3105 ,

356 3102 565 3154 osophatui3
594 3113 674 3136 cum
701 3112 855 3145 taeniis,
881 3068 1051 3135 ‹soc-trinae
1087 3098 1322 3136 obliviscitur.
1349 3110 1373 3139 A
1398 3106 1515 3158 ὥσπερ
1536 3108 1627 3159 ὄφεις
1649 3109 1949 3160 περιπλεκόμενοι
1976 3109 2045 3147 Καὶ
2075 3109 2224 3154 ἄλλως
2207 3109 2262 3157 οὲ,
2284 3110 2423 3162 ἀφορμὴ

2376 3144 2381 3160 l

1400 3168 1446 3209 εἷς
1463 3165 1672 3217 εὐφροσύνην
1691 3166 1764 3205 ἐστι
1780 3166 1819 3204 τὸ
1833 3167 2024 3212 νηστεύειν
2040 3168 2104 3212 “Ως
2119 3168 2185 3220 γὰρ
2201 3173 2222 3216 ἡ
2245 3169 2327 3220 δίψα
2341 3168 2424 3215 ἡδὺν

1400 3222 1457 3260 τὸν
1474 3222 1577 3260 πότον
1598 3223 1798 3276 εὐτρεπίζει,
1809 3224 1868 3261 καὶ
1883 3225 1983 3275 λιμὸς
2001 3226 2290 3276 προηγησάμενος
2306 3225 2424 3272 ἡδεῖαν

392 3360 404 3374 ³
431 3350 492 3381 Hic
507 3350 540 3381 iu
557 3348 639 3380 serie
659 3347 774 3382 vitium
790 3353 859 3377 est:
879 3344 972 3387 quasi
986 3343 1169 3376 divinando
1187 3346 1410 3387 vertim11s1„ut
1422 3349 1522 3380 ctiam
1540 3348 1637 3382 infra.
