2481 3678
632 210 672 239 IN
709 209 915 240 JOANNEM
954 210 1106 239 nomn..
1147 209 1333 239 Lxxvln.

103 291 182 337 καὶ,
204 289 422 335 Ζωοποιήσει
444 288 500 327 διὰ
519 294 577 328 τοῦ
598 292 805 335 ἐνοικοῦντος
834 293 936 330 αὐτοῦ
958 291 1127 342 Πνεύμα-

102 367 160 395 τος
177 353 211 389 ἐν
233 354 330 402 ὑμῖν·
352 349 430 396 καὶ,
455 351 507 388 Τὸ
536 351 684 401 Πνεῦμα
703 351 772 399 ζωὴ
802 351 858 390 διὰ
888 351 1124 397 δικαιοσύνην·

101 413 161 451 καὶ
181 412 306 457 πάλιν,
328 413 370 449 Εἰ
390 411 424 448 δὲ
444 410 625 461 Πνεύματι
640 411 782 463 ἄγεσθε,
803 413 863 449 οὐκ
887 411 962 450 ἐστὲ
991 412 1057 449 ὑπὸ
1073 410 1126 449 νό-

101 489 180 522 μον.
203 475 255 511 Οὐ
269 473 335 524 γὰρ
355 472 496 510 {Mes-is.
514 474 660 522 Πνεῦμα
679 473 833 517 δουλείας
855 473 926 510 πάλ
931 488 959 510 ιν
987 475 1014 510 εἰ
1019 489 1033 515 ς
1061 471 1121 523 (ρό-
1147 474 1171 505 C

101 535 172 581 60v,
211 535 288 572 ἀλλ’
318 533 461 571 ἐλάέετε
491 534 639 583 Πνεῦμα
668 533 851 577 υἱοθεσίας.
873 533 941 571 Καὶ
972 532 1051 571 τότε
1088 531 1123 569 δὲ

98 594 213 632 πάντα
240 594 329 646 ἅπερ
354 593 501 640 ἐποίουν,
520 593 802 646 παραγενομένου
827 596 886 631 τοῦ
918 592 1124 642 Πνεύματος

100 654 489 707 ἓθαυματούργουν.Καὶ
503 654 695 707 Κορινθίοις
709 654 743 692 δὲ
757 654 898 705 γράφων
915 653 1011 704 ἔλεγε
1023 655 1122 691 Παῦ-

99 719 173 761 λος·
193 716 283 754 'Ami'
320 716 579 763 ἀπελούσασθε,
602 718 678 754 ἀλλ’
699 715 890 766 ἡγιάσθητε
912 717 946 752 ἐν
978 717 1027 766 τῷ
1048 715 1119 753 ὀνό·

101 792 186 827 ματι
217 781 277 815 τοῦ
312 777 439 830 Κυρίου
459 780 560 827 ἡμῶν
583 777 697 823 Ἰησοῦ
731 777 904 827 Χριστοῦ,
925 776 985 814 καὶ
1011 778 1044 814 ἐν
1072 779 1122 829 τῷ

99 838 352 889 Πνεύματιτοῦ
365 840 456 876 Θεοῦ
472 841 587 888 ἡμῶν.
609 837 711 874 Ἐπεὶ
727 831 783 875 οῦν
807 860 812 874 ι
831 837 882 889 ερὶ
901 836 962 887 μὲν
984 837 1123 890 Πατρὸς

99 900 212 937 πολλὰ
232 900 396 946 ἥκουσαν,
411 898 470 937 καὶ
493 898 549 936 τὸν
572 899 652 936 Υἱὸν
673 897 708 936 δὲ
734 891 820 936 εἶδον
839 898 952 937 πολλὰ
969 898 1122 950 ἐργασά-

100 975 214 1009 μενον,
240 960 320 1013 περὶ
344 960 378 997 δὲ
402 963 462 997 τοῦ
492 958 698 1009 Πνεύματος
717 958 814 997 οὐδὲν
847 959 983 997 οὐδέπω
1006 962 1124 1009 σαφῶς

98 1020 239 1070 ᾔδεσαν,
263 1024 535 1072 θαυματουργεῖ,
561 1019 620 1058 καὶ
640 1019 702 1066 τὴν
721 1020 856 1058 τελείαν
876 1020 1007 1071 εἰσάγει
1035 1024 1123 1072 γνῶ-

99 1096 165 1119 σιν.
188 1080 279 1117 Ἀλλ’
301 1081 357 1118 ἵνα
377 1080 425 1132 μὴ
447 1083 560 1131 μεῖζον
583 1083 734 1119 ἐντεῦθεν
764 1082 1003 1128 ὓποπτεύηται
1019 1080 1123 1133 (ὅπερ

99 1141 204 1193 ἔφθην
234 1142 380 1190 εἰπὼν),
404 1142 461 1180 διὰ
488 1142 590 1180 τοῦτο’
618 1157 741 1194 φησιν·
768 1142 867 1180 ”Οσα
899 1142 938 1179 ἂν
971 1142 1123 1194 ἀκούσῃ,

99 1203 271 1251 λαλήσει,
293 1204 352 1242 καὶ
382 1203 426 1240 τὰ
456 1204 631 1255 ἐρχόμενα
663 1205 857 1254 ἀναγγελεῖ.
879 1203 981 1241 Ἐπεὶ
1011 1206 1041 1241 εἰ
1074 1204 1122 1254 μὴ

100 1265 202 1303 τοῦτό
221 1268 314 1312 ἐστι,
336 1268 409 1308 πῶς
425 1267 487 1303 οὐκ
503 1265 644 1312 ἄτοπον,
665 1266 695 1301 εἷ
714 1264 792 1303 τότε
809 1264 951 1315 ἔμελλεν
969 1264 1121 1313 ἀκούειν,

101 1327 159 1364 καὶ
179 1327 235 1365 διὰ
254 1326 332 1370 τοὺς
358 1326 672 1377 μαθητευομένους,
693 1325 786 1364 Οὐδὲ
812 1326 880 1377 γὰρ
899 1327 978 1364 τότε
1002 1326 1126 1376 ἔμελλε

100 1390 177 1426 καθ’
199 1390 288 1438 ὑμᾶς
308 1388 455 1435 εἰδέναι,
477 1390 505 1425 εἷ
534 1387 581 1437 μὴ
603 1387 660 1425 διὰ
679 1387 756 1430 τσὺς
771 1387 1035 1438 ἀκουσομένους.
1055 1388 1124 1426 Καὶ

99 1449 134 1486 τί
161 1448 282 1487 τούτου
306 1447 600 1502 παρανομώτερον
621 1452 679 1485 τοῦ
716 1447 872 1499 ῥήματος
906 1449 1031 1500 γένοιτ’
1063 1449 1122 1497 ἅν;

99 1508 232 1552 Ἄλλως
265 1509 320 1546 δέ·
339 1509 374 1546 τί
411 1509 470 1546 καὶ
503 1508 644 1558 ἔμελλεν
676 1508 912 1554 ἀκούσεσθαι;
949 1509 986 1546 οὐ
1015 1513 1125 1546 ταῦτα

236 1564 295 1589 h„

99 1586 188 1608 ΤαΓῖ
192 1586 213 1607 α
263 1586 338 1607 Εῑπε
359 1569 415 1607 Gt&
433 1586 502 1606 ’ἴων
534 1584 739 1621 7t00'9‘r1sstw)1;
760 1568 872 1607 Εἴῗςὶ
862 1568 929 1622 (etp
961 1569 1042 1619 περὶ
1062 1585 1125 1615 τῆς

596 1630 668 1643 xx!

98 1635 158 1668 τοῦ
177 1630 282 1681 νόυου
299 1630 430 1674 λύσεως
450 1630 573 1680 ἔμελλε
593 1645 781 1675 οιοασκειν,
803 1646 936 1682 ειρητο·
958 1630 1026 1668 εἴτε
1044 1646 1125 1682 περι

98 1695 158 1729 τοῦ
181 1693 332 1744 Χριστοῦ
351 1707 410 1730 και
432 1694 494 1736 τ’ῆς
514 1690 674 1737 θεότητος
706 1693 832 1739 αὐτοῦ,
858 1707 917 1729 και
943 1707 1005 1737 της
1029 1693 1126 1729 οἱκο-

100 1755 243 1805 νομίας,
277 1754 336 1792 καὶ
364 1758 473 1792 ταῦτα
504 1753 634 1804 εἴρητο.
662 1754 709 1791 Τί
740 1753 806 1805 γὰρ
836 1754 894 1791 καὶ
922 1751 1140 1807 τρανότερον

101 1817 227 1866 ἔμελλε
244 1815 332 1866 μετὰ
343 1819 453 1853 ταῦτα
472 1817 580 1865 ἐρεῖν,
595 1815 666 1853 Καὶ
683 1814 727 1852 τὰ
743 1814 915 1866 ἐρχόμενα
932 1816 1125 1865 ἀναγγελεῖ.

101 1877 274 1915 Ἐνταῦθα
296 1877 448 1926 ,μάλιστα
465 1875 634 1914 δείκνυσιν
656 1878 758 1914 αὐτοῦ
775 1876 814 1913 τὸ
833 1875 990 1926 ἀξίωμα,
1007 1874 1126 1921 ἐπειδὴ

100 1941 192 1977 Θεοῦ
209 1941 309 1976 τοῦτο
334 1937 487 1988 μάλιστα
503 1936 602 1982 ἴδιον,
622 1937 660 1975 τὸ
676 1937 788 1988 λέγειν
807 1936 850 1975 τὰ
878 1936 1061 1987 μέλλοντα.
1083 1938 1128 1974 Εἰ

101 1999 136 2038 δὲ
154 1999 212 2037 καὶ
236 1999 318 2037 αὐτὸ
339 1999 505 2049 μανθάνοι
531 2000 614 2052 παρ’
636 1998 777 2049 ἑτέρων,
798 1997 892 2035 οὐδὲν
915 1997 1021 2036 πλέον
1059 1997 1128 2041 ἕξει

101 2063 169 2098 τῶν
194 2064 400 2113 προφητῶν·
432 2061 508 2098 ἀλλ’
548 2062 693 2098 ἐνταῦθα
730 2059 792 2106 τὴν
830 2059 1128 2112 ἀπηκριὲοψένην

101 2122 185 2174 πρὸς
214 2122 271 2160 τὸν
292 2123 381 2160 Θεὸν
409 2125 535 2194 γνῶσιν
559 2122 678 2168 δηλοῖ,
698 2120 750 2158 ὅτι
783 2120 949 2158 ἀδύνατον
983 2120 1066 2158 ἄλλο
1094 2137 1128 2158 τι

100 2183 309 2235 φθέγξασθαι
337 2183 453 2221 αὐτόν.
490 2183 542 2222 Τὸ
575 2183 628 2229 δε,
658 2183 724 2221 Εκ
755 2187 815 2220 τοῦ
844 2185 927 2233 ἐμοῦ
956 2183 1128 2235 λήτιεται,

99 2245 177 2292 ἦτοι
197 2246 236 2282 ἐκ
255 2249 314 2282 τοῦ
330 2245 550 2297 γαρίσαατος
571 2249 631 2282 τοῦ
651 2246 697 2287 εἷς
723 2243 786 2290 τὴν
807 2243 920 2295 σάρκα
953 2260 1016 2290 την
1040 2243 1128 2294 ἐμὴν

101 2305 312 2352 ἐλθόντος,
294 2323 316 2352 η
336 2305 388 2344 ὅτι
409 2305 477 2343 ἀπο
496 2308 557 2351 τ’ἧς
576 2321 686 2357 γνωσε
673 2322 758 2353 ως,
777 2309 818 2351 ἧς
847 2304 906 2342 καὶ
940 2303 1007 2356 ἐγὼ
1039 2304 1128 2356 ἔχω,

101 2384 165 2420 ου]
195 2370 242 2412 ὡς
270 2367 448 2418 δεόμενος,
470 2367 544 2405 οὐδε
563 2370 610 2410 ὥς
630 2370 712 2420 παρ’
735 2366 852 2419 ἑτέρου
887 2365 1018 2417 υ.αθιον,
1048 2367 1125 2403 ἀλλ’

2091 195 2181 258 :329

1196 292 1286 327 estis
1313 291 1382 326 sub
1409 289 1502 341 lege.
1535 290 1626 326 Non
1655 291 1757 326 enim
1785 293 1983 341 accepistis
2005 295 2181 342 spiritum

1195 352 1390 387 servitutis
1411 352 1551 387 iterum
1571 353 1612 387 in
1629 352 1780 395 timore,·
1801 352 1867 388 scd
1885 355 2085 403 accepistis
2100 353 2182 404 Spi-

1195 415 1312 449 ritum
1333 414 1552 464 adoptionis
1571 413 1766 465 filiorum.
1793 414 1898 451 Tunc
1921 429 2007 452 vero
2029 430 2106 465 ‹11¹ae
2129 417 2182 454 fa-

1194 473 1333 512 ciehant
1353 475 1542 523 miracula,
1563 489 1626 527 per
1642 475 1820 527 Spiritum
1840 474 1900 526 qui
1928 487 2182 527 supervenerat

1194 535 1356 574 edebant.
1373 536 1423 573 Et
1444 535 1640 574 Corinthiis
1665 536 1820 574 scribens
1852 535 1994 574 dicebat
2024 537 2155 574 Paulus
2175 554 2181 574 :

1195 599 1271 637 Sed
1301 600 1428 637 abluti
1452 603 1554 645 estis,
1584 601 1654 637 sed
1672 600 1910 652 sanctificati
1933 602 2023 637 escis
2049 602 2089 636 in
2117 614 2183 637 no-

1196 664 1299 699 mine
1313 663 1476 699 Domini
1493 665 1612 700 nostri
1635 663 1729 700 Jesu
1751 663 1910 708 Christi,
1930 671 1965 699 ct
1982 664 2023 698 in
2041 662 2184 714 Spiritu

1196 724 1271 763 Dei
1287 726 1422 762 nostri.
1441 724 1532 761 Cum
1548 724 1657 775 igitur
1673 724 1786 761 multa
1804 723 1849 761 de
1862 724 1966 761 Patre
1987 722 2182 774 audissent,

1194 792 1228 820 et
1246 783 1380 821 Filium
1405 784 1579 822 vidissent
1606 784 1719 821 multa
1748 793 1963 836 operantem,
1982 783 2027 821 de
2046 784 2184 836 Spiritu

1193 853 1312 882 autem
1339 845 1521 882 nihildum
1541 846 1726 883 manifeste
1747 845 1897 882 scirent:
1922 845 1996 897 ipse
2014 845 2186 883 miracula

1194 905 1282 953 edit,
1309 915 1341 943 et
1365 907 1559 958 perfectam
1594 906 1732 944 inducit
1762 906 2012 957 cognitionem.
2045 906 2116 944 Sed
2144 921 2186 945 ne

1193 967 1278 1005 hinc
1296 969 1409 1020 major
1428 984 1500 1007 esse
1516 978 1713 1021 putaretur,
1729 978 1768 1006 ut
1784 969 1877 1018 dixi,
1895 968 1972 1005 ideo
1985 968 2034 1006 ait
2052 984 2059 1004 :
2079 970 2186 1019 chae-

1195 1042 1358 1080 cumque
1371 1031 1516 1076 audiet,
1537 1030 1727 1082 loquetur,
1747 1038 1782 1066 et
1799 1043 1884 1081 qnae
1896 1037 2063 1066 ventura
2079 1038 2181 1075 sunt,

1195 1092 1461 1128 annuntiabit.
1485 1092 1576 1128 Nam
1602 1090 1671 1127 nisi
1695 1089 1762 1127 hoc
1787 1098 1891 1138 esset,
1915 1089 2093 1139 quomodo
2116 1104 2185 1127 non

1195 1152 1392 1189 absurdum
1408 1152 1508 1200 soret,
1523 1152 1552 1190 si
1568 1161 1654 1190 tunc
1671 1151 1861 1189 auditurus
1877 1160 1980 1201 esset,
1997 1161 2030 1188 et
2042 1161 2185 1204 propter

1195 1213 1417 1266 discipulos?
1437 1215 1560 1264 Neque
1583 1214 1678 1251 enim
1700 1213 1894 1252 seeundum
1921 1227 1985 1251 vos
2015 1222 2099 1250 tunc
2123 1227 2185 1251 no-

1195 1276 1311 1314 titiam
1326 1285 1533 1329 accepturus
1548 1286 1639 1325 erat,
1656 1277 1724 1314 nisi
1738 1285 1883 1329 propter
1895 1274 2089 1313 audituros.
2105 1276 2186 1322 Quo

1196 1337 1293 1375 dicto
1314 1337 1402 1388 quid
1426 1337 1584 1388 iniquius
1610 1337 1741 1375 fuerit?
1762 1337 1949 1387 Alioquin,
1975 1336 2065 1386 quid
2084 1337 2186 1374 audi-

1195 1407 1297 1435 turus
1321 1399 1417 1436 erat?
1444 1412 1559 1436 nonne
1586 1399 1661 1436 haec
1692 1398 1809 1436 omnia
1830 1398 1973 1435 dixerat
2003 1412 2067 1450 per
2098 1412 2184 1450 pro-

1195 1459 1348 1510 phetas?
1369 1460 1461 1496 Nam
1486 1460 1561 1496 sive
1589 1458 1634 1496 de
1657 1459 1746 1510 legis
1776 1459 1950 1496 solutione
1975 1459 2187 1509 loquuturus

1197 1530 1284 1568 erat,
1310 1521 1386 1558 sive
1404 1520 1448 1558 de
1467 1521 1623 1568 Christo,
1650 1520 1695 1558 de
1723 1520 1924 1568 divinitate,
1951 1529 1984 1557 et
2005 1520 2048 1557 de
2072 1520 2187 1557 incar-

1198 1582 1352 1631 natione,
1365 1582 1523 1634 haecjam
1535 1581 1629 1619 dicta
1642 1582 1792 1619 fuerant.
1809 1580 1909 1629 Quid
1922 1581 2016 1618 enim
2031 1581 2188 1632 apertius

1198 1653 1318 1695 postea
1333 1643 1494 1682 dicturus
1513 1644 1616 1681 erat?
1637 1645 1691 1681 Et
1708 1658 1792 1696 qzcae
1812 1652 1981 1680 ventura
1996 1651 2098 1687 sunt,
2119 1657 2190 1680 an-

1200 1708 1406 1744 nuntiabit.
1425 1706 1493 1743 Hic
1506 1705 1662 1743 maxime
1682 1704 1837 1743 ostendit
1855 1705 1931 1757 ejus
1952 1703 2163 1755 dignitatem
2180 1720 2187 1740 :

1199 1781 1281 1804 nam
1300 1766 1367 1804 Dei
1389 1766 1746 1818 maximeproprium
1763 1774 1831 1814 est,
1851 1766 1971 1803 futura
1985 1763 2187 1816 praedicere.

1200 1827 1306 1874 Quod
1321 1828 1350 1865 si
1369 1827 1437 1865 hoe
1461 1827 1576 1865 discat
1595 1827 1639 1864 ab
1653 1827 1753 1875 aliis,
1768 1826 1861 1863 nihil
1878 1826 1961 1878 plus
1983 1839 2091 1876 quam
2112 1840 2191 1877 pro-

1200 1891 1316 1944 plietae
1340 1891 1488 1928 habebit
1510 1907 1517 1928 :
1546 1890 1609 1928 sed
1633 1889 1692 1927 hic
1722 1889 2027 1927 accuratissimam
2054 1890 2091 1927 in
2116 1891 2190 1927 Deo

1199 1952 1436 2004 cognitionem
1452 1951 1623 2001 ostendit,
1646 1950 1744 2002 quod
1763 1950 1854 1987 nihil
1876 1950 1977 1988 aliud
1991 1951 2088 2001 loqui
2104 1965 2187 2003 pos-

1200 2011 1256 2049 sit.
1273 2010 1370 2048 Illud
1382 2025 1483 2061 vero,
1502 2012 1563 2048 De
1579 2025 1662 2047 meo
1676 2012 1854 2060 accipiet;
1871 2023 1998 2061 nempe
2012 2009 2057 2046 de
2076 2009 2189 2060 gratia

1200 2073 1330 2125 quaein
1354 2087 1495 2111 carnem
1525 2087 1641 2110 meam
1670 2071 1831 2121 advenit,
1855 2070 1931 2109 sive
1951 2070 1996 2108 de
2016 2071 2076 2107 illa
2097 2070 2188 2122 ipsa,

1200 2150 1309 2187 quam
1329 2149 1393 2186 ego
1411 2135 1526 2172 habeo
1553 2133 1753 2185 cognitione
1761 2148 1772 2183 3
1795 2146 1865 2169 non
1882 2132 1983 2182 quasi
2002 2140 2113 2182 egeat,
2132 2131 2192 2169 vel

1199 2197 1245 2235 ab
1264 2197 1334 2235 alio
1350 2197 1483 2245 discat,
1506 2195 1567 2234 sed
1587 2195 1686 2246 quod
1703 2209 1774 2232 una
1795 2193 1988 2243 eademque
2006 2193 2051 2231 sit
2066 2193 2188 2244 cogni-

1200 2259 1261 2296 tio.
1286 2259 1360 2296 Cur
1383 2272 1468 2296 vero
1491 2258 1560 2307 sic,
1584 2271 1697 2307 neque
1723 2255 1827 2293 aliter
1848 2254 1965 2292 dixit?
1983 2254 2077 2301 Quia
2098 2268 2188 2291 non-

1199 2320 1288 2358 dum
1326 2320 1419 2373 Spu
1411 2330 1480 2358 itus
1519 2319 1682 2357 notitiam
1712 2318 1903 2355 habebant.
1929 2318 2050 2363 Quare
2080 2330 2193 2353 unum

1199 2392 1338 2420 tantum
1367 2390 1484 2431 curat,
1504 2390 1544 2418 ut
1572 2380 1738 2418 ciedatui
1767 2389 1800 2417 et
1827 2379 2022 2431 accipiatur
2047 2378 2092 2415 ab
2119 2378 2190 2428 eis,

1372 193 1432 238 al.
1473 209 1639 238 Lxxvu.

2199 296 2381 327 Rmu.8.‹5.

2204 622 2227 640 1.
2245 613 2314 642 Cor.
2332 615 2361 643 6.

2205 663 2249 683 ll.

101 2445 148 2471 ως
170 2445 209 2479 ω·
212 2445 250 2472 ας
267 2428 371 2471 Οὔσης
386 2444 446 2465 ναι
464 2444 526 2474 ἠς
558 2443 678 2474 αυτθς
698 2427 768 2465 KQ
796 2426 888 2464 0²³(
907 2427 1014 2470 οὑτως
1034 2430 1126 2473 εἷπε,
1140 2463 1188 2489 463
1201 2460 1263 2483 nec
1282 2444 1571 2483 scandalizentur.
1594 2442 1690 2489 Quia
1710 2441 1804 2479 enim
1821 2440 1986 2478 dixeiat:
2008 2442 2046 2478 U
2044 2454 2115 2478 nus
2135 2448 2191 2478 est
2208 2448 2318 2477 Matar.
2341 2447 2394 2476 23.

101 2504 161 2526 και
180 2505 229 2539 μθ
254 2488 394 2540 ξ’·Ξρωςῖ
410 2487 496 2526 Oq
522 2488 655 2525 Οὐδέπω
671 2504 729 2525 τον
745 2504 824 2538 περι
843 2504 902 2525 του
922 2487 1127 2537 Πνξυυατος
1153 2504 1176 2530 A
1200 2510 1390 2559 ,Magi'ster
1419 2514 1548 2543 vester
1574 2505 1766 2547 Christus,·
1786 2517 1830 2540 ne
1856 2511 2021 2554 putarent
2049 2489 2233 2540 Clnistog·

799 2548 861 2591 ζει
891 2548 1006 2597 μόνον,
1037 2548 1128 2586 ὣστε

102 2548 228 2601 ῃδεσαν
254 2549 370 2600 λόγον.
380 2548 561 2623 Διόπερ
546 2561 580 2586 εν
607 2564 808 2586 κατασκευα

103 2614 331 2656 πιστευθηναι
354 2610 452 2647 αὐτον
476 2626 536 2648 και
554 2610 720 2661 δεχθηναι
741 2611 823 2660 παρ’
848 2610 973 2653 αὐτων,
997 2625 1055 2647 και
1079 2609 1126 2659 μὴ

104 2673 409 2717 σκανδαλισθῆναι.
426 2670 572 2717 Ἐπειδὴ
591 2671 657 2722 γὰρ
676 2670 804 2722 ἔλεγεν,
825 2663 887 2713 Εἷς
907 2673 979 2708 ἔστι
995 2673 1092 2720 ὑμῶν
1112 2673 1129 2708 ὃ

103 2732 309 2775 διδάσκαλος
328 2735 345 2770 ὁ
362 2731 510 2783 Χριστὸς
528 2761 537 2777 ,
561 2730 617 2768 ἵνα
643 2731 690 2782 μὴ
715 2731 886 2781 νομίσωσι
917 2730 1129 2782 παρακούειν

104 2792 224 2844 ἐκείνῳ
243 2793 461 2843 πειθόμενοι,
481 2793 545 2843 μία
561 2796 582 2839 ἡ
602 2791 669 2842 ἐμὴ
686 2791 745 2829 καὶ
767 2791 897 2829 ἐκείνου
922 2791 1130 2829 διδασκαλία

104 2853 213 2892 ἐστίν·
231 2853 264 2897 ἐξ
292 2849 338 2892 ὧν
366 2855 509 2905 ἔμελλον
539 2853 607 2905 ἐγὼ
633 2853 831 2900 διδάσκειν,
850 2855 888 2891 ἐκ
916 2856 985 2890 τῶν
1017 2854 1129 2891 αὐτῶν

103 2914 163 2951 καὶ
184 2914 283 2956 αὐτὸς
304 2917 385 2965 ἐρεῖ.
412 2915 472 2962 Μὴ
497 2915 538 2962 δὴ
558 2914 724 2965 νομίσητε
745 2913 848 2966 ἕτερα
864 2907 950 2951 εἶναι
969 2913 1013 2951 τὰ
1042 2914 1131 2952 ἐκεί-

102 2990 160 3011 νου
175 2989 182 2997 ·
199 2974 258 3012 καὶ
275 2974 343 3026 γὰρ
358 2975 417 3012 καὶ
438 2978 552 3013 ἐκεῖνα
573 2975 640 3026 ἐμοί
657 2977 751 3023 ἐστι,
772 2975 832 3012 καὶ
852 2974 917 3020 τὴν
944 2973 1031 3024 ἐμὴν
1054 2990 1131 3021 συγ-

104 3041 219 3088 κροτεῖ
237 3035 347 3079 δόξαν.
367 3035 433 3074 Ἓν
451 3036 517 3088 γὰρ
534 3036 670 3087 θέλημα
686 3036 826 3087 Πατρος
838 3066 846 3080 ‚
866 3034 925 3073 καὶ
944 3035 1027 3072 Tio&
1044 3065 1052 3082 ,
1071 3034 1131 3073 καὶ

105 3096 202 3148 ἁγίου
220 3097 437 3146 Πνεύματος.
462 3099 567 3135 Οὕτω
586 3098 645 3136 καὶ
664 3101 758 3147 ἡμᾶς
775 3091 862 3134 εἶναι
873 3095 1048 3170 βούλεται
1068 3096 1130 3135 λέ·

105 3173 196 3208 γων·
213 3157 292 3195 Ἵνα
311 3151 432 3195 ὦσιν
417 3172 465 3206 εν,
485 3158 599 3201 καθως
613 3158 672 3197 καὶ
687 3157 755 3233 ἐγὼ
770 3157 830 3194 καὶ
850 3172 891 3193 συ
910 3157 944 3193 εν
961 3158 1079 3207 ἐσυηεν

159 3218 269 3256 Ουῦίν
284 3218 351 3272 γὰρ
377 3219 536 3269 ΟῌἉΟΙΟίας
568 3219 641 3258 ἴσον
661 3235 737 3257 ΟυΟΞ
767 3215 987 3269 συῑ]’3ωνίας”
997 3221 1037 3279 Νὸ
1068 3218 1136 3272 γὰρ

1200 2582 1269 2606 non
1287 2568 1420 2605 habeie
1447 2567 1469 2603 s
1475 2566 1574 2613 dem
1595 2565 1623 2602 si
1641 2565 1695 2601 illi
1722 2563 2027 2611 c1ede1ent‚Una
2047 2572 2114 2613 est,
2132 2564 2188 2601 in-

1201 2629 1295 2680 quit,
1313 2638 1346 2666 et
1367 2642 1443 2665 mea
1463 2636 1496 2665 et
1512 2627 1609 2664 illius
1628 2625 1809 2673 doctrina3
1829 2639 1875 2663 ex
1894 2624 1939 2662 iis
1959 2639 2037 2675 quae
2056 2638 2120 2675 ego
2136 2624 2192 2662 di-

1201 2700 1321 2728 cturus
1348 2704 1444 2727 eram
1458 2719 1467 2737 ,
1496 2703 1541 2726 ex
1566 2687 1694 2725 iisdem
1716 2696 1748 2724 et
1767 2687 1842 2739 ipse
1865 2685 1971 2724 dicet.
1994 2687 2047 2724 Ne
2063 2687 2192 2738 putetis

1200 2752 1269 2789 alia
1294 2751 1339 2788 ab
1367 2751 1430 2788 illo
1460 2749 1550 2798 dici3
1578 2762 1660 2786 nam
1689 2748 1753 2786 illa
1781 2761 1858 2785 mea
1884 2756 1983 2796 sunt,
2008 2762 2193 2799 meamque

1201 2813 1351 2864 gloriam
1369 2811 1558 2849 celebrant.
1577 2811 1658 2848 Una
1678 2808 1772 2847 enim
1792 2817 1844 2846 est
1868 2808 2033 2846 voluntas
2059 2809 2191 2858 Patris,

1202 2874 1305 2923 Filii,
1319 2883 1352 2912 et
1366 2873 1522 2926 Spiritus
1535 2871 1658 2910 sancti.
1675 2872 1730 2909 Ita
1744 2880 1777 2909 et
1789 2885 1852 2908 nos
1866 2885 1939 2908 esse
1952 2870 2031 2908 vult
2045 2869 2166 2908 dicens
2182 2887 2189 2907 ε

1209 2938 1259 2975 Ut
1281 2938 1357 2974 sint
1387 2948 1520 2982 unum,
1551 2937 1651 2973 sicut
1682 2946 1750 2986 ego
1770 2941 1807 2971 et
1832 2941 1873 2970 tu
1898 2946 2018 2970 unum
2043 2945 2187 2971 sumus.

1259 3220 1296 3257 4.
1310 3218 1411 3257 Nihil
1430 3218 1524 3256 enim
1544 3232 1608 3270 par
1626 3216 1820 3255 concordiae
1841 3224 1874 3253 et
1889 3214 2088 3253 consensui:
2101 3227 2193 3251 unus

108 3273 174 3326 εἷς,
189 3281 414 3325 πολλοστός
399 3297 492 3319 εστιν
511 3280 626 3324 οὕτως.
639 3278 700 3319 Av
716 3279 783 3332 γὰρ
804 3278 977 3329 ὁμόψυχοι
993 3281 1059 3317 ὠσι
1077 3279 1137 3319 δύο
1160 3291 1183 3320 Β
1208 3281 1302 3320 enim
1320 3281 1370 3319 ita
1383 3279 1576 3332 multiplex
1595 3287 1658 3317 est.
1674 3278 1712 3317 Si
1725 3278 1820 3316 enim
1837 3274 2024 3315 concordes
2038 3274 2107 3312 sint
2120 3274 2191 3312 duo

154 3407 169 3430 b
196 3405 254 3438 Alii
274 3416 407 3453 προεῖπε,

2204 2943 2291 2970 Jocm.
2315 2951 2358 2979 ¹7.

2210 2993 2256 3011 ιι.

2222 3219 2376 3247 concordi.
2374 3230 2394 3247 ν,

2204 3262 2328 3289 bonurn
