2481 3678
320 209 403 255 188
729 222 767 252 s.

116 316 296 347 J01112.8.12.
313 306 475 357 impurus
500 313 598 342 esset.
614 303 660 341 Et
692 303 728 340 in
756 302 982 353 sequentihus
1012 300 1087 338 ait:
1106 299 1190 350 Ego
1214 309 1297 335 sum

316 367 400 410 luas
419 364 479 402 hic
500 374 617 402 autem
640 364 709 412 ait,
737 365 847 400 Venit
880 363 947 400 lux
972 364 1013 398 in
1045 360 1242 397 mundum.
1256 358 1297 394 In

314 426 491 478 principio
520 425 615 463 enim
642 424 840 471 obscurius,
862 421 990 460 deinde
1021 421 1150 458 clarius
1175 419 1298 468 loque-

313 486 431 524 batur.
455 487 616 523 Attamen
635 485 742 522 homo
764 483 824 521 ille
854 482 1094 520 multitudinis
1120 482 1213 519 fama
1230 480 1297 518 de—

316 547 510 595 tinebatur,
525 554 739 597 quapropter
761 558 829 581 non
856 557 896 581 ea
915 557 985 593 qua
1003 557 1068 595 par
1086 552 1159 580 erat
1176 542 1297 579 uteba-

316 617 374 645 tur
393 607 564 645 libertate.
586 605 780 656 Fugiamus
795 616 878 655 ergo
894 603 1035 641 inanem
1050 603 1199 655 gloriam
1206 617 1217 652 5
1232 602 1300 639 1100

807 220 882 251 JOA
893 219 992 250 NMS
1028 216 1272 248 CHRYSOST.

317 667 410 704 enim
445 667 617 706 vitiorum
655 664 816 702 omnium
853 663 1204 702 vehementissimum
1236 670 1298 699 est.
1323 672 1347 704 G

316 728 408 765 Hinc
425 727 575 766 avaritia
594 735 626 764 et
651 739 748 764 amor
772 724 1002 777 pecuniarum
1021 725 1199 773 oriuntur,
1215 722 1300 760 hinc

318 789 410 837 odia,
444 787 553 837 bella,
587 787 677 825 lites.
712 788 804 824 Nam
835 786 896 837 qui
933 786 1036 838 plura
1071 783 1299 836 concupiscit,

317 863 491 900 nusquam
511 848 696 887 consistere
722 847 862 900 poterit.
883 847 989 885 Nulla
1016 856 1134 884 autem
1160 845 1229 883 alia
1255 843 1300 882 de

317 924 422 948 causa
448 919 570 948 caetera
598 919 704 959 amat,
725 922 832 959 quam
861 907 959 959 quod
986 921 1117 946 vanam
1149 905 1301 958 gloriam

317 980 420 1009 amet.
441 971 513 1009 Cur
529 971 636 1020 enim,
651 984 780 1021 quaeso,
801 969 1045 1007 eunuchorum
1060 981 1198 1019 agmen,
1223 980 1301 1017 gre-

316 1045 395 1083 gem
405 1046 600 1081 servorum,
616 1045 678 1069 cur
693 1040 831 1069 tantum
842 1031 972 1067 fastum
990 1029 1094 1066 multi
1108 1026 1302 1066 exhibent?

317 1094 397 1130 Non
418 1093 487 1129 alia
507 1107 623 1140 eausa,
642 1091 709 1128 nisi
734 1100 773 1127 ut
792 1090 924 1127 multos
941 1088 1096 1125 habeant
1125 1087 1301 1139 inoppor-

318 1162 410 1190 tuucc
432 1152 703 1203 magnificentiae
736 1160 851 1188 testes.
881 1150 918 1186 Si
940 1149 1032 1185 hanc
1062 1161 1146 1198 ergo
1171 1146 1302 1184 rescin-

316 1213 457 1261 damus,
480 1227 562 1250 cum
585 1212 697 1263 capite
713 1211 819 1248 ctiam
833 1209 991 1248 membra
1009 1208 1175 1259 nequitiae
1195 1207 1301 1244 tolle—

318 1288 409 1322 mus,
429 1273 589 1323 nihilque
604 1271 821 1323 prohibebit,
841 1269 1032 1321 quominus
1052 1278 1183 1306 terram
1201 1266 1303 1319 quasi

319 1335 444 1372 caelum
469 1334 675 1372 incolamus.
696 1333 818 1383 Neque
834 1332 927 1369 enim
946 1330 993 1369 ad
1014 1330 1209 1381 nequitiam
1228 1338 1304 1366 tan-

319 1403 396 1433 tum
411 1410 498 1446 quos
520 1395 614 1447 capit
642 1394 805 1446 impellit,
822 1393 883 1431 sed
902 1401 934 1430 et
960 1391 1087 1432 virtuti
1102 1405 1137 1429 se
1158 1386 1307 1428 subdole

140 1466 223 1494 Vana
243 1466 305 1503 glo·
321 1454 506 1506 admiscet;
527 1465 560 1494 et
580 1470 661 1493 cum
682 1470 701 1492 a
721 1455 854 1494 virtute
879 1466 942 1490 nos
963 1452 1126 1490 decutere
1153 1465 1223 1488 non
1247 1465 1306 1502 po-

119 1509 308 1577 {20:³3⁸ss
323 1526 402 1566 test,
424 1516 461 1553 in
497 1516 573 1568 ipsa
598 1516 660 1553 illa
691 1515 824 1554 virtute
854 1527 1023 1564 magnum
1053 1512 1308 1550 detrimentum

121 1591 209 1618 tollit.
324 1578 506 1630 importat,
546 1577 634 1615 dum
664 1577 801 1614 labores
821 1575 970 1612 tolerare
999 1573 1105 1624 cogit,
1137 1581 1169 1610 et
1208 1571 1308 1609 labo-

323 1652 404 1675 rum
425 1639 541 1675 fructu
560 1637 690 1690 privat.
710 1636 804 1673 Nam
831 1635 895 1686 qui
924 1634 971 1672 ad
1002 1648 1131 1673 vanam
1155 1633 1307 1685 gloriam

322 1699 478 1751 respicit,
497 1699 571 1737 sive
584 1697 775 1750 jejunium,
792 1697 867 1735 sive
885 1696 1092 1745 orationem,
1120 1695 1195 1734 sive
1218 1694 1308 1732 elee-

321 1774 509 1812 mosynam
546 1767 716 1809 exerceat,
752 1771 893 1796 omnem
928 1757 1062 1794 amittit
1091 1755 1303 1794 mercedem.

322 1821 404 1867 Quo
438 1820 569 1858 damno
601 1819 690 1871 quid
721 1817 960 1856 miserabilius
991 1817 1134 1854 fuerit?
1163 1817 1307 1867 quando

321 1895 446 1934 nempe
464 1882 544 1932 quis
566 1895 601 1919 se
624 1881 753 1918 frustra
776 1887 941 1927 macerat,
958 1877 1204 1928 ridiculusque
1225 1892 1308 1917 eva-

321 1942 387 1991 dit,
409 1952 442 1980 et
461 1958 480 1980 a
497 1956 649 1994 superna
671 1941 783 1993 gloria
804 1939 948 1978 excidit.
977 1940 1102 1989 Neque
1130 1939 1223 1977 enim
1243 1954 1308 1992 po-

320 2011 385 2041 test
411 2003 474 2053 qui
500 2012 687 2053 utramque
709 2000 896 2049 desiderat,
915 2008 1103 2049 utramque
1130 2000 1306 2051 consequi.

321 2064 513 2101 Possumus
526 2073 643 2101 tamen
659 2072 846 2112 utramque
861 2060 1037 2111 consequi,
1049 2059 1078 2098 si
1092 2074 1161 2097 non
1174 2069 1308 2099 utram-

319 2138 387 2175 que
418 2124 568 2176 gloriam
595 2124 896 2175 concupiscamus,
917 2120 976 2159 sed
1018 2120 1192 2159 caelestem
1230 2130 1308 2159 tan-

321 2194 417 2233 tum;
436 2185 498 2236 qui
516 2199 602 2224 vero
622 2193 809 2233 utramque
819 2191 925 2231 amat,
943 2196 1012 2219 non
1031 2191 1219 2231 utramque
1233 2182 1308 2219 adi-

320 2245 411 2297 pisci
428 2254 553 2297 potcst.
574 2243 815 2290 Quamobrem
835 2242 864 2279 si
881 2242 1032 2281 velimus
1052 2243 1204 2293 gloriam
1222 2241 1307 2279 adi—

321 2304 424 2357 pisci,
445 2305 623 2355 fugiamus
647 2304 841 2341 humanam
872 2302 1034 2353 gloriam,
1061 2311 1094 2339 ct
1126 2316 1202 2340 cam
1229 2315 1308 2353 quae

321 2380 339 2403 a
362 2365 435 2403 solo
455 2366 530 2402 Deo
546 2374 597 2402 est
613 2363 873 2411 desideremus;
893 2371 927 2400 et
952 2362 1002 2399 sic
1027 2371 1177 2414 utraque
1197 2365 1308 2415 potie-

321 2440 412 2463 mur.
434 2425 582 2463 Utinam
609 2438 692 2463 vero
718 2424 786 2462 hac
812 2424 987 2471 fruamur,
1008 2422 1122 2475 gratia
1147 2432 1180 2460 et
1208 2423 1309 2462 beni—

322 2486 453 2535 gnitate
477 2485 622 2523 Domini
647 2485 758 2523 nostri
782 2486 866 2523 Jesu
888 2482 1037 2532 Christi,
1057 2498 1121 2536 per
1143 2499 1250 2536 quem
1276 2495 1309 2524 et

1315 215 1501 245 ARCHIEP
1510 234 1520 244 .
1561 212 1905 245 CONSTANHNOP
1914 233 1923 243 .

1367 311 1465 334 κνυσι
1497 297 1539 333 δι’
1568 290 1615 333 ὧν
1644 296 1755 347 λέγει,
1774 296 1827 334 ὅτι
1853 298 1913 334 οὐκ
1933 294 2043 333 ἔνεστι
2075 292 2133 330 τὸν
2153 292 2229 343 ἐμοὶ
2249 292 2297 342 μὴ
2324 306 2382 329 πι-

1368 357 1533 395 στεύοντα
1553 358 1595 395 δι’
1614 358 1699 395 ἄλλο
1715 373 1749 394 τι
1769 356 1817 407 μὴ
1836 355 2025 401 πιστεύειν,
2047 354 2122 392 ἀλλ’
2139 352 2162 399 ἢ
2184 353 2239 390 διὰ
2252 352 2291 390 τὸ
2312 352 2383 402 βίον

1369 418 1562 470 ἀκάθαρτον
1589 418 1693 469 ἔχειν.
1721 417 1792 455 Καὶ
1811 416 1941 469 προϊὼν
1964 415 2025 468 μέν
2046 430 2149 467 φησιν
2162 429 2169 437 ·
2189 413 2285 464 Ἐγώ
2314 415 2385 462 εἰμι

1369 478 1408 516 τὸ
1436 481 1526 530 φῶς·
1555 480 1702 516 ἐνταῦθα
1721 477 1776 523 δὲ,
1802 471 1915 515 *mos
1933 477 1972 515 τὸ
1999 478 2070 529 φῶς
2093 478 2140 519 εἷς
2161 475 2218 513 τὸν
2243 473 2386 523 κόσμον.

1370 539 1432 578 Ἔν
1459 539 1526 591 γὰρ
1556 539 1750 592 προοιμίοις
1775 538 2075 588 συνεσκιασμένως
2114 537 2244 586 μᾶλλον
2265 533 2388 586 ἐφθέγ-

1370 615 1469 651 γετο·
1496 599 1627 652 προϊὼν
1659 599 1712 646 δὲ,
1744 598 1991 650 ξ’σαφέστεροψ
2013 599 2102 636 Ἀλλ’
2125 596 2219 646 ὅμως
2242 595 2308 633 ὑπὸ
2327 598 2389 641 τῆς

1372 660 1471 707 δόξης
1489 664 1506 699 ὁ
1525 660 1704 713 ἄνθρωπος
1724 659 1907 710 κατείχετο
1921 661 1984 704 τ’ἧς
2002 661 2071 696 τῶν
2086 659 2225 696 πολλῶν
2237 672 2244 679 ·
2262 655 2314 693 διὸ
2331 654 2390 692 καὶ

1372 720 1448 759 οὐδὲ
1468 721 1766 774 παρρησιάζεσθαι
1792 719 1951 772 ἠνείχετο
1978 722 2023 762 ὡς
2043 721 2165 771 ἐχρῆν.
2196 716 2390 768 Φεύγωμεν

1372 781 1482 821 τοίνυν
1515 782 1579 830 τὴν
1610 781 1712 829 κενὴν
1734 782 1851 826 δόξαν·
1879 786 1981 819 τοῦτο
1999 781 2066 832 γάρ
2092 782 2166 819 ἐστι
2192 778 2330 817 πάντων
2353 776 2393 814 τὸ

1373 843 1480 886 πάθος
1503 843 1807 896 τυραννικώτερον.
1828 842 2008 882 Ἐντεῦθεν
2028 840 2208 886 πλεονεξία
2224 839 2282 878 καὶ
2300 854 2392 891 χρη-

1376 903 1495 955 μάτων
1516 905 1617 957 ἔρως,
1638 907 1792 943 ἐντεῦθεν
1813 910 1912 955 μῖσος
1935 904 1994 942 καὶ
2023 904 2168 954 πόλεμοι
2188 901 2246 940 καὶ
2267 900 2391 952 μάχαι.

1374 966 1418 1004 Ὁ
1433 965 1500 1018 γὰρ
1515 971 1574 1004 τοῦ
1589 966 1745 1009 πλείονος
1763 967 1862 1018 ἐρῶν,
1882 966 2030 1015 οὐδαμοῦ
2050 967 2172 1010 στῆναι
2192 962 2389 1009 δυνήσεται.

1375 1026 1464 1078 Ὲρᾷ
1486 1026 1519 1064 δὲ
1539 1026 1726 1077 οὐδαμόθεν
1748 1026 1903 1073 ἄλλοθεν,
1925 1027 2000 1064 ἀλλ’
2024 1024 2092 1063 ἀπὸ
2111 1028 2171 1062 τοῦ
2195 1023 2291 1071 δόξης
2312 1024 2393 1074 ἐρᾷν

1376 1090 1487 1133 κενῆς.
1513 1086 1615 1130 Τίνος
1632 1087 1699 1138 γὰρ
1718 1087 1844 1135 ἕνεκεν,
1862 1086 1937 1125 εἶπέ
1958 1101 2037 1137 μοι,
2058 1088 2187 1132 πλῆθος
2207 1083 2393 1135 εὐνούχων,

1376 1146 1435 1184 καὶ
1451 1146 1674 1199 ἀνδραπόδων
1695 1147 1821 1198 ἀγέλας
1833 1178 1843 1195 ,
1874 1146 1932 1185 καὶ
1957 1146 2089 1192 πολλὴν
2112 1148 2143 1183 οἱ
2160 1144 2283 1183 πολλοὶ
2299 1159 2395 1195 περι-

1377 1208 1565 1246 ὅάλλονται
1590 1208 1802 1260 φαντασίαν;
1827 1210 1879 1245 Οὐ
1908 1208 2028 1260 χρείας
2050 1206 2180 1254 ἕνεκεν,
2212 1207 2288 1244 ἀλλ’
2308 1204 2396 1255 ὑπὲρ

1376 1272 1435 1307 τοῦ
1463 1268 1640 1321 μάρτυρας
1667 1269 1758 1321 ἔχειν
1785 1270 1847 1314 τῆς
1878 1267 2021 1320 ἀκαίρου
2049 1266 2178 1314 ταύτης
2207 1265 2398 1318 φαντασίας

1330 1337 1355 1366 D
1378 1329 1455 1372 τοὺς
1489 1331 1726 1373 ἀπαντῶντας.
1757 1327 1816 1367 Ἂν
1847 1328 1958 1366 τοίνυν
1992 1327 2123 1374 ταύτην
2152 1327 2398 1378 ἀποτέμωμεν,

1381 1390 1469 1441 μετὰ
1486 1393 1548 1437 τῆς
1567 1391 1721 1443 κεφαλῆς
1742 1389 1801 1428 καὶ
1820 1390 1865 1428 τὰ
1882 1388 1988 1428 λοιπὰ
2006 1392 2068 1436 τῆς
2086 1388 2210 1432 κακίας
2227 1387 2244 1409 ¹³
2256 1390 2398 1427 ἀνελοῦ-

1381 1467 1443 1501 μεν
1461 1451 1568 1502 μέλη,
1593 1451 1652 1489 καὶ
1675 1450 1770 1490 οὐδὲν
1789 1449 1828 1488 τὸ
1847 1453 2001 1490 κωλῦσον
2022 1450 2119 1489 ἔσται
2139 1448 2203 1496 τὴν
2221 1451 2285 1500 γῆν
2304 1452 2399 1499 ἡμᾶς

1379 1516 1485 1552 οἰκεῖν
1513 1517 1558 1557 ὡς
1585 1513 1642 1551 τὸν
1660 1512 1814 1565 οὐρανόν.
1845 1512 1937 1551 Οὐδὲ
1956 1512 2023 1564 γὰρ
2049 1511 2133 1562 πρὸς
2150 1510 2275 1548 κακίαν
2298 1509 2399 1561 μόνον

1380 1575 1462 1612 ὠθεῖ
1486 1574 1564 1617 τοὺς
1583 1573 1745 1620 ἁλόντας,
1775 1573 1864 1611 ἀλλὰ
1888 1573 1946 1610 καὶ
1972 1578 2047 1616 ταῖς
2076 1573 2214 1623 ἀρεταῖς
2237 1569 2398 1623 παρυφέ-

1381 1651 1488 1681 στηκε
1501 1651 1508 1659 ·
1540 1634 1598 1672 καὶ
1630 1634 1711 1673 ὅταν
1730 1638 1823 1684 ἡμᾶς
1842 1635 1970 1671 ἐκεῖθεν
2002 1632 2161 1670 ἐκὸαλεῖν
2182 1631 2230 1682 μὴ
2252 1633 2398 1682 δυνηθῇ,

1380 1698 1415 1734 ἐν
1430 1699 1515 1748 αὐτῇ
1539 1700 1581 1748 τῇ
1600 1698 1706 1748 ἀρετῇ
1725 1694 1857 1741 πολλὴν
1877 1694 1940 1741 τὴν
1959 1693 2085 1744 ζημίαν
2102 1692 2284 1744 ἐργάζεται
2295 1721 2304 1738 ,
2321 1691 2399 1735 τοὺς

1381 1757 1442 1807 μὲν
1460 1757 1583 1800 πόνους
1604 1759 1798 1803 ὑποστῆναι
1819 1755 2081 1806 ἀναγκάζουσα,
2108 1757 2176 1792 τῶν
2202 1754 2238 1792 δὲ
2255 1757 2399 1806 καρπῶν

1380 1820 1634 1869 ἀποστεροῦσα,
1663 1817 1707 1856 cO
1728 1817 1795 1869 γὰρ
1821 1816 1906 1868 πρὸς
1932 1815 2062 1863 ταύτην
2085 1814 2235 1866 βλέπων,
2258 1814 2317 1853 καὶ
2340 1831 2399 1861 νη-

1380 1879 1526 1928 στεύων,
1547 1878 1606 1918 καὶ
1626 1878 1825 1931 εὐχόμενος,
1846 1877 1905 1915 καὶ
1925 1877 2043 1923 ἐλεῶν,
2061 1875 2187 1928 ἀπέχει
2204 1876 2262 1914 τὸν
2279 1875 2399 1926 μισθὸν

1381 1941 1498 1978 αὐτοῦ.
1522 1940 1568 1978 Τί
1588 1938 1717 1986 ταύτης
1734 1942 1796 1986 τ’ἧς
1820 1938 1946 1989 ζημίας
1966 1936 2192 1989 ἐλεεινότερον
2207 1936 2331 1989 γένοιτ’
2346 1937 2399 1983 ἂν,

1381 2002 1457 2039 ἀλλ’
1476 2000 1498 2047 ἢ
1514 2000 1596 2039 ὅταν
1616 1999 1791 2052 συμὸαίνῃ
1815 1998 2004 2038 κόπτεσθαι
2022 2000 2097 2048 εἰκῇ
2119 1997 2178 2036 καὶ
2194 1999 2323 2049 μάτην,
2342 1997 2400 2036 καὶ

1380 2062 1639 2114 καταγέλαστον
1672 2061 1846 2113 γίνεσθαι,
1879 2060 1939 2098 καὶ
1969 2062 2031 2106 τῆς
2062 2060 2190 2098 ἄνωθεν
2219 2058 2400 2097 ἐκπίπτειν

1381 2123 1496 2172 δόξης
1521 2125 1574 2162 Οὐ
1592 2122 1660 2175 γὰρ
1680 2123 1772 2161 ἔστιν
1793 2121 1998 2174 ἀμφοτέρων
2025 2119 2215 2172 ἐφιέμενον,
2245 2119 2401 2171 ἀμφοτέ-

1383 2200 1448 2236 ρων
1465 2190 1596 2235 τυχεῖν.
1620 2185 1772 2236 ΩΤυχεῖν
1796 2182 1857 2234 μὲν
1884 2182 1952 2235 γὰρ
1971 2182 2063 2219 ἔστιν
2081 2179 2298 2232 ἀμφοτέρων,
2317 2180 2399 2219 ὅταν

1381 2245 1422 2292 δὴ
1444 2244 1492 2295 μὴ
1511 2244 1731 2296 ἀμφοτέρων,
1754 2244 1843 2281 ἀλλὰ
1861 2246 1923 2289 τῆς
1944 2249 2024 2293 μιᾶς
2044 2243 2268 2292 ἐπιθυμῶμεν
2286 2243 2349 2287 τῆς
2362 2243 2401 2278 ἐκ

1381 2306 1450 2342 τῶν
1467 2307 1619 2356 οὐρανῶν
1631 2320 1638 2328 ·
1655 2303 1859 2356 ἀμφοτέρων
1880 2303 1915 2340 δὲ
1933 2305 2064 2354 ἐρῶντα
2080 2304 2142 2340 οὐκ
2165 2301 2256 2339 ἔστιν
2283 2303 2400 2354 ἀμφο-

1381 2366 1489 2418 τέρων
1514 2370 1644 2417 τυχεῖν.
1670 2364 1800 2416 Διόπερ
1823 2366 1852 2401 εἰ
1874 2363 2069 2414 βουλόμεθα
2089 2361 2187 2407 δόξης
2207 2362 2400 2414 ἐπιτυγχά-

1381 2442 1462 2475 νειν,
1482 2426 1663 2479 φεύγωμεν
1687 2424 1751 2471 τὴν
1783 2423 1998 2475 ἀνθρωπίνην
2016 2423 2126 2468 δόξαν,
2146 2423 2205 2460 καὶ
2225 2425 2286 2469 τῆς
2304 2423 2401 2475 παρὰ

1381 2493 1441 2526 τοῦ
1461 2490 1554 2527 Θεοῦ
1584 2486 1690 2538 μόνης
1718 2488 1954 2536 ἐπιθυμῶμεν.
1976 2484 2082 2522 Οὕτω
2105 2483 2172 2536 γὰρ
2196 2484 2253 2521 καὶ
2272 2484 2401 2531 ταύτης

323 2559 401 2582 eum
417 2560 487 2595 quo
497 2545 592 2583 Patri
608 2545 719 2597 gloria
734 2559 873 2596 unaque
885 2553 1004 2583 sancto
1018 2544 1184 2597 Spiritui,
1196 2545 1231 2583 in
1247 2560 1310 2584 sae·
1322 2572 1370 2599 164
1382 2547 1545 2594 κάκείνης
1580 2546 1847 2597 ἐπιτευξόμεθα·
1885 2541 1926 2591 ἧς
1965 2545 2099 2596 γένοιτο
2136 2544 2268 2589 πάντας
2307 2549 2400 2596 ἡμᾶς

324 2605 401 2643 cula
417 2606 638 2644 saeculorum.
655 2608 777 2644 Amen.

369 2942 383 2957 ἔ·
400 2930 513 2964 Morcl.
533 2937 720 2977 σαφέστερον.
740 2934 830 2970 οὕτως
849 2935 915 2967 ὑπὸ.
939 2933 1029 2975 [Mox
1052 2933 1197 2967 Savil.et
1218 2932 1327 2966 Codd.

327 2982 431 3015 nostri
449 2987 548 3030 διόπερ
563 2985 627 3016 οὐδὲ
644 2997 665 3017 π
682 2983 692 3023 ]

371 3037 387 3061 b
404 3034 549 3076 Quidam
564 3038 729 3078 ἀνείλομεν.
748 3035 847 3076 [Mox
864 3035 965 3070 Suvil.
991 3044 1023 3069 et
1043 3036 1222 3070 Codd.cit.
1242 3039 1333 3075 οὕτως

328 3093 408 3131 ἡμᾶς
422 3088 537 3129 ainzim]

1334 2608 1361 2639 Α
1382 2610 1621 2653 θάπολαῦσαι,
1658 2606 1777 2659 χάριτι
1812 2606 1871 2644 καὶ
1905 2604 2145 2658 φιλανθρωπίᾳ
2178 2609 2236 2643 τοῦ
2270 2605 2399 2658 Κυρίου

1382 2673 1483 2721 ἡμῶν
1498 2669 1614 2716 Ἰησοῦ
1632 2670 1786 2720 Χριστοῦ
1801 2697 1810 2714 ,
1831 2668 1874 2705 δι’
1893 2661 1931 2704 οῦ
1947 2666 2005 2704 καὶ
2024 2668 2097 2716 μεθ’
2120 2660 2157 2704 οῦ
2176 2668 2226 2718 τῷ
2242 2666 2357 2718 Πατρὶ
2376 2670 2397 2712 ἦ

1384 2731 1481 2779 δόξα,
1502 2731 1575 2781 ἅμα
1596 2731 1646 2781 τῷ
1667 2729 1753 2781 ἁγίῳ
1772 2728 1974 2778 Πνεύματι,
2003 2729 2050 2770 εἷς
2074 2725 2152 2770 τοὺς
2178 2729 2304 2770 αἰῶνας
2329 2729 2396 2765 τῶν

1384 2793 1529 2832 αἰώνων.
1548 2790 1669 2842 Ἀμήν.

1440 2940 1453 2956 ⁰
1471 2932 1560 2970 Haec,
1579 2935 1675 2972 τυχεῖν
1689 2930 1747 2968 μὲν
1762 2931 1820 2970 γὰρ
1837 2930 1913 2958 ἔστιν
1928 2928 2118 2969 ἀμφοτέρων,
2137 2922 2256 2955 desunt
2272 2924 2303 2955 in
2326 2924 2399 2966 qui-

1399 2981 1550 3015 busdam.
1566 2979 1657 3022 [Mox
1673 2975 1774 3010 Savil.
1791 2981 1862 3010 ὅταν
1878 2983 1933 3018 μή.
1948 2972 2033 3008 Cod.
2053 2975 2116 3006 705
2130 2979 2202 3010 ὅταν
2215 2978 2245 3009 δὲ
2260 2975 2332 3017 μή]

1442 3044 1456 3059 ⁸
1475 3031 1589 3066 Morel.
1609 3034 1785 3067 ἀπολαῦσαι.
1801 3027 1904 3062 Savil.
1922 3032 2078 3069 ἐπιτυχεῖν.
