2481 3678
696 171 739 200 IN
777 169 985 201 JOANNEM
1024 167 1182 198 nomn„

100 247 173 300 ἔχοι
195 250 243 300 τῷ
266 250 381 303 Πατρὶ
409 250 468 288 καὶ
500 249 664 301 δύναμιν·
694 251 829 301 μέλλων
854 252 958 289 πάλιν
981 250 1118 287 ἅπαντα

100 314 208 348 ταῦτα
223 311 492 355 κατασκευάζειν
508 311 567 349 καὶ
595 312 720 364 ἑτέρως
735 342 744 357 ,
767 312 963 364 ἀναγκαίως
978 310 1040 357 τὴν
1061 312 1119 347 ἀν-

98 370 225 408 τίθεσιν
242 373 351 409 αὐτῶν
371 370 502 408 τέθεικε
520 370 674 424 πριίπην.
694 367 816 420 Εἶπον,
836 373 950 425 φησὶν,
967 372 1018 409 ὅτι
1031 370 1120 407 ζὨσ-

99 446 164 483 περ
180 435 197 468 ὁ
218 431 344 506 Πατὴρ
362 431 485 483 ἐγείρει
500 430 578 476 τοὺς
603 433 741 486 νεκροὺς
759 433 818 471 καὶ
837 436 1011 477 ζωοποιεῖ,
1032 428 1120 467 οὕτω

98 491 158 528 καὶ
176 495 192 529 ὁ
210 492 291 535 Υἱὸς
304 491 360 534 οὒς
379 496 413 530 Os
406 492 467 530 λει
488 495 657 537 ζωοποιεῖ·
674 488 814 542 εἶπον,’
793 510 846 533 οτι
860 492 904 530 Ὁ
925 489 1052 542 Πατὴρ
1066 489 1122 526 Οὗ-

100 552 180 590 δενα
200 552 330 604 κρίνει,
354 553 443 591 ἀλλὰ
459 560 574 593 πᾶσαν
593 555 656 601 τὴν
685 554 796 608 κρίσιν
812 553 939 591 δέδωκε
959 552 1009 587 τῶ
1026 551 1097 587 Υ(
1060 564 1120 599 ιω·

100 617 239 661 εἷπον,
226 614 279 652 ότι
295 615 344 652 δεῖ
367 621 471 668 τιμᾷν
491 616 548 654 τὸν
580 616 638 654 Υ
616 632 677 663 ιον,
697 619 742 658 ὡς
757 616 814 653 τὸν
830 612 991 666 Πατέρα·
1008 615 1122 657 εἷπον,

99 673 151 711 ὅτι
167 673 210 712 Ὁ
227 674 274 725 μὴ
291 691 402 726 τιμων
418 677 475 714 τὸν
496 676 554 713 Υ(
532 692 593 724 ιον,
612 675 688 714 οὐδὲ
704 676 760 714 τὸν
780 673 925 725 Πατέρα
944 678 1048 723 τιμᾷ·
1069 675 1121 709 εἰ-

100 750 176 781 πον,
203 734 255 773 ὅτι
275 735 319 774 Ὁ
343 736 475 774 ἀκούων
497 753 562 787 μου
584 736 661 779 τοὺς
681 736 819 787 λόγους,
847 733 906 772 καὶ
936 731 1120 778 πιστεύων,

100 797 185 833 c0132<
201 796 262 847 ὅψε
265 813 321 834 ται
341 797 500 843 θάνατον,
516 796 605 835 ἀλλὰ
628 795 900 848 μεταὸέὸηκεν’
885 811 923 834 εκ
943 800 1002 834 τοῦ
1018 794 1123 832 Θανά-

100 873 158 894 σου
181 860 227 900 εἷς
246 857 308 904 τὴν
337 858 450 905 ζωήν·
468 862 575 905 εἶπον,
591 857 643 896 ὅτι
655 860 677 903 ἧ
698 857 793 908 φωνή
811 873 875 907 μου
897 855 974 900 τους
985 871 1123 908 νεκρούς

101 918 309 966 ἀναστήσει,
328 935 406 962 τους
424 918 484 970 μὲν
504 935 574 968 νυν,
593 935 670 962 τους
693 917 727 956 δὲ
757 917 845 967 μετὰ
874 933 998 956 ταυτα·
1017 922 1123 965 εἷπον,

99 979 152 1017 ὅτι
173 979 359 1025 ἀπαιτήσω
380 979 479 1031 λόγον
493 982 560 1018 τῶν
574 977 927 1030 πεπλημμελημένων
951 978 1123 1022 ἅπαντας·

101 1032 208 1087 εἶπον,
224 1038 277 1078 ὅτι
301 1040 442 1084 δικαίως
461 1043 568 1094 κρινῶ
587 1041 646 1079 καὶ
666 1040 862 1092 ἀμείψομαι
890 1039 968 1083 τοὺς
994 1055 1122 1092 κατορ-

103 1104 254 1145 Οοῧντας.
276 1100 380 1140 Ἐπεὶ
395 1096 451 1140 οἶν
467 1102 605 1140 ἅπαντα
626 1106 736 1140 ταῦτα
752 1101 925 1154 ἀπόφασις
938 1096 993 1149 ἦν,
1009 1101 1068 1139 καὶ
1082 1101 1125 1138 τὰ

105 1162 165 1213 μὲν
186 1161 358 1214 λεγόμενα
374 1163 509 1215 μεγάλα
520 1193 530 1211 ,
552 1161 726 1206 ἀπόδειξις
744 1160 778 1200 δὲ
794 1165 856 1200 οὐκ
870 1156 911 1208 ἦν
932 1162 1066 1201 οὐδέπω
1077 1164 1127 1200 εἶ-

106 1223 237 1275 ρημένη
267 1224 378 1276 σαφὴς
404 1224 560 1272 ἐκείνοις,
587 1225 662 1262 ἀλλ’
679 1222 941 1276 ἀάμυδροτέρα·
961 1222 1126 1276 πρότερον

103 1283 164 1330 τὴν
185 1283 354 1322 ἀντίθεσιν
373 1284 508 1333 τίθησι,
526 1285 661 1336 μέλλων
677 1285 734 1323 ἐπὶ
752 1283 815 1332 τὴν
831 1285 1048 1332 κατασκευὴν
1059 1286 1127 1323 τῶν

105 1345 295 1397 εἰρημένων
321 1348 444 1398 ὃρμᾷν,
461 1345 588 1384 οὑτωσί
607 1362 681 1390 πως
707 1344 832 1397 λέγων,
849 1348 878 1383 εἷ
906 1346 965 1384 καὶ
992 1346 1040 1397 μὴ
1059 1352 1128 1389 τοῖς

106 1405 238 1456 ῥήμασι
268 1405 411 1449 τούτοις.
430 1406 521 1444 Ἀλλ’
550 1406 631 1450 ἴσως
652 1409 780 1460 ἐρεῖτε,
805 1406 921 1444 πάντα
947 1411 1056 1445 ταῦτα
1089 1405 1130 1443 σὺ

103 1467 214 1518 λέγεις
226 1496 235 1513 ,
253 1469 313 1504 οὐκ
328 1460 359 1504 εἶ
374 1466 410 1505 δὲ
430 1466 626 1511 ἀξιόπιστος
646 1467 779 1518 μάρτυς
800 1469 915 1519 σαυτῷ
932 1469 1129 1519 μαρτυρῶν.

105 1527 227 1580 Τούτῳ
249 1528 360 1565 τοίνυν
379 1529 516 1578 πρῶτον
539 1527 722 1565 καταλύων
744 1529 856 1565 αὐτῶν
887 1527 949 1574 τὴν
976 1529 1129 1579 φιλονει-

105 1587 196 1635 κίαν,
217 1590 267 1640 τῷ
284 1592 392 1626 Θεῖναι
410 1588 495 1642 ὅπερ
513 1588 655 1639 ἔμελλον
683 1590 784 1640 ἐρεῖν,
806 1588 866 1626 καὶ
887 1587 994 1632 δεῖξαι
1013 1587 1065 1625 ὅτι
1085 1581 1130 1626 οῗ-

106 1650 159 1686 δεν
176 1651 288 1686 αὐτῶν
304 1647 347 1686 τὰ
363 1648 546 1701 ἀπόρρητα
561 1652 622 1696 τῆς
636 1648 800 1697 διανοίας,
816 1648 876 1686 καὶ
890 1648 1017 1697 ταύτην
1035 1649 1130 1702 πρώ-

105 1727 167 1758 την
196 1709 367 1755 ἀπόδειξιν
404 1713 466 1756 τ’ῆς
511 1712 615 1749 αὐτοῦ
651 1710 829 1761 δυνάμεως
866 1710 1104 1763 παρεχόμενος
1120 1741 1129 1758 ,

106 1771 246 1823 ὕστερον
274 1770 362 1822 μετὰ
397 1770 478 1817 τὴν.
495 1771 679 1817 ἀντίθεσιν,
706 1770 765 1809 καὶ
792 1771 910 1825 ἑτέρας
943 1772 1131 1816 ἀποδείξεις

106 1833 297 1885 παρέχεται
321 1838 440 1884 σαφεῖς
462 1832 521 1870 καὶ
543 1831 828 1885 ἀναντιῤῥήτους,
844 1839 935 1885 τρεῖς
963 1833 1130 1885 παράγων

108 1894 287 1947 μάρτυρας
311 1896 378 1931 τῶν
398 1893 606 1944 λεγομένων,
628 1893 672 1931 τὰ
693 1893 777 1946 ἔργα
806 1893 851 1932 τὰ
871 1897 928 1932 ὑπ’
957 1896 1058 1934 αὐτοῦ
1077 1911 1134 1947 γε·

106 1956 254 2006 νόμενα,
273 1959 332 1993 τοῦ
359 1956 498 2009 Πατρὸς
514 1955 576 2003 τὴν
599 1955 805 2009 μαρτυρίαν,
827 1960 887 1994 τοῦ
906 1955 1067 1995 Ἰωάννου
1096 1957 1134 1995 τὸ

107 2018 282 2070 κήρυγμα.
299 2017 370 2055 Καὶ
386 2016 684 2069 τίθησιπροτέραν
695 2016 758 2064 τὴν
774 2016 924 2065 ἐλάττω,
937 2017 998 2066 τὴν
1015 2018 1134 2056 Ἰωάν-

107 2095 176 2117 νου.
204 2077 325 2116 Εἰπὼν
343 2077 431 2130 γὰρ,
446 2077 568 2121 Ἄλλος
587 2078 677 2116 ἐστὶν
693 2081 710 2116 ὃ
727 2081 912 2130 μαρτυρῶν
932 2079 1011 2132 περὶ
1031 2082 1135 2130 ἐμοῦ,

108 2139 168 2177 καὶ
196 2132 272 2176 οἶδα
289 2138 341 2176 ὅτι
362 2138 493 2185 ἀληθής
509 2141 600 2177 ἐστιν
626 2142 647 2185 ἡ
666 2138 840 2191 μαρτυρία
858 2141 980 2189 αὐτοῦ,
1001 2139 1136 2192 ἐπήγα-

108 2216 184 2252 γεν·
205 2199 327 2250 Ἵ“μεῖς
361 2199 604 2238 ἀπεστάλκατε
631 2201 718 2252 πρὸς
736 2200 914 2248 Ἰωάννην,
938 2200 997 2238 καὶ
1021 2202 1135 2255 ἐμαρ-

109 2260 236 2312 τύρησε
255 2277 297 2312 τῃ
318 2260 472 2312 ἀληθεία.
496 2260 620 2300 Καίτοι
643 2277 682 2312 γε
701 2263 731 2298 εἷ
749 2263 809 2299 οὐκ
835 2259 927 2299 ἔστιν
950 2263 1082 2310 ἀληθὴς
1114 2267 1136 2310 ἡ

1222 168 1294 197 xi„
1335 152 1397 197 al.
1436 168 1590 199 xxxm.

2083 152 2172 213 273

1195 246 1254 284 sed
1275 246 1321 283 ad
1339 246 1450 286 vitam
1463 247 1574 297 venit,
1596 256 1629 285 et
1647 247 1741 298 quod
1761 247 1883 286 sedens
1896 249 2054 285 omnium
2070 248 2173 285 ratio-

1193 320 1254 343 nes
1278 306 1512 358 expetiturus,
1533 316 1566 345 et
1595 305 1691 358 qhod
1721 307 1881 345 eamdem
1908 308 2049 356 habeat,
2067 322 2173 358 quam

1194 367 1314 415 Pater,
1338 376 1544 417 potestatem
1575 377 1608 406 et
1631 368 1820 418 virtutem,
1841 382 1923 405 cum
1956 368 2030 405 hacc
2059 369 2177 405 omnia

1195 427 1468 466 confirmaturus
1487 438 1588 479 esset,
1610 429 1680 467 alio
1701 429 1807 467 modo
1832 429 1924 467 hanc
1944 429 2178 480 objectionem

1196 489 1389 527 necessario
1410 489 1562 541 primam
1581 491 1692 543 ponit.
1711 491 1811 540 Dixi,
1830 491 1958 542 inquit,
1977 491 2081 529 Sicut
2100 492 2178 528 Pa-

1198 557 1255 586 ter
1274 553 1434 589 suscitat
1460 561 1628 591 mortuos
1654 561 1690 590 et
1712 553 1903 606 viviscat
1927 555 1980 590 sic
2000 560 2035 589 et
2052 552 2180 589 Filius

1198 626 1292 664 quos
1316 612 1404 650 vult
1429 613 1624 665 vivificat,-
1649 613 1750 661 dixi,
1770 615 1829 651 Ne
1810 627 1902 665 eque
1926 614 2048 651 Pater
2075 613 2182 664 judi—

1198 681 1261 710 cat
1272 686 1516 726 quemquam,
1533 675 1601 712 sed
1612 675 1919 727 omnejudicium
1933 674 2037 712 dedit
2054 675 2181 717 Fili0;

1197 733 1277 770 dixi
1293 733 1540 772 honorandum
1560 749 1633 773 esse
1650 735 1783 772 Filium
1803 735 1893 772 sicut
1912 735 2070 782 Patrem3
2092 734 2183 780 dixi,

1204 796 1279 846 Qui
1311 809 1388 832 non
1413 796 1646 848 honorificat
1676 797 1843 842 Filium,
1873 810 1994 847 neque
2025 797 2184 834 Patrem

1201 855 1451 909 honorificat,·
1473 856 1566 904 dixi,
1584 857 1658 906 Qui
1677 857 1786 894 audit
1807 858 1930 894 verba
1949 870 2034 894 mea
2053 865 2088 893 et
2105 870 2186 894 cre-

1201 917 1257 954 dic
1275 930 1334 962 ea,
1356 930 1434 953 non
1453 917 1602 954 videbit
1618 926 1791 963 mortem,
1810 917 1878 954 sed
1896 917 2109 955 translatus
2131 925 2187 954 est

1202 992 1227 1015 a
1251 986 1373 1016 morte
1397 979 1452 1016 ad
1472 981 1614 1025 vitam,·
1635 977 1726 1029 dixi,
1747 992 1870 1017 vocem
1896 993 2007 1017 meam
2030 988 2187 1016 mortuos

1202 1039 1448 1077 suscitaturam
1468 1054 1554 1089 esse,
1569 1049 1602 1078 et
1620 1054 1713 1078 nunc
1731 1050 1763 1078 et
1782 1050 1901 1093 postea
1912 1057 1923 1091 3
1946 1041 2038 1090 dixi,
2057 1055 2113 1078 me
2128 1055 2185 1078 ra-

1201 1100 1332 1137 tionem
1362 1100 1523 1138 omnium
1561 1110 1788 1153 peccatorum
1823 1101 2057 1153 repetiturum
2092 1116 2187 1146 essc;

1201 1161 1295 1212 dixi,
1319 1176 1375 1200 me
1401 1176 1473 1200 esse
1501 1163 1596 1214 juste
1618 1162 1885 1214 judicaturum,
1915 1177 1955 1200 ac
1992 1162 2189 1200 mercedem

1202 1223 1290 1260 hene
1316 1223 1544 1275 operantibus
1565 1223 1744 1261 daturum.
1766 1224 1859 1270 Quia
1884 1238 1966 1275 ergo
1994 1224 2054 1261 illa
2070 1225 2195 1262 omnia-

1205 1284 1340 1336 prolata
1365 1285 1514 1334 fuerant,
1534 1294 1568 1323 et
1593 1299 1720 1336 magna
1738 1285 1882 1336 quidem
1903 1294 2015 1335 erant,
2037 1285 2189 1323 necdum

1204 1354 1321 1385 tamen
1342 1346 1424 1383 data
1448 1347 1562 1384 fuerat
1584 1347 1711 1384 horum
1731 1347 1825 1384 clara
1843 1347 2109 1398 demonstratio,
2128 1347 2191 1385 sed

1205 1407 1355 1445 obscura
1374 1407 1480 1458 plane
1490 1422 1500 1456 3
1516 1407 1632 1458 primo
1652 1407 1749 1457 quod
1761 1408 1997 1459 objiciebatur
2012 1409 2125 1460 ponit,
2144 1408 2188 1445 ad

1205 1467 1383 1505 dictorum
1404 1480 1524 1506 veram
1546 1468 1721 1504 rationem
1739 1477 1928 1517 venturus;
1949 1482 1989 1505 ac
2007 1469 2036 1506 si
2057 1469 2104 1506 ita
2131 1469 2188 1507 lo—

1205 1537 1383 1580 queretur,
1403 1528 1467 1565 etsi
1492 1542 1561 1565 non
1581 1527 1707 1565 iisdem
1727 1528 1857 1567 verbis.
1874 1528 1943 1567 Sed
1963 1530 2109 1567 fortasse
2129 1531 2189 1568 di—

1206 1590 1289 1628 cetis
1310 1605 1317 1626 :
1338 1589 1423 1626 Haec
1444 1588 1562 1627 omnia
1583 1597 1622 1625 tu
1637 1587 1741 1638 dicis,
1763 1602 1827 1626 nec
1845 1602 1881 1626 es
1901 1588 1971 1626 fide
1988 1589 2119 1640 dignus
2134 1600 2189 1629 te-

1205 1651 1279 1700 stis,
1298 1650 1360 1702 qui
1379 1650 1445 1688 tibi
1464 1649 1533 1702 ipsi
1556 1648 1799 1687 testimonium
1821 1649 2020 1701 perhibeas.
2036 1650 2111 1688 Hac
2124 1651 2194 1689 ita-

1205 1726 1272 1763 que
1296 1711 1432 1750 ratione
1454 1712 1571 1763 primo
1593 1710 1731 1749 solvens
1752 1710 1898 1748 illorum
1920 1710 2191 1762 contentionem,

1204 1773 1298 1825 quod
1314 1788 1352 1811 ea
1370 1787 1447 1825 quae
1462 1772 1594 1810 dicturi
1611 1781 1709 1809 erant
1723 1773 1907 1824 proferret,
1929 1773 2192 1825 ostenderetque

1206 1849 1242 1873 se
1260 1848 1387 1872 arcana
1406 1833 1522 1872 cordis
1537 1848 1659 1871 eorum
1671 1847 1784 1882 nosse,
1798 1843 1832 1871 et
1852 1834 1942 1871 hanc
1955 1834 2107 1886 primam
2123 1836 2195 1875 vir-

1209 1896 1293 1934 tutis
1313 1910 1383 1933 suae
1399 1894 1735 1932 demonstrationem
1750 1894 1933 1944 exhibens,
1955 1895 2100 1933 demum
2116 1907 2196 1948 post

1209 1957 1441 2009 objectionem
1459 1956 1651 2009 prolatam,
1676 1956 1764 1994 alias
1786 1956 1899 1994 adfert
1925 1956 2195 1997 demonstratio-

1209 2033 1268 2056 nes
1289 2018 1401 2056 claras
1414 2026 1448 2057 et
1465 2017 1775 2069 inexpugnabiles,
1793 2025 1862 2056 tres
1880 2017 2059 2057 adducens
2079 2028 2194 2069 testes,

1209 2094 1314 2132 opera
1333 2094 1408 2129 sua,
1429 2078 1545 2116 Patris
1568 2078 1821 2128 testimonium,
1842 2087 1875 2115 et
1902 2079 2048 2118 ¹Ioannis
2066 2080 2196 2132 praedi-

1209 2142 1393 2180 cationem.
1409 2141 1642 2191 Primumque
1660 2140 1902 2179 testimonium
1921 2142 2031 2194 ponit,
2051 2142 2088 2180 id
2100 2152 2197 2194 quod

1211 2204 1329 2241 minus
1355 2211 1427 2241 erat
1430 2217 1580 2255 ,nempe
1605 2202 1763 2242 Joannis.
1788 2203 1881 2240 Cum
1910 2203 2004 2240 enim
2035 2204 2195 2252 dixisset,

1213 2266 1332 2305 Alius
1350 2274 1407 2304 est
1432 2267 1500 2318 qui
1519 2267 1779 2303 testimonium
1801 2266 1975 2316 perhibet
1999 2266 2046 2302 de
2065 2279 2137 2313 me,
2160 2275 2196 2302 et

112 2320 286 2374 μαρτυρία
304 2337 377 2370 σου,
396 2338 469 2365 πως
484 2320 638 2373 λεγεις,
617 2337 669 2360 οτι
688 2315 814 2360 Οἶδα
793 2337 845 2359 οτι
862 2323 1025 2370 ἀληθής
1011 2340 1101 2362 εστιν
1115 2327 1136 2371 ἡ
1151 2353 1181 2377 23
1184 2354 1198 2377 g
1212 2332 1291 2367 scio
1310 2332 1403 2382 quia
1430 2342 1565 2366 verum
1591 2335 1647 2366 est
1673 2329 1932 2365 testimonimn
1957 2330 2055 2379 ejus;
2072 2327 2196 2365 subdi-

114 2382 290 2434 μαρτυρία
304 2383 483 2429 Ἰωάννου,
502 2399 562 2421 και
580 2383 634 2422 σ’τι
649 2381 897 2435 Εμαρτύρησε
913 2400 955 2435 τῃ
973 2385 1138 2437 ἀληθείᾳ;
1163 2392 1188 2419 Α
1213 2389 1302 2428 dit:

113 2444 223 2495 Ὁρας
240 2459 314 2486 πως
333 2442 438 2495 σαφὲς
458 2443 669 2482 κάντεῧΟέν’
655 2459 747 2481 εστιν
762 2443 814 2481 ὅτι
831 2460 887 2491 το,
902 2444 946 2482 Ἡ
964 2447 1139 2500 μαρτυρία

116 2520 181 2554 μου
203 2506 264 2541 οὐκ
293 2503 384 2541 ἔστιν
420 2503 571 2552 ἀληθὴς,
598 2504 685 2555 πρὸς
715 2502 778 2550 τὴν
811 2504 949 2543 ἐκείνων
978 2506 1138 2545 ὑπόνοιαν

116 2564 251 2616 εἴρηται
267 2580 276 2611 3
831 2575 838 2578 “

1064 2818 1143 2858 Ἵνα

121 2876 187 2927 γὰρ
205 2875 253 2925 μὴ
267 2879 366 2913 τοῦτο
386 2876 545 2928 λέγωσιν,
560 2876 624 2929 ὅρα
637 2881 711 2921 πῶς
730 2879 789 2916 καὶ
806 2878 933 2926 ταύτην
951 2881 1062 2918 ἀνεῖλε
1079 2880 1143 2927 τὴν

121 2936 294 2975 ὑπόνοιαν.
309 2939 362 2975 Οὐ
391 2937 459 2989 γὰρ
484 2932 592 2986 εἶπεν,
628 2938 792 2986 Ἰωάννης
823 2940 1042 2994 ἐμαρτύρησε
1065 2957 1144 2993 μοι·

124 2997 213 3035 ἀλλὰ
234 2996 411 3049 πρότερον,
438 2997 559 3047 Ὑμεῖς
583 3000 826 3039 ἀπεστάλκατε
852 3002 938 3053 πρὸς
960 3001 1123 3050 Ἰωάννην
1138 3019 1145 3027 ·

123 3060 185 3096 οὐκ
208 3057 246 3096 ἂν
270 3057 305 3096 δὲ
333 3058 599 3108 ”ἀπεστείλατε,
626 3063 655 3099 εἰ
689 3061 737 3112 μὴ
767 3062 964 3106 ἀξιόπιστον
996 3068 1146 3115 ἡγεῖσθε.

125 3119 195 3157 Καὶ
214 3119 253 3157 τὸ
276 3118 316 3166 δὴ
348 3122 481 3169 μεῖζον·
510 3122 547 3158 οὐ
578 3120 644 3174 γὰρ
670 3121 828 3174 ἔπεμψαν
846 3124 946 3162 αὐτὸν
977 3125 1056 3175 περὶ
1090 3129 1148 3163 τοῦ

171 2814 218 2853 Τί
241 2808 312 2861 οῧν,
331 2817 361 2853 εἰ
385 2816 512 2859 ἐκεῖνος
530 2815 750 2869 ἐμαρτύρησε
767 2818 903 2869 χάριτι,
925 2818 1041 2870 φησίν.

171 3260 183 3274 c
209 3249 297 3281 Alius
313 3253 362 3283 ojn
382 3256 484 3295 ὄψεται
503 3258 604 3299 κρίσιν.

173 3301 184 3320 ‘J
211 3302 325 3335 Morcl.
342 3307 463 3349 ἀμυδρὰ
479 3312 588 3343 πάντη.
606 3307 681 3338 Mox
700 3308 812 3340 Morel.
833 3315 1014 3346 κατασκευὴν
1030 3317 1136 3353 papii)

131 3363 187 3395 τῶν
207 3358 380 3398 εἰρημένων,
399 3363 431 3387 et
454 3354 576 3389 ibidem
596 3358 706 3390 Murci>
727 3366 881 3403 μονονουχὶ
900 3365 1138 3404 συλλογιζόμενσς

1325 2391 1390 2427 55.
1414 2389 1469 2426 V
1448 2402 1488 2426 03
1507 2389 1663 2425 misistis
1675 2387 1728 2424 ad
1745 2388 1953 2433 Joannem,
1973 2396 2009 2424 et
2030 2391 2198 2426 testimo-

1215 2452 1320 2487 nium
1337 2449 1531 2501 perhibuit
1549 2449 1723 2484 veritati.
1744 2446 1851 2496 Atqui
1870 2446 1900 2483 si
1918 2459 1987 2483 non
2007 2455 2057 2485 est
2073 2462 2198 2487 verum

1213 2509 1456 2548 testimonium
1478 2516 1594 2557 tuum,
1608 2505 1785 2558 quomodo
1804 2505 1909 2556 dicis,
1924 2508 2063 2546 Verum
2077 2519 2128 2547 est
2150 2519 2198 2547 te-

1216 2571 1419 2611 stimonium
1450 2569 1612 2618 joannis,
1634 2577 1686 2616 et,
1718 2569 1991 2606 Testimonium
2004 2572 2199 2621 perhibuit

1215 2627 1399 2672 veritati?
1418 2630 1549 2669 Viden’
1567 2643 1675 2680 quam
1693 2629 1829 2666 clarum
1847 2629 1904 2668 vel
1919 2629 2000 2667 inde
2014 2631 2074 2682 sit,
2095 2632 2198 2682 illud,

1221 2694 1494 2732 Testimonium
1520 2703 1643 2728 meum
1670 2703 1747 2727 non
1772 2698 1828 2728 est
1857 2704 2007 2737 verum,
2030 2691 2200 2731 adversus

1218 2767 1338 2792 eorum
1357 2751 1594 2803 suspicionem
1609 2749 1748 2788 dictum
1762 2750 1894 2788 fuisse?

1271 2817 1307 2852 9.
1338 2812 1437 2860 Quid
1461 2812 1492 2850 si
1515 2811 1588 2860 ille,
1609 2811 1759 2862 inquies,
1781 2811 2023 2851 testimonium
2048 2814 2093 2852 ad
2121 2828 2200 2866 gra-

1220 2877 1305 2915 tiam
1331 2872 1538 2927 perhibuit?
1556 2873 1611 2910 Ne
1642 2871 1710 2909 hoc
1730 2871 1902 2922 dicerent,
1918 2873 2002 2912 vide
2024 2877 2201 2926 quomodo

1220 2939 1312 2976 hanc
1338 2935 1473 2974 amovit
1489 2933 1735 2986 suspicionem.
1756 2934 1834 2971 Non
1849 2934 1943 2971 enim
1963 2934 2072 2987 dixit,
2089 2940 2199 2977 Joan-

1219 3013 1278 3037 nes
1294 2995 1538 3036 testimonium
1556 2993 1738 3047 perhibuit
1750 2993 1794 3032 de
1813 3009 1888 3044 me,
1905 2995 1968 3033 sed
1993 2996 2105 3047 prius,
2127 3000 2201 3037 Vos

1220 3062 1376 3099 misistis
1390 3059 1443 3096 ad
1455 3058 1673 3101 Joannem;
1698 3069 1767 3093 non
1787 3055 1970 3094 misissetis
1983 3066 2113 3108 autem,
2134 3060 2200 3097 nisi

1220 3123 1291 3161 fide
1318 3121 1468 3173 dignum
1497 3118 1775 3158 existimassetis.
1796 3118 1972 3170 Quodque
1996 3121 2109 3171 majus
2139 3130 2201 3170 est,

2134 3178 2142 3192 Χ

1202 3259 1305 3293 αᾷτοὺς
1321 3255 1357 3289 δι’
1376 3257 1413 3287 ὦν
1431 3258 1523 3295 λέγει,
1543 3257 1566 3285 εἰ
1585 3256 1632 3284 καὶ
1647 3259 1701 3293 μή.

1247 3320 1259 3332 2*
1284 3306 1397 3340 MoreL
1422 3307 1640 3340 ἀπεστάλκατε.
