2507 3673
588 219 632 249 ΙΝ
669 219 876 250 ,ΙΟΑΝΝΕΜ
915 219 1079 249 nomn..
1119 215 1327 246 Lxxxvll.

94 318 229 351 στασιν,
247 305 346 340 τοῦτο
369 301 558 347 δείκνυται,
579 301 638 338 καὶ
669 300 760 339 ὥστε
781 304 916 351 μαθεῖν,
942 299 996 339 ὅτι
1015 298 1117 341 αὐτὸς

90 357 132 409 ἦν
157 362 416 414 ὁσταυρωθεὶς,
445 361 504 399 καὶ
523 363 585 399 οὐκ
613 361 715 405 ἄλλος
745 363 817 400 ἀντ’
851 363 954 399 αὐτοῦ
974 359 1116 405 ἀνέστη.

1365 200 1427 245 al.
1468 217 1650 246 Lxxxvi.

2083 205 2173 268 593

1190 296 1436 334 resurrexisse.
1454 296 1539 334 Ideo
1561 296 1755 334 resurrexit
1780 297 1880 348 signa
1899 300 2015 338 crucis
2034 300 2185 352 habens,

1188 366 1221 393 ct
1254 355 1336 394 ideo
1365 355 1569 393 manducat.
1600 357 1762 407 Apostoli
1792 357 1925 409 quippe
1948 359 2015 397 1106
2042 361 2185 411 signum

90 423 157 461 Διὰ
174 429 273 462 roffio
294 429 306 444 a
322 423 446 469 ἀνέλῃ,
462 423 551 474 ἔγω,
572 423 616 461 τὰ
639 428 769 473 σημεῖα
795 426 854 460 τοῦ
876 425 1040 473 σταυροῦ,
1057 420 1117 457 χαὶ
1140 425 1164 453 D
1187 430 1401 468 magnopere
1434 416 1679 468 praedieabant
1713 415 1869 455 dicentes
1892 434 1899 454 ε
1925 420 2001 469 Qui
2029 435 2116 458 cam
2138 431 2383 472 eoAct.10.41.

89 484 216 537 τρώγει
236 484 293 523 διὰ
307 488 418 522 τοῦτο.
453 486 499 522 Οἱ
526 489 605 536 γοῦν
628 483 815 522 ἀπόστολοι
834 487 935 521 τοῦτο
964 482 1035 519 ἅνω
1057 481 1116 518 καὶ

90 544 188 582 κάτω
216 552 359 595 σημεῖον
382 547 558 584 ἐποιοῦντο
587 549 650 591 τῆς
676 544 920 588 ἀναστάσεως,
943 542 1114 593 λέγοντες·

89 604 228 650 Οἵτινες
252 606 486 658 συνεφάγομεν
518 609 610 658 αὐτῷ
640 606 700 644 καὶ
730 603 946 654 συνεπίομεν.
974 601 1115 653 ζὨσπερ

88 659 146 704 οὖν
174 667 232 705 ἐπὶ
260 669 328 705 τῶν
350 668 514 718 κυμάτων
543 670 799 719 περιπατοῦντα
830 666 1033 714 Θεωροῦντες
1047 663 1115 714 πρὸ

88 730 147 765 τοῦ
167 732 316 780 σταυροῦ
327 759 336 776 ,
357 730 394 766 οὐ
410 727 555 778 λε’γομεν
575 728 684 773 ἄλλης
698 726 830 777 φύσεως
843 724 883 762 τὸ
899 725 1002 773 σῶμα
1022 725 1114 761 ἐκεῖ-

87 804 146 835 νο,
165 789 255 828 ἀλλὰ
284 792 347 835 τῆς
371 788 566 840 ἡμετέρας·
589 786 678 825 οὕτω
704 784 793 836 μετὰ
823 784 887 831 τὴν
921 784 1111 823 ἀνάστασιν

87 850 188 887 αὐτὸν
205 852 350 902 ὁρῶντες
363 849 441 892 τοὺς
458 848 585 891 τύπους
607 846 731 899 ἔχοντα
742 875 752 893 ,
765 847 826 883 οὐκ
847 847 989 897 ἐροῦμεν
1010 847 1112 884 αὐτὸν

86 911 235 962 φθαρτὸν
266 904 354 948 εἶναι
379 908 513 948 λοιπόν.
545 907 615 946 Διὰ
642 906 710 958 γὰρ
737 906 794 944 τὸν
821 905 980 956 μαθητὴν
1003 910 1113 944 ταῦτα

85 969 102 989 ¹'
117 970 348 1008 ἐπεδείκνυτο.
368 968 490 1007 Πολλὰ
513 967 623 1007 δὲκαὶ
652 968 742 1006 ἄλλα
763 973 892 1017 σημεῖα
918 966 1079 1014 ἐποίησεν
1095 971 1112 1006 ὃ

83 1030 225 1077 Ἰησοῦς.
243 1030 388 1077 Ἐπειδὴ
415 1030 482 1082 γὰρ
498 1029 665 1068 ἐλάττονα
678 1031 746 1066 τῶν
765 1028 879 1066 ἄλλων
901 1022 998 1071 οὗτος
1015 1022 1108 1067 εἶπεν

87 1094 105 1129 ὁ
128 1090 393 1143 εὖαγγελιστὴς,
408 1091 502 1143 λέγει
517 1090 570 1129 ὅτι
581 1089 657 1129 οὐδὲ
673 1092 704 1127 οἱ
720 1089 835 1128 λοιποὶ
850 1089 976 1133 πάντες
993 1090 1110 1128 πάντα

81 1146 191 1200 εἶπον,
213 1154 289 1191 ἀλλ’
310 1151 374 1191 ὅσα
389 1152 492 1190 ἱκανὰ
520 1147 560 1199 ἦν
593 1151 678 1203 πρὸς
710 1150 826 1188 πίστιν
854 1150 1110 1202 ἐφελκύσασθαι

81 1214 160 1258 τοὺς
187 1214 386 1258 ἀκούοντας.
404 1214 506 1253 Ἐπεὶ
522 1215 567 1252 Εἰ
592 1214 724 1260 πάντα,
752 1212 868 1264 φησὶν,
893 1211 1108 1265 ἐγέγραπτο,

82 1275 158 1314 οὐδὲ
175 1276 232 1314 τὸν
253 1275 382 1326 κόσμον
400 1270 498 1326 οἶμαι
517 1277 680 1327 χωρ-ἧσαι
700 1273 744 1312 τὰ
766 1273 897 1325 βιὲλία.

130 1336 237 1375 εὈθεν
261 1338 363 1384 δῆλον
388 1336 441 1376 ὅτι
461 1339 497 1374 οὐ
530 1335 729 1388 φιλοτιμίας
750 1335 877 1384 ἕνεκεν,
899 1335 988 1387 ἅπερ
1007 1335 1108 1388 ἔγρα-

76 1400 158 1449 ψαν,
188 1392 303 1443 εἷπον,
326 1398 415 1436 ἀλλὰ
448 1402 508 1435 τοῦ
537 1397 714 1449 χρησίμου
748 1396 862 1446 μόνον.
887 1396 933 1433 Οἱ
963 1395 1031 1447 γὰρ
1061 1396 1105 1435 τὰ

1118 1430 1164 1454 521

1187 477 1305 514 simul
1332 478 1653 515 manducavimus
1672 487 1707 516 et
1729 480 1906 517 bibimus.
1938 480 2181 526 Quemadmo-

1187 536 1276 574 dum
1292 551 1390 589 ergo,
1407 552 1488 576 cum
1509 538 1613 576 illum
1635 548 1715 577 ante
1735 554 1875 577 crucem
1896 540 2061 579 videmus
2076 557 2184 594 511Ρ13
2199 550 2384 591 Mmth.14.

1187 597 1317 635 fluctus
1332 598 1590 649 ambulantem,
1613 614 1681 637 non
1703 599 1858 638 dicimus
1875 615 2002 653 eorpus
2023 602 2114 640 illud
2134 603 2185 640 al-
2199 593 2258 622 ²5·

1186 655 1295 693 terius
1309 670 1382 694 esse
1399 666 1548 705 naturae,
1575 657 1638 695 scd
1659 667 1818 696 nosnae·
1811 689 1817 695 .
1839 659 1903 709 sic,
1933 674 2015 698 cum
2034 670 2113 713 post
2131 675 2185 699 re-

1186 717 1440 755 surrectionem
1463 717 1566 755 illum
1585 718 1749 757 videmus
1777 719 1956 758 cicatrices
1977 721 2182 774 habentem,

1186 790 1254 814 non
1271 777 1351 816 ideo
1372 778 1642 830 corruptibilem
1664 779 1837 818 dicemus.
1858 783 2008 833 Propter
2026 782 2185 835 discipu-

1185 838 1262 875 lum
1278 839 1374 877 enim
1397 839 1434 876 id
1454 840 1665 879 ostenditur.
1688 844 1751 880 50.
1772 843 1904 880 ,Multa
1922 858 2015 880 vero
2032 845 2115 881 alia
2133 848 2185 882 si-

1183 916 1264 953 gna
1282 904 1387 955 fecit
1413 904 1543 941 Jesus.
1564 902 1657 939 Cum
1680 902 1774 940 enim
1806 903 1974 955 pauciora
1995 919 2102 955 quam
2121 905 2183 943 alii

1184 962 1244 1001 hic
1263 964 1480 1015 evangelista
1495 973 1684 1013 narrasset,
1706 963 1808 1012 dicit,
1823 978 1934 1015 neque
1953 965 2041 1003 alios
2062 980 2182 1004 omnes

1136 1038 1159 1066 Ε
1184 1025 1302 1062 omnia
1314 1025 1544 1073 recensuisse,
1565 1025 1625 1063 sed
1641 1035 1772 1076 quanta
1789 1040 1878 1078 opus
1897 1036 1998 1075 essct,
2019 1035 2057 1064 ut
2077 1027 2181 1065 audi-

1184 1096 1274 1124 tores
1299 1087 1345 1125 ad
1369 1088 1479 1126 fidem
1496 1087 1752 1140 pertraherent.
1775 1090 1867 1126 Nam
1886 1088 1927 1127 Si
1946 1092 2090 1137 omnia,
2116 1089 2176 1127 in—
2191 1104 2281 1133 παπ,
2307 1113 2357 1133 21,

1183 1147 1274 1199 quit,
1294 1151 1565 1195 scriberentur,
1585 1162 1654 1185 nec
1668 1151 1791 1200 ipsum
1808 1151 1977 1186 arbitror
1992 1151 2177 1188 mundum
2191 1145 2242 1173 ²5·

1181 1222 1317 1261 capere
1331 1224 1407 1257 eos,
1431 1212 1500 1262 qui
1518 1211 1713 1247 scribendi
1732 1219 1835 1257 sunt,
1857 1210 1989 1248 libros.

1231 1335 1267 1370 (2.
1297 1333 1404 1371 Unde
1423 1334 1543 1386 palam
1566 1343 1617 1372 est
1636 1348 1694 1372 eos
1714 1347 1782 1371 non
1792 1333 1986 1385 jactantiae,
2001 1335 2063 1373 sed
2077 1336 2177 1374 utili-

1178 1395 1261 1433 tatis
1281 1410 1385 1433 causa
1401 1396 1478 1433 haec
1495 1395 1688 1448 scripsisse.
1707 1396 1781 1444 Qui
1795 1396 1888 1433 enim
1910 1396 2013 1448 plura
2032 1408 2176 1450 praeter-

72 1459 217 1497 πλείονα
236 1459 394 1511 ἀφέντες,
412 1460 508 1502 ὃπῶς
525 1458 563 1495 ἂν
579 1462 689 1496 ταῦτα
709 1456 765 1494 διὰ
787 1456 987 1508 φιλοτιμίαν
1003 1457 1105 1508 ἔγρα-
1129 1467 1155 1495 A
1177 1456 1362 1506 miserunt,
1389 1457 1567 1507 quomodo
1590 1457 1665 1495 haec
1682 1457 1862 1509 jactantiae
1892 1472 1996 1495 causa
2015 1460 2177 1512 scripsis-

71 1521 158 1571 ψαν,
175 1519 279 1563 Τίνος
297 1513 354 1558 οὖν
381 1518 494 1557 ἕνεκεν
529 1521 566 1557 οὐ
595 1517 712 1556 πάντα
739 1520 908 1567 ἐτι-ἦλθον,
936 1519 1104 1556 Μάλιστα

72 1579 134 1630 μὲν
155 1581 211 1619 διὰ
227 1581 266 1619 τὸ
285 1583 432 1628 πλῆθος·
452 1580 574 1618 ἔπειτα
601 1580 638 1618 δὲ
665 1582 806 1618 κάκεῖνο
831 1579 996 1627 ἐνενόουν,
1015 1579 1067 1617 ὅτι
1087 1583 1104 1618 ὃ

70 1641 118 1693 μὴ
135 1641 323 1686 πιστεύσας
339 1648 409 1686 τοῖς
429 1642 622 1695 εἰρημένοις
633 1673 642 1690 ,
664 1641 739 1680 οὐδὲ
754 1649 825 1686 τοῖς
839 1641 975 1681 πλείοσι
994 1659 1104 1695 προσ-

71 1703 161 1748 έξει·
182 1707 200 1742 ὃ
229 1704 263 1741 δὲ
285 1709 397 1743 ταῦτα
428 1703 633 1754 δεξάμενος,
660 1703 756 1742 οὐδὲν
791 1704 951 1751 δεήσεται
984 1704 1100 1757 ἑτέρου

69 1767 115 1808 εἷς
136 1764 192 1803 τὸν
220 1769 282 1812 τ”ἧς
311 1765 461 1808 πίστεως
489 1764 601 1816 λόγον.
634 1764 739 1816 Ἐμοὶ
769 1763 804 1803 δὲ
837 1767 983 1803 ἐνταῦθα
1014 1766 1100 1810 τέως

69 1827 161 1864 δοκεῖ
178 1843 222 1864 τα
243 1825 330 1864 μετὰ
355 1826 416 1873 τὴν
436 1825 624 1864 ἀνάστασιν
643 1825 756 1878 λέγειν
782 1832 931 1877 σημεῖα·
950 1826 1003 1864 διό
1022 1843 1099 1879 φη·-

67 1902 121 1924 σιν
137 1887 340 1926 Ε·’νώπιον
362 1904 429 1925 των
454 1889 619 1938 ιιαθητων
648 1889 764 1926 αὐτου.
782 1886 922 1940 ϋΩσπερ
940 1904 1008 1941 γαρ
1029 1905 1097 1942 προ

64 1952 127 1995 τῆς
141 1949 362 1992 ἀναστάσεως
383 1948 451 1986 ἔοει
464 1948 624 1999 γενέσθαι
643 1947 776 1996 πολλὰ,
794 1965 847 1986 ινα
862 1965 1094 1989 πιστευσωσιν

65 2009 118 2048 ὁτι
135 2010 252 2053 Υἱός
238 2026 312 2049 εστι
340 2012 454 2049 Θεου·
478 2026 567 2048 ουτω
589 2026 650 2048 και
682 2026 770 2061 μετα
800 2026 863 2057 την
892 2010 1094 2058 ἀναστασιν,

66 2070 125 2108 ἵνα
145 2071 404 2115 καταδέξωνται
427 2072 479 2109 ὅτι
500 2071 639 2118 ἀνέστη.
661 2070 729 2109 Διὰ
755 2076 855 2110 τοῦτο
887 2071 947 2109 καὶ
978 2088 1093 2124 προσ-

64 2132 199 2180 έθηκεν,
220 2133 393 2171 Ἐνώπιον
416 2136 485 2171 τῶν
505 2136 670 2183 μαθητῶν
692 2135 794 2172 αὐτοῦ
807 2164 816 2181 ,
840 2132 958 2180 ἐπειδὴ
992 2133 1093 2184 μόνος

63 2195 176 2237 αὐτοῖς
198 2194 395 2245 συνεγένετο
423 2193 511 2245 μετὰ
539 2193 601 2241 τὴν
626 2194 829 2233 ἀνάστασιν.
852 2194 915 2232 Διὸ
936 2195 997 2232 καὶ
1024 2194 1093 2233 ἔλε-

61 2270 119 2304 γεν
131 2271 138 2278 ·

61 2314 115 2353 ὅτι
141 2319 209 2354 τῶν
232 2319 396 2367 μαθητῶν
418 2317 530 2354 ἕνεκεν
560 2316 661 2367 μόνον
690 2316 819 2368 ἐγίνετο
840 2316 884 2354 τὰ
904 2317 1089 2368 γινόμενα,

283 2377 359 2415 Ἵνα
372 2378 431 2415 καὶ
452 2377 697 2421 πιστεύσαντες
717 2377 807 2424 ζωὴν
826 2377 961 2416 αἰώνιον
987 2378 1090 2430 ἔχητε

173 2254 216 2293 ‘O
238 2255 367 2306 κόσμος
396 2256 512 2294 οὐκέτι
533 2272 577 2307 με
605 2259 738 2308 θεωρεῖ.
773 2249 863 2293 Εἶτα
889 2255 944 2294 ἵνα
978 2257 1092 2308 μάθῃς

61 2376 235 2429 ἐπήγαγεν
251 2393 258 2401 ·

61 2440 95 2475 ἐν
109 2441 158 2489 τῷ
177 2438 322 2488 ὀνόματι
339 2441 460 2486 αὐτοῦ,
482 2442 579 2490 κοινῇ
607 2438 693 2492 πρὸς
713 2438 776 2485 τὴν
806 2438 907 2491 φύσιν
930 2440 1090 2492 διαλεγό-

63 2515 181 2549 μενος,
200 2500 260 2537 καὶ
281 2501 408 2547 δηλῶν,
437 2499 489 2537 ὅτι
516 2502 577 2538 οὐκ
609 2500 729 2552 ἐκείνῳ
755 2502 804 2550 τῷ
831 2501 1091 2553 πιστευομένῳ,

62 2562 139 2598 ἀλλ’
159 2563 244 2611 ἡμῖν
265 2563 378 2604 αὐτοῖς
392 2560 436 2597 τὰ
452 2560 600 2612 μέγιστα
614 2560 851 2613 χαριζόμενος.
871 2560 933 2598 Ἐν
951 2564 1000 2613 τῷ
1017 2562 1091 2599 ὀνό-

62 2637 147 2671 ματι
178 2625 280 2660 αὐτοῦ
296 2637 302 2645 ·
319 2621 496 2668 τουτέστι,
518 2622 560 2658 δι’
585 2623 700 2659 αὐτοῦ.
726 2620 835 2664 Αὐτὸς
861 2620 929 2672 γάρ
954 2623 1046 2659 ἐστιν
1066 2626 1087 2668 ἡ

59 2684 142 2730 ζωή.
157 2686 193 2721 Μ
198 2683 257 2722 ετὰ
269 2689 378 2722 ταῦτα
391 2683 602 2736 ἐφανέρωσεν
623 2684 743 2722 ἑαυτὸν
759 2689 829 2726 τοῖς
845 2686 1016 2734 μαθηταῖς
1032 2684 1088 2723 ἐπὶ

57 2761 120 2792 της
151 2745 239 2783 θαλ’
219 2761 327 2792 ασσης
353 2748 415 2791 τῆς
427 2744 645 2820 Τιὲεριαοος.
661 2744 805 2798 Ορας
792 2744 844 2782 ὅτι
875 2746 912 2782 οὐ
935 2748 1088 2797 συνεχῶς

58 2807 172 2849 αυτοῖς
201 2805 437 2857 επιχυριάζει,
457 2806 528 2844 οὐδ’
559 2804 678 2857 ὥσπερ
714 2805 928 2859 ἔμπροσθεν,
948 2805 1082 2857 Εφοίνη

55 2871 168 2918 γοῦν
158 2869 193 2915 ’ᾗ
216 2866 364 2918 ἕσπερα,
380 2883 439 2904 και
457 2865 618 2912 ἀπέπτη·
635 2870 711 2904 εἶτα
731 2867 819 2917 μετὰ
842 2866 933 2905 ὀκτὼ
948 2867 1084 2919 ἡμέρας

54 2928 159 2966 πάλιν
180 2926 290 2974 ἅπαξ,
310 2927 369 2965 καὶ
385 2926 488 2965 πάλιν
513 2927 674 2973 ἀπεπτη·
691 2931 766 2966 εἶτα
790 2927 879 2978 μετὰ
898 2944 1008 2966 ταυτα
1024 2929 1080 2967 ἐπι

52 2991 114 3034 τῆς
135 2988 312 3034 θαλάσσης
325 3018 333 3034 ,
351 2987 410 3025 καὶ
428 2988 532 3026 πάλιν
555 2987 644 3037 μετὰ
668 2989 797 3027 πολλοῦ
811 2993 870 3027 τοῦ
885 2989 1004 3041 φόέου.
1032 2990 1080 3027 Τί

53 3049 90 3088 δέ
108 3065 180 3087 εστι
200 3066 259 3096 το,
282 3049 543 3101 Ἔφανέρωσεν,
561 3049 627 3087 Ἐκ
650 3048 771 3088 τούτου
796 3051 913 3098 δῆλον,
934 3049 986 3088 ὅτι
1015 3052 1080 3103 οὐχ

51 3112 256 3173 ἑιι1ρατο,εἷ
280 3109 328 3161 μὴ
358 3109 579 3161 συγκατέὸη,
611 3109 668 3148 δια
697 3110 737 3148 τὸ
757 3111 878 3148 λοιπον
906 3110 1078 3163 αφθαρτον

52 3175 139 3209 εἶναι
158 3188 198 3210 το
217 3174 321 3209 σῶμα
339 3187 399 3209 και
419 3170 605 3224 ἀκηρατον.
620 3170 758 3215 Τίνος
739 3170 774 3209 οε
791 3171 904 3209 ε’νεκεν
919 3171 1075 3222 εμνὴσθη

94 3304 105 3316 ⁵·
131 3292 192 3324 Alii
207 3293 313 3335 [Cod.
332 3295 420 3335 705]
440 3299 594 3328 ἀνίπταται
609 3299 684 3338 ἔχων
702 3300 751 3329 τά.

96 3346 111 3368 b
136 3344 250 3378 Morel.
271 3349 470 3388 ἀνεδείκυυτο,
491 3345 590 3378 sax-il.
610 3349 798 3385 ἐνεδείκνυτο,
817 3352 959 3388 quatuor
984 3346 1059 3378 Mss-

50 3400 243 3432 ἑπεῧείκνυτα

1175 1518 1269 1555 sent?
1278 1518 1350 1555 Cur
1364 1517 1475 1569 igitur
1488 1532 1557 1556 non
1569 1518 1687 1555 omnia
1703 1519 1911 1557 narrarunt?
1919 1520 2080 1557 Maxime
2092 1535 2176 1572 pro-

1173 1586 1252 1629 pter
1270 1577 1557 1629 multitudinem,
1574 1578 1702 1616 deinde
1720 1578 1787 1616 hoc
1802 1593 1942 1629 quoque
1955 1580 2173 1632 cogitabant,

1172 1653 1253 1677 eum
1266 1639 1326 1690 qui
1343 1639 1448 1678 dictis
1462 1654 1530 1677 non
1551 1639 1721 1688 erederet,
1741 1654 1804 1677 nec
1815 1640 1842 1677 si
1852 1640 1956 1692 plura
1969 1640 2174 1680 dicerentur

1172 1701 1394 1739 crediturum
1413 1701 1541 1750 fuisse,
1559 1701 1664 1739 illum
1685 1716 1771 1739 vero
1791 1702 1852 1752 qui
1872 1702 1947 1739 liaec
1971 1702 2172 1755 admiserit,

1171 1776 1240 1800 non
1256 1762 1326 1800 alio
1342 1776 1431 1815 opus
1445 1762 1575 1800 habere
1590 1762 1635 1799 ad
1651 1762 1759 1800 fidem
1774 1763 1990 1801 habendam.
2006 1765 2101 1802 Mihi
2112 1780 2174 1803 au-

1172 1836 1242 1865 tem
1259 1823 1318 1862 1116
1332 1823 1475 1862 videtur
1497 1823 1541 1861 de
1566 1823 1678 1875 siguis
1696 1833 1777 1876 post
1808 1825 2100 1863 resurrectionem
2119 1827 2172 1864 10-

1172 1884 1234 1935 qui
1258 1901 1265 1920 :
1285 1884 1366 1922 ideo
1378 1885 1427 1923 ait
1447 1901 1454 1921 z
1474 1887 1524 1922 In
1546 1894 1751 1937 conspectu
1779 1886 2058 1938 discipulormn
2073 1891 2168 1941 ejus.

1170 1944 1271 1983 Sicut
1295 1946 1388 1983 enim
1408 1955 1488 1983 ante
1516 1946 1808 1984 resurrectionem
1832 1947 1945 1985 multa
1978 1950 2173 1988 necessaria

1169 2017 1279 2056 erant,
1289 2017 1327 2044 ut
1337 2007 1518 2045 crederent
1532 2007 1651 2060 ipsum
1663 2022 1736 2045 esse
1747 2008 1881 2045 Filium
1891 2009 1957 2047 Dei
1967 2025 1974 2045 ε
1983 2010 2035 2048 516
2046 2021 2079 2049 et
2090 2022 2171 2064 post

1167 2070 1473 2115 resurrectionem,
1497 2078 1535 2105 ut
1552 2083 1761 2120 persuasum
1783 2068 1954 2106 haberent
1977 2071 2095 2122 ipsum
2114 2087 2170 2110 re-

1168 2129 1376 2167 surrexisse.
1394 2129 1478 2167 Ideo
1496 2128 1636 2166 addidit
1652 2145 1659 2165 :
1682 2131 1731 2165 In
1747 2139 1948 2180 conspeetu
1963 2132 2170 2183 discipulo-

1170 2205 1254 2228 rum
1272 2194 1368 2244 ejus,
1387 2190 1470 2241 quia
1499 2205 1582 2227 cum
1610 2190 1681 2227 illis
1706 2199 1844 2227 tantum
1866 2200 2026 2229 versatus
2052 2193 2168 2231 fuerat

1165 2261 1244 2303 post
1267 2251 1572 2289 resurrectionem.
1603 2249 1686 2288 Ideo
1713 2249 1855 2288 dicebat
1875 2265 1882 2285 ι
1907 2253 2078 2290 ΑΜιιηᾱιςς
2108 2267 2168 2291 me

1157 2316 1246 2366 jam
1274 2328 1352 2351 non
1379 2314 1501 2350 videt.
1530 2311 1669 2350 Deinde
1695 2321 1734 2348 ut
1758 2311 1873 2349 discas
1905 2312 2166 2364 discipulorum

1166 2384 1304 2412 tantum
1325 2388 1430 2412 causa
1445 2374 1521 2411 haec
1540 2374 1631 2410 facta
1651 2373 1771 2420 fuisse,
1797 2372 1965 2410 subdidit
1990 2390 1998 2409 :
2019 2375 2083 2412 51.
2114 2377 2165 2413 Ut

1165 2446 1201 2475 et
1215 2437 1411 2474 credentes
1424 2439 1550 2473 vitam
1563 2444 1747 2472 (eternam
1761 2436 1941 2473 habeatis
1952 2439 1993 2472 in
2008 2441 2164 2477 nomine

1166 2500 1261 2550 ejus,
1282 2497 1491 2548 generaliter
1515 2505 1678 2533 naturam
1704 2496 1902 2546 alloquens,
1929 2505 1962 2534 et
1982 2507 2022 2535 ut
2041 2508 2159 2537 osten-

1166 2559 1240 2608 dat,
1264 2572 1332 2596 non
1352 2558 1425 2606 1111,
1442 2557 1478 2594 111
1498 2572 1601 2608 quem
1617 2556 1787 2605 creditur,
1810 2557 1872 2594 sed
1891 2558 1993 2596 nobis
2014 2558 2102 2611 ipsis
2124 2574 2160 2598 se

1165 2620 1319 2658 maxime
1333 2618 1538 2670 gratificari.
1553 2620 1603 2654 In
1623 2620 1777 2654 nomine
1797 2619 1892 2670 ejus,
1918 2618 1986 2656 1106
2005 2629 2070 2669 est,
2094 2636 2159 2674 per

1164 2695 1259 2718 eum.
1276 2682 1354 2732 Ipse
1368 2693 1521 2730 namque
1536 2678 1611 2716 vita
1625 2687 1688 2716 est.
1710 2680 1725 2715 1
1740 2708 1747 2715 .
1764 2680 1908 2716 Postea
1928 2683 2155 2734 manifesta-
2169 2690 2240 2728 Cap.
2254 2702 2315 2720 xxx.

1165 2745 1219 2780 vit
1245 2756 1285 2780 se
1314 2741 1514 2792 discipulis
1546 2740 1601 2776 ad
1629 2753 1737 2777 mare
1764 2741 1994 2779 Tiberiadis.
2021 2742 2152 2781 Viden'

1161 2804 1340 2856 quomodo
1359 2817 1429 2841 non
1450 2803 1650 2853 frequenter
1667 2817 1748 2840 cum
1766 2802 1838 2840 illis
1854 2815 2026 2856 versetur,
2043 2820 2155 2858 neque

1109 2878 1132 2908 c
1159 2867 1250 2904 sicut
1277 2864 1405 2902 antea?
1423 2863 1599 2916 Apparuit
1626 2863 1721 2901 enim
1734 2878 1893 2916 vespere,
1917 2875 1951 2903 et
1970 2867 2150 2918 avolavit3

1156 2926 1285 2964 deinde
1301 2934 1381 2978 post
1398 2924 1473 2962 dies
1492 2933 1570 2962 octo
1593 2924 1716 2973 semel,
1743 2934 1777 2962 et
1804 2940 1947 2964 rursum
1977 2928 2150 2986 avolavit5

1156 2998 1274 3042 postea
1304 2987 1350 3024 ad
1377 3000 1488 3036 mare,
1518 2995 1552 3023 et
1581 3001 1727 3024 rursum
1752 3001 1835 3024 cum
1864 2989 1977 3025 multo
2010 2989 2148 3027 timore.

1157 3048 1257 3098 Quid
1276 3047 1345 3086 sibi
1365 3047 1444 3086 vult
1461 3046 1572 3095 illud,
1592 3048 1868 3100 IlIctrzisestavit
1881 3053 1897 3085 Ρ
1921 3049 2013 3087 Η1116
2041 3050 2150 3101 liqui-

1154 3110 1243 3148 dum
1261 3117 1326 3156 est,
1344 3107 1449 3145 illum
1464 3106 1605 3145 nonnisi
1625 3121 1670 3144 ex
1689 3107 1911 3159 indulgentia
1930 3109 2049 3147 visum
2063 3111 2148 3147 fuis-

1153 3185 1203 3220 se,
1225 3170 1308 3221 quia
1331 3170 1408 3222 jam
1432 3168 1704 3221 incorruptibile
1740 3177 1774 3206 et
1799 3169 1997 3207 immortale
2019 3185 2146 3222 corpus

1172 3306 1185 3320 ³
1209 3294 1302 3327 Editi
1325 3309 1363 3330 π
1352 3304 1385 3332 3,-
1403 3298 1540 3328 ἐνταῦθα.
1559 3292 1752 3335 suspicatur
1767 3291 1869 3325 Savil.
1889 3291 1939 3336 leg
1922 3294 2062 3327 ‘’endum
2081 3312 2118 3331 w,
2108 3307 2142 3335 52,-

1129 3353 1236 3381 ταῦτα.
1253 3345 1367 3379 Codex
1390 3356 1472 3377 unus
1489 3343 1576 3376 meli·
1579 3356 1602 3375 15
1618 3352 1678 3380 πῶς
1695 3360 1730 3376 κν
1747 3348 1852 3377 ταῦτα.
