2481 3678
754 166 795 196 ΙΝ
832 168 1038 198 somam!
1078 168 1232 197 llOMIL.
1272 169 1394 198 XLVI.
1434 154 1494 197 al.
1537 170 1643 198 XLV.

142 245 288 300 Πατέρα
302 279 311 296 ,
338 247 382 286 ζΟ
403 250 524 300 ἄρτος,
545 247 654 297 λέγων
669 278 677 294 ,
698 247 733 285 δν
755 248 822 300 ἐγὼ
837 249 952 296 δώσω,
973 248 1058 301 σάρξ
1075 248 1088 267 ‘¹
1103 248 1168 298 μού

146 311 253 347 ἐστιν.
286 308 377 348 Ἀλλ’
403 311 468 360 οὐχ
494 310 525 346 οἱ
553 307 652 359 ὄχλοι
680 307 810 356 οὕτως,
839 311 913 347 ἀλλ’
940 308 1167 350 ἀπεναντίας·

147 370 305 423 Σκληρός
335 371 428 407 ἐστιν
460 371 477 406 ὃ
500 368 600 419 λόγος
632 362 740 412 οὗτος.
770 369 833 407 Διὸ
853 369 911 407 καὶ
934 371 1167 420 ἀναχ(·)ρο’ὔσι.

144 431 268 469 Καίτοι
292 430 368 469 οὐδὲ
389 430 464 477 ξένη
484 447 536 474 τις
552 425 593 477 ἦν
619 433 640 476 ἡ
659 430 887 478 διδασκαλία,
910 429 969 467 καὶ
987 430 1170 481 παρηλλα-

145 491 267 542 γμένη.
297 491 341 529 ‘O
360 490 428 542 γὰρ
449 491 612 538 Ἰωάννης
632 491 759 528 ἄνωθεν
775 494 875 528 τοῦτο
889 489 1041 541 ᾐνίξατο,
1059 488 1167 539 ἀμνὸν

145 552 245 589 αὐτὸν
271 550 486 603 προσειπών.
515 554 607 590 Ἀλλ’
640 551 717 590 οὐδὲ
744 550 852 594 οὕτως
879 550 1021 601 ᾔδεσαν,
1051 548 1168 600 φησίν.

145 605 236 649 Οἶδα
251 611 366 662 κάγώ·
391 613 466 650 ἀλλ’
485 612 562 650 οὐδὲ
583 614 613 650 οἱ
634 612 787 663 μαθηταὶ
805 610 1011 657 ἠπίσταντο.
1042 611 1086 647 Εἰ
1100 608 1168 662 γὰρ

146 672 226 724 περὶ
246 673 468 717 ἀναστάσεως
487 673 621 712 οὐδέπω
640 689 674 711 τι
689 672 817 724 ᾔδεσαν
839 670 967 723 σαφὲς,
992 669 1051 708 διὰ
1068 674 1169 708 τοῦτο

145 734 180 771 δὲ

145 798 285 842 τοῦτον,
315 795 373 832 καὶ
406 798 439 833 ἐν
465 795 576 847 τρισὶν
595 793 744 847 ἡμέραις
767 795 876 846 ἐγερῶ
896 793 998 832 αὐτόν
1013 808 1020 816 ·
1050 794 1169 843 πολλῷ

209 734 268 772 καὶ
294 734 469 786 ἠγνόησαν
494 734 528 772 τί
549 734 634 772 ποτέ
653 735 727 771 ἐστι
752 733 811 780 τὸ,
843 733 984 770 Λύσατε
1011 732 1068 770 τὸν
1087 732 1168 770 ναὸν

146 857 277 906 μᾶλλον
298 856 377 909 περὶ
396 859 464 894 τῶν
482 855 672 908 εἰρημένων
684 871 691 878 ·
711 859 821 892 ταῦτα
842 853 910 907 γὰρ
926 854 1064 892 ἐκείνων
1083 857 1169 892 ἀσα-

145 918 293 969 φέστερα
321 912 378 963 ἦν
421 916 507 956 εὈτι
538 917 600 966 μὲν
629 915 696 969 γὰρ
725 919 923 968 ίιπροφῆται
961 915 1169 963 ἀνέστησαν,

144 978 284 1029 ᾔδεσαν,
307 981 335 1016 εἰ
354 978 413 1016 καὶ
437 978 485 1029 μὴ
508 977 597 1015 οὕτω
619 981 736 1030 σαφῶς
751 977 931 1031 εἰρήκασιν
949 979 984 1014 αἱ
1008 977 1147 1031 Γραφαί
1161 992 1168 1000 ·

144 1038 196 1078 ὅτι
216 1039 251 1078 δὲ
277 1040 392 1092 σάρκα
412 1056 463 1083 τις
491 1039 628 1092 ἔφαγεν,
652 1039 816 1078 οὐδέποτε
836 1039 945 1083 οὐδεὶς
965 1032 1058 1077 εἶπεν
1076 1039 1169 1076 ἐκεί-

143 1116 223 1139 νων.
253 1102 345 1139 ’AM'
372 1101 465 1153 ὅμως
488 1101 666 1139 ἐπείθοντο
684 1100 743 1139 καὶ
762 1100 982 1148 ἠκολούθουν,
1000 1100 1065 1140 καὶ,
1076 1103 1169 1150 ὡμο-

142 1161 263 1213 λόγουν
286 1162 428 1215 ῥήματα
444 1164 533 1208 ζωῆς
553 1161 692 1199 αἰωνίου
710 1161 809 1199 αὐτὸν
831 1160 937 1213 ἔχειν.
967 1163 1000 1199 Τ
1003 1165 1082 1199 οῧτο
1100 1161 1168 1214 γὰρ

145 1227 315 1273 μαθητοῦ,
344 1223 383 1261 τὸ
413 1223 461 1274 μὴ
488 1223 773 1275 περιεργάζεσθαι
800 1221 844 1260 τὰ
868 1227 927 1261 τοῦ
946 1222 1169 1271 διδασκάλου,

144 1286 220 1322 ἀλλ’
239 1283 374 1322 ἀκούειν
390 1284 450 1322 καὶ
464 1284 653 1331 πείθεσθαι,
668 1283 727 1321 καὶ
741 1284 798 1321 τὸν
812 1283 1035 1336 προσήκοντα
1049 1284 1167 1335 καιρὸν

145 1345 327 1396 ἀναμένειν
347 1349 410 1392 τῆς
428 1345 569 1388 λύσεως.
599 1345 647 1383 Τί
671 1340 742 1391 οἶν,
766 1345 883 1395 φησὶν,
903 1344 956 1382 ὅτι
971 1345 1167 1383 τούναντίον

145 1407 284 1453 συνέὸη,
314 1407 372 1444 καὶ
398 1408 551 1452 ἀπῆλθον
570 1408 617 1448 εἷς
635 1406 680 1444 τὰ
699 1406 834 1454 ὀπίσω,
866 1408 979 1443 Τοῦτο
994 1406 1091 1459 παρὰ
1105 1405 1168 1453 τὴν

144 1467 282 1505 ἐκείνων
298 1466 429 1504 ἄνοιαν.
450 1465 564 1505 σΟταν
579 1466 647 1518 γὰρ
661 1470 683 1513 ἡ
700 1467 841 1513 ζήτησις
856 1470 914 1505 τοῦ
930 1469 1004 1509 πῶς
1019 1465 1168 1519 εἰσέλθῃ,

144 1527 350 1579 συνέρχεται
365 1528 424 1565 καὶ
445 1527 601 1566 ἀπιστία.
632 1527 737 1565 Οὕτω
754 1527 814 1565 καὶ
830 1527 1031 1578 Νικόδημος
1049 1529 1169 1579 ἐθορυ-

144 1589 238 1627 ὃεῖτο
256 1588 365 1639 λέγων
377 1604 384 1611 ·
405 1590 489 1632 Πῶς
505 1588 648 1626 δύναται
667 1588 845 1640 ἅνθρωπος
863 1589 1025 1626 εἰσελθεῖν
1042 1591 1088 1631 εἷς
1104 1587 1167 1635 τὴν

143 1650 278 1688 κοιλίαν
293 1653 355 1697 τῆς
375 1649 505 1701 μητρὸς
531 1651 634 1688 αὐτοῦ
650 1666 659 1696 ;
692 1648 780 1688 οὕτω
796 1649 856 1687 καὶ
872 1643 965 1688 οὗτοι
980 1649 1170 1701 ταράττον-

143 1728 200 1749 ται
219 1711 394 1763 λέγοντες,
416 1713 501 1755 Πῶς
518 1710 660 1750 δύναται
680 1712 797 1750 δοῦναι
821 1715 906 1762 ἡμῖν
928 1718 1048 1764 φαγεῖν
1071 1706 1168 1755 οὗτος

143 1771 206 1818 τὴν
224 1772 337 1825 σάρκα
355 1775 457 1810 αὐτοῦ
473 1789 482 1821 3
504 1774 548 1811 Εἰ
569 1772 636 1825 γὰρ
655 1771 694 1810 τὸ
714 1775 788 1814 πῶς
805 1774 935 1820 ζητεῖς,
961 1771 1052 1810 διατί
1067 1776 1167 1810 τοῦτο

144 1833 201 1871 ἐπὶ
216 1837 283 1871 τῶν
302 1834 415 1885 ἄρτων
432 1835 494 1872 οὒκ
508 1828 614 1881 εἶπες,
630 1837 704 1877 πῶς
718 1833 795 1877 τοὺς
808 1834 911 1872 πέντε
927 1835 974 1878 εἰς
987 1833 1168 1878 τοσούτους

142 1894 326 1953 ἐξέτεινεν,
346 1896 433 1934 “Ort
454 1900 513 1934 τοῦ
536 1900 746 1950 κορεσθῆναι
768 1896 870 1947 μόνον
892 1890 980 1942 ἦσαν
1001 1895 1080 1934 τότε
1094 1927 1103 1945 ,
1129 1899 1166 1935 οὔ

142 1960 201 1995 τοῦ
217 1956 256 1994 τὸ
280 1961 397 2008 θαῦμα
418 1958 513 1996 ἰδεῖν.
544 1958 637 1996 Ἀλλ’
653 1962 673 2005 ἡ
698 1965 803 2010 πεῖρα
822 1957 912 2006 τότε,
931 1958 1047 2010 φησὶν,
1068 1957 1164 1997 ἐπαί-

143 2019 273 2057 δευσεν.
303 2021 439 2058 Οὐκοῦν
474 2018 510 2063 ἐξ
535 2020 669 2067 ἐκείνης
697 2020 765 2058 ἔδει
793 2019 983 2058 καὶταῦτα
1005 2019 1167 2071 γενέσθαι

142 2079 394 2132 εὐπαράδεκτα.
424 2080 493 2119 Διὰ
518 2079 586 2133 γὰρ
607 2085 710 2119 τοῦτο
722 2080 910 2133 προλαὸὼν
930 2080 1165 2133 ἐθαυματούρ·

140 2156 227 2192 γησε
247 2141 286 2179 τὸ
306 2141 497 2196 παράδοξον
512 2143 634 2190 ἐκεῖνο,
647 2142 702 2180 ἵνα
723 2143 765 2180 δι’
786 2142 917 2181 ἐκείνου
935 2143 1164 2195 διδαχθέντες,

139 2202 268 2253 μηκέτι
282 2204 492 2241 διαπιστῶσι
507 2209 578 2247 τοῖς
594 2202 683 2254 μετὰ
698 2207 809 2241 ταῦτα
822 2203 1033 2255 λεγομένοις.
1054 2206 1165 2243 Ἐκεῖ-

139 2281 190 2303 νοι
221 2265 283 2316 μὲν
311 2260 368 2304 οῧν
394 2265 489 2304 οὐδὲν
516 2264 766 2319 ἐκαρπώσαντο
786 2266 864 2304 τότε
881 2268 920 2304 ἐκ
938 2269 1006 2304 τῶν
1023 2266 1164 2319 εἰρημέ-

139 2342 226 2364 νων·
253 2329 355 2377 ἦμεῖς
382 2326 415 2365 δὲ
440 2329 503 2373 τῆς
525 2326 722 2380 εὐεργεσίας
751 2328 792 2364 δι’
820 2329 932 2366 αὐτῶν
957 2331 1026 2366 τῶν
1053 2328 1162 2381 ἔργων

1182 645 1230 669 272

2130 161 2226 205 313

1244 248 1377 296 turbae,
1411 248 1474 285 sed
1504 257 1624 285 contra
1639 278 1650 298 ,
1678 250 1810 286 Durus
1838 260 1892 288 est
1914 253 1977 289 hic
2003 266 2149 301 sermo,
2183 256 2233 292 in—

1193 312 1216 341 E
1245 306 1387 357 quiunt.
1410 306 1565 357 Ideoque
1594 308 1777 346 recedunt.
1808 310 1916 359 Atqui
1938 325 2004 348 non
2024 326 2116 350 nova
2140 324 2232 364 erat,

1245 383 1358 421 neque
1377 368 1540 406 variabat
1569 367 1728 407 doctrina
1754 384 1760 404 :
1779 383 1860 406 nam
1894 371 2045 409 Joannes
2065 372 2157 410 illud
2177 388 2234 411 su-

1244 443 1307 481 pra
1327 428 1637 478 subindicaverat,
1665 442 1747 467 eum
1774 444 1906 481 agnum
1936 431 2054 484 ipsum
2079 434 2234 471 vocavit.

1245 491 1336 541 Sed,
1357 491 1519 542 inquies,
1540 491 1608 543 ipsi
1636 505 1705 530 non
1729 491 1991 531 intellexerant.
2016 494 2091 532 Hoc
2119 504 2152 532 et
2172 509 2235 546 ego

1245 552 1328 591 novi
1336 568 1348 603 3
1368 552 1430 590 scd
1447 567 1558 604 neque
1578 553 1749 605 discipuli
1769 553 1808 591 id
1828 553 2001 592 sciebant.
2024 557 2115 593 Nam
2136 556 2164 593 si
2184 571 2236 594 re-

1246 613 1501 650 surrectionem
1527 613 1686 651 nondum
1719 614 1804 652 satis
1834 615 1929 652 clare
1964 615 2234 668 intelligebant,

1194 682 1219 711 A
1245 672 1395 725 ideoque
1415 673 1625 726 ignorabant
1645 674 1735 725 quid
1750 675 1841 712 illud
1856 685 1959 726 esset,
1977 677 2122 715 Solvite
2141 687 2236 716 tem—

1242 736 1352 787 plum
1371 738 1462 782 hoc,
1484 745 1521 774 et
1544 739 1586 773 in
1608 739 1728 775 tribus
1748 739 1881 776 diebus
1912 742 2088 776 excitabo
2106 741 2236 788 illud,-

1244 799 1357 836 multo
1370 798 1487 836 minus
1501 813 1606 851 supra
1624 798 1720 837 dicta
1735 799 1941 851 capiebant,
1961 815 2040 851 quae
2054 801 2236 839 obscurio-

1244 874 1283 896 ra
1290 869 1399 897 erant.
1413 860 1520 906 Quod
1533 860 1626 898 euim
1639 861 1820 912 prophetae
1836 861 2085 910 surrexissent,
2096 872 2234 912 norant,

1243 920 1327 959 licet
1347 921 1386 959 id
1408 922 1604 974 Scripturae
1630 936 1700 959 non
1732 922 1824 960 clare
1844 922 1967 960 dicant
1990 939 1997 959 ε
2021 923 2121 974 quod
2151 939 2235 963 vero

1244 997 1384 1021 carnem
1403 984 1483 1034 quis
1503 983 1793 1034 manducaverit,
1812 998 1914 1022 nemo
1934 998 2056 1022 eorum
2076 984 2231 1023 dixerat.

1243 1045 1407 1082 Attamen
1439 1045 1732 1097 obtemperabant
1766 1053 1799 1082 et
1832 1045 2094 1095 sequebantur,
2131 1055 2235 1096 atque

1241 1106 1500 1144 confitebantur
1531 1106 1650 1158 ipsum
1678 1105 1787 1143 verba
1818 1105 1901 1144 vitae
1923 1115 2060 1143 aeternae
2087 1106 2229 1145 habere.

1239 1167 1339 1204 Illud.
1358 1166 1453 1204 enim
1475 1167 1645 1219 discipuli
1665 1175 1738 1215 est,
1762 1167 1923 1218 magistri
1950 1168 2058 1205 verba
2079 1182 2148 1205 non
2168 1182 2229 1206 cu-

1239 1227 1369 1265 riosius
1389 1227 1590 1278 inquirere,
1611 1227 1672 1266 sed
1699 1227 1826 1265 audire
1845 1237 1878 1265 et
1899 1228 2062 1279 obsequi,
2084 1243 2124 1267 ac
2144 1238 2232 1267 tem—

1241 1302 1307 1339 pus
1335 1288 1380 1327 ad
1405 1288 1617 1327 solutionem
1642 1298 1885 1341 opportunum
1910 1299 2126 1341 exspectare.
2161 1290 2234 1328 Cur

1192 1352 1216 1381 Β
1241 1363 1324 1400 ergo
1355 1349 1575 1387 contrarium
1595 1349 1748 1399 accidit,
1772 1350 1956 1400 inquient,
1985 1359 2018 1387 et
2039 1359 2234 1388 retrorsum

1242 1410 1431 1448 abierunt?
1443 1410 1540 1448 Idex
1557 1410 1700 1447 illorum
1717 1410 1920 1462 insipientia
1936 1412 2065 1449 evenit.
2080 1411 2233 1458 Quando

1243 1471 1338 1508 enim
1377 1470 1474 1508 subit
1514 1470 1676 1508 animum
1710 1471 1771 1508 illa
1809 1471 1974 1521 quaestio,
2007 1473 2206 1522 Quomodo
2221 1503 2230 1518 ‚

1242 1539 1328 1568 tunc
1346 1544 1417 1568 una
1436 1530 1639 1582 ingreditur
1667 1529 1912 1569 incredulitas.
1947 1531 2007 1569 Sic
2028 1542 2061 1569 et
2083 1533 2234 1570 Nicode-

1242 1591 1367 1630 demus
1389 1591 1605 1631 turbabatur
1623 1591 1764 1630 dicens:
1793 1593 1992 1643 Quomodo
2010 1601 2133 1643 potest
2160 1595 2231 1631 ho—

1243 1667 1304 1691 mo
1328 1655 1476 1692 intrare
1507 1655 1548 1690 in
1580 1662 1755 1691 ventrem
1781 1656 1917 1692 matris
1941 1654 2052 1692 suoe?
2073 1654 2123 1692 sic
2142 1664 2175 1693 et
2195 1655 2233 1692 hi

1241 1728 1335 1752 nunc
1375 1714 1566 1752 turbantur
1595 1714 1751 1752 dicentes
1773 1730 1780 1750 :
1800 1714 1861 1752 52.
1888 1716 2086 1766 Quomodo
2112 1724 2235 1767 potest

1241 1777 1304 1813 hic
1332 1778 1439 1814 nobis
1470 1791 1626 1814 carnem
1657 1790 1770 1814 suam
1795 1777 1890 1814 dare
1914 1778 1968 1814 ad
1988 1778 2234 1816 manducan-

1242 1838 1360 1874 dum?
1378 1837 1469 1874 Nam
1488 1837 1517 1875 si
1533 1836 1645 1888 illud,
1669 1838 1890 1888 Quomodo,
1911 1837 2064 1889 inquiris
2078 1868 2089 1889 ,
2112 1853 2175 1876 cur
2192 1838 2237 1877 de

1243 1899 1398 1951 panibus
1432 1912 1502 1936 non
1531 1898 1642 1950 dicis,
1673 1899 1863 1945 Quomodo
1895 1899 2054 1950 quinque
2070 1913 2179 1952 panes
2199 1900 2236 1938 in

1242 1970 1294 1999 tot
1312 1961 1400 1999 alios
1429 1960 1714 2013 multiplicavit?
1744 1962 1838 1999 Nam
1857 1970 1941 2000 tune
1960 1962 2112 2000 saturari
2135 1976 2236 1999 cura-

1241 2023 1328 2061 bant
1356 2023 1598 2072 solummodo,
1620 2037 1682 2061 nec
1712 2023 1983 2061 considerabant
2001 2023 2232 2061 miraculum.

1190 2084 1213 2114 C
1240 2084 1313 2122 Sed
1342 2084 1581 2137 experientia,
1612 2084 1770 2135 inquies,
1799 2093 1885 2121 tunc
1904 2083 2041 2122 docuit.
2065 2084 2161 2135 Ergo
2188 2084 2234 2121 ob

1238 2145 1339 2183 illam
1367 2145 1626 2198 experientiam
1657 2146 1732 2183 haec
1764 2144 1906 2183 facilius
1936 2145 2031 2183 credi
2057 2145 2230 2197 oportuit.

1236 2199 1322 2247 Ideo
1345 2222 1498 2259 namque
1525 2207 1626 2260 prius
1650 2207 1742 2245 illud
1762 2216 1835 2245 tam
1856 2207 2021 2245 mirabile
2051 2207 2230 2259 patravit,

1237 2275 1277 2304 ut
1299 2267 1361 2304 illo
1392 2266 1529 2318 edocti,
1553 2281 1623 2304 non
1652 2267 1746 2304 ultra
1774 2266 1881 2304 dictis
1910 2265 2019 2304 fidem
2050 2274 2229 2317 negarent.

1237 2328 1294 2366 Illi
1309 2328 1454 2380 quidem
1474 2338 1558 2366 tunc
1578 2329 1747 2381 temporis
1766 2328 1858 2366 nihil
1878 2328 2042 2365 utilitatis
2059 2342 2103 2365 ex
2122 2327 2230 2364 dictis

2252 681 2375 707 Jociwz.
2389 688 2435 716 ts),

2284 2398 2343 2426 Cur
2358 2409 2434 2427 sacra

2299 2448 2434 2477 mysteri-i

2286 2482 2349 2508 (lata
2365 2484 2432 2509 sini.

1236 2390 1455 2438 retulerunt,
1489 2403 1552 2427 nos
1584 2390 1701 2441 reipsa
1730 2389 1901 2426 beneficio
1933 2388 2099 2425 fruimur.
2131 2388 2230 2435 Qua-

1236 2461 1382 2505 propter
1419 2451 1631 2489 discendum
1662 2451 1752 2501 quid
1777 2451 1823 2488 sit
1854 2450 2070 2488 miraculum
2096 2459 2228 2502 myste-

1236 2513 1390 2563 riorum,
1430 2526 1493 2549 cur
1537 2512 1621 2550 data
1664 2512 1754 2561 sint,
1789 2526 1867 2562 quae
1903 2511 2051 2549 illorum
2079 2512 2228 2550 utilitas.

1242 2576 1371 2612 Unum
1400 2587 1538 2625 corpus
1567 2587 1721 2621 sumus,
1748 2573 1888 2624 inquit,
1919 2573 1968 2611 et'
1987 2576 2157 2612 membra
2185 2588 2233 2611 ex
2248 2578 2357 2615 Elim.
2385 2578 2414 2605 3.

140 2387 439 2438 ἀπολελαύκαμεν.
469 2386 531 2425 Διὸ
551 2388 610 2426 καὶ
635 2391 821 2439 ἀναγκαῖον
845 2392 965 2439 μαθεῖν
988 2389 1026 2427 τὸ
1046 2393 1163 2440 θαῦμα

138 2450 206 2486 τῶν
227 2449 440 2501 μυστηρίων,
456 2449 489 2486 τί
510 2449 595 2488 ποτέ
609 2452 694 2496 ἐστι,
711 2449 770 2487 καὶ
788 2450 880 2488 διατί
899 2449 1012 2497 ἐδόθη,
1032 2450 1091 2488 καὶ
1113 2450 1163 2493 τίς

137 2512 158 2555 ἡ
178 2509 328 2560 ὠφέλεια
344 2512 403 2546 τοῦ
428 2509 646 2561 πράγματος.
675 2508 742 2546 Ἓν
769 2513 872 2560 σῶμα
894 2510 1074 2561 γινόμεθα,
1103 2511 1163 2549 καὶ

139 2569 241 2619 μέλη,
264 2570 380 2622 φησὶν,
402 2572 441 2607 ἐκ
462 2573 524 2616 τῆς
545 2570 671 2621 σαρκὸς
687 2572 803 2617 αὐτοῦ,
821 2570 880 2608 καὶ
894 2572 934 2608 ἐκ
947 2573 1015 2608 τῶν
1033 2571 1161 2609 ὀστέων
2249 2619 2264 2647 3

2248 2642 2255 2648 ⁸
2270 2630 2299 2646 (l.

138 2634 254 2669 αὐτοῦ.
304 2633 350 2670 Οἱ
378 2631 414 2670 δὲ
450 2630 668 2682 μεμυημένοι
695 2631 1066 2682 παρακολουθείτωσαν
1093 2639 1163 2676 τοῖς

136 2692 349 2744 λεγομένοις.

187 2758 253 2798 Ἵν’
276 2753 333 2797 οὖν
356 2759 404 2811 μὴ
435 2759 537 2809 μόνον
562 2758 653 2797 κατὰ
673 2758 735 2806 τὴν
763 2758 903 2811 ἀγάπην
927 2764 1026 2798 τοῦτο
1057 2759 1161 2811 γενώ-

135 2823 243 2870 μεθα,
275 2820 365 2860 ἀλλὰ
392 2820 451 2858 καὶ
473 2823 550 2859 κατ’
582 2820 664 2858 αὐτὸ
684 2820 724 2858 τὸ
750 2826 923 2873 πρᾶγμα,
952 2822 998 2864 εἷς
1025 2820 1158 2867 ἐκείνην

135 2884 427 2934 ἀνακερασθῶμεν
442 2881 505 2929 τὴν
520 2882 645 2935 σάρκα.
669 2880 737 2919 Διὰ
750 2883 812 2927 τῆς
832 2885 959 2933 τροφῆς
975 2881 1042 2934 γὰρ
1061 2886 1160 2920 τοῦτο

130 2942 264 2992 γίνεται
290 2937 331 2989 ἧς
366 2943 572 2995 ἐχαρίσατο,
606 2943 811 2995 βουλόμενος
840 2947 923 2994 ἡμῖν
962 2942 1068 2987 δεῖξαι
1101 2943 1158 2982 τὸν

133 3002 249 3051 πόθον,
269 3003 304 3041 ὃν
325 3003 397 3055 ἔχει
417 3004 496 3057 περὶ
515 3008 620 3055 ἡμᾶς.
646 3004 714 3043 Διὰ
736 3008 837 3043 τοῦτο
855 3003 1011 3054 ἀνέμιξεν
1036 3004 1155 3042 ἑαυτὸν

180 3140 192 3158 ‘¹
217 3139 320 3173 Sav'll.
345 3145 405 3184 μοῦ
430 3146 523 3182 ἐστιν,
542 3146 576 3180 ἦν
602 3147 658 3185 ἐγὼ
682 3145 763 3176 δώσω
789 3145 863 3186 ὑπὲρ
888 3150 941 3179 τῆς
963 3147 1014 3175 τοῦ
1040 3149 1151 3185 κόσμου

135 3200 222 3232 ζωῆς.
238 3196 320 3226 ἀλλὰ
334 3197 398 3232 ξένη
413 3209 455 3231 τις
472 3198 506 3233 ἦν
523 3199 540 3232 ἡ
558 3196 750 3232 διδασκαλία,
767 3199 851 3239 φησὶ,
865 3199 914 3227 καὶ
928 3197 1150 3238 παρηλλαγμέ-

135 3259 179 3281 υη.
197 3249 291 3278 καίτοι
312 3260 344 3286 γε
362 3249 377 3278 ὸ
393 3245 527 3284 ἰωάννης.
547 3246 611 3277 Hic
635 3245 737 3278 etiam
759 3244 890 3277 Morelli
908 3245 1084 3278 lectionem
1101 3257 1151 3278 se-

133 3294 386 3338 qulmur,quam
405 3297 484 3328 item
507 3304 663 3340 sequutus
689 3305 739 3329 est
764 3297 962 3329 Franciscus
982 3297 1146 3330 Aretinus.

130 3347 250 3380 Verum
275 3348 380 3381 amba:
406 3348 579 3391 lectiones,
600 3349 624 3381 si
653 3350 725 3392 quis
751 3356 878 3382 attente
904 3348 1010 3393 legat,
1029 3349 1147 3382 eodem

1236 2649 1353 2673 carne
1375 2644 1411 2673 et
1445 2637 1592 2673 ossibus
1622 2638 1718 2687 ejus.
1742 2635 1879 2673 Initiati
1897 2634 2004 2673 dictis
2030 2636 2230 2687 obsequan-

1236 2706 1306 2734 tur.

1289 2759 1324 2795 5.
1345 2759 1396 2795 Ut
1414 2771 1496 2809 ergo
1521 2771 1591 2796 non
1619 2757 1735 2796 solum
1753 2771 1816 2810 per
1837 2756 2064 2796 dilectionem
2082 2758 2150 2796 hoe
2171 2757 2236 2795 fia—

1186 2832 1209 2860 D
1235 2833 1330 2869 mus,
1354 2819 1416 2856 sed
1433 2819 1538 2857 etiam
1558 2819 1692 2872 reipsa,
1715 2834 1798 2858 cum
1812 2819 1873 2856 illa
1893 2834 1996 2858 carne
2008 2820 2235 2859 commiscea-

1237 2895 1335 2928 mur;
1356 2879 1393 2918 id
1410 2880 1505 2930 quod
1522 2881 1677 2919 efficitur
1692 2895 1755 2934 per
1774 2881 1894 2919 cibum
1911 2896 2018 2933 quem
2034 2882 2095 2919 ille
2113 2881 2232 2932 dedit,

1235 2952 1274 2980 ut
1289 2943 1449 2981 ostendat
1469 2944 1570 2982 nobis
1592 2953 1724 2995 quanto
1752 2958 1835 2996 erga
1860 2959 1924 2983 nos
1949 2946 2083 2984 ferveat
2104 2959 2233 2982 amore.

1234 3004 1319 3043 Ideo
1332 3019 1366 3043 se
1379 3005 1482 3044 nobis
1494 3006 1716 3045 commiscuit
1727 3036 1737 3056 ,
1751 3015 1784 3044 et
1800 3007 1836 3044 in
1851 3021 1962 3045 unum
1975 3021 2103 3059 corpus
2122 3016 2236 3044 totum

1220 3141 1372 3175 redeunt.

1262 3205 1274 3219 ἃ
1298 3201 1344 3230 ὅτε
1365 3200 1421 3239 μὲν
1437 3201 1496 3241 γὰρ
1515 3204 1666 3242 προφῆται
1692 3200 1865 3235 ἀνέστησαν.
1890 3197 1946 3229 5ἶο
1969 3195 2094 3228 habent
2122 3197 2233 3227 omnia

1217 3246 1429 3290 exemplaria.
1448 3246 1514 3280 Sed
1540 3248 1647 3280 fateor
1669 3259 1737 3281 non
1763 3259 1880 3291 capere
1908 3260 1959 3280 me
1984 3246 2065 3290 quid
2087 3246 2141 3280 liic
2167 3247 2230 3279 sibi

1217 3299 1294 3331 velit
1311 3298 1582 3343 Chrysostomus.
