2481 3678
1030 217 1271 247 CHRYSOST.

734 218 771 248 S.
810 217 994 248 JOANNIS

298 221 382 249 110

292 302 325 338 in
351 300 531 339 civitatem
547 308 711 338 nostram.
732 300 802 338 Illo
822 300 915 338 enim
942 308 1079 337 tantum
1098 298 1202 338 modo
1219 298 1276 336 his

292 362 361 400 frui
380 361 584 414 poterimus,
606 361 694 400 alias
712 361 858 400 minime
879 377 886 396 τ
907 362 957 399 sic
987 362 1023 399 in
1057 361 1275 399 tutissimum

292 423 409 461 locum
438 422 677 460 recondcmus.
706 422 805 460 Nihil
830 422 936 471 enim,
952 421 1044 460 nihil
1066 421 1188 472 utique
1212 435 1274 472 po-

293 494 359 523 test
378 499 416 523 ea
442 485 545 523 istinc
564 485 714 532 auferre,
732 498 800 522 non
826 498 936 533 mors,
956 498 1026 522 non
1053 491 1273 529 testamenta,

291 561 361 584 non
380 545 617 584 hereditatum
644 545 830 594 successio,
851 558 920 582 non
953 543 1194 597 sycophantiae
1219 542 1275 582 vel

291 606 524 657 insidiae550d
558 606 620 656 qui
645 605 729 642 hine
757 604 915 643 abscedit
934 605 1045 643 multa
1075 618 1191 642 seeum
1225 604 1274 641 se-

292 683 381 718 rens,
402 668 445 706 iis
461 676 629 720 perpetuo
645 667 792 705 fruetur.
811 667 902 713 Quis
917 680 999 719 ergo
1019 667 1068 705 sic
1083 666 1190 704 miser
1209 675 1274 713 est,

290 730 350 780 qui
379 730 466 767 nolit
491 743 570 766 eum
588 728 747 781 pecuniis
772 728 845 766 suis
882 737 1051 766 aeternum
1085 726 1272 764 deliciari?

291 791 561 828 Trans-feramus
577 803 659 841 ergo
674 788 818 829 divitias
841 798 990 839 nostras,
1012 788 1087 825 illic
1120 787 1273 839 depona-

290 867 380 890 mus.
403 853 482 890 Non
502 852 610 890 nobis
640 866 729 904 opus
748 851 814 889 erit
841 851 962 901 asinis,
984 849 1139 899 camelis,
1161 849 1274 888 curri-

289 916 368 963 bus,
391 928 459 953 non
478 913 629 954 navibus
649 913 695 951 ad
713 913 788 951 haec
812 911 1088 953 transvehenda:
1109 911 1176 949 hac
1205 911 1273 949 dif-

288 976 446 1014 ficultate
465 989 527 1014 nos
551 975 680 1028 eripuit
695 976 813 1024 Deus;
834 974 893 1012 sed
924 988 1013 1026 opus
1035 982 1175 1012 tantum
1208 973 1273 1010 ha-

288 1037 412 1074 hemus
439 1036 666 1088 pauperihus,
689 1035 841 1085 claudis,
865 1035 983 1079 caecis,
1008 1033 1172 1071 infirmis.
1208 1033 1272 1071 His

286 1097 366 1134 talis
379 1099 609 1149 comportatio
621 1095 831 1134 demandata
847 1105 918 1133 est:
934 1095 973 1132 hi
984 1094 1150 1146 pecunias
1160 1103 1272 1131 trans·
1294 1109 1318 1138 Ε

285 1159 430 1197 mittunt
459 1159 495 1197 in
525 1159 672 1207 caelttm5
701 1158 741 1195 hi
768 1157 892 1195 talium
913 1169 1128 1208 possessores
1160 1169 1270 1206 opum

285 1220 319 1257 in
339 1229 551 1258 aeternorum
580 1218 809 1257 hereditatem
837 1217 1014 1254 bonorum
1043 1215 1268 1267 perducun13

284 1294 392 1331 quam
417 1294 480 1317 nos
506 1293 626 1317 omnes
647 1278 783 1329 assequi
804 1276 981 1328 contingat
1004 1276 1117 1328 gratia
1147 1284 1181 1313 et
1208 1275 1271 1313 be-

284 1341 455 1392 nignitate
474 1340 618 1378 Domini
652 1339 764 1378 nostri
796 1341 881 1379 Jesu
900 1338 1045 1388 Christi,
1068 1351 1133 1390 per
1163 1351 1270 1388 quem

283 1412 315 1440 et
335 1417 414 1440 cum
430 1416 500 1453 quo
520 1401 616 1439 Patri
638 1400 762 1453 gloria,
782 1414 852 1437 una
875 1413 956 1437 cum
977 1398 1113 1452 Spiritu
1132 1407 1267 1444 saneto,

283 1476 374 1501 nunc
395 1472 428 1501 et
447 1477 595 1514 semper,
615 1471 647 1500 ct
669 1461 704 1499 in
738 1461 865 1499 sceeula
896 1460 1118 1498 saeculorum.
1142 1461 1265 1498 Amen.

1299 431 1323 460 D

1315 218 1517 249 ARCHIEP.
1560 218 1915 251 CONSTANTINOP.

1348 299 1503 351 ρούμενοι
1523 300 1575 348 δὲ,
1594 301 1684 340 ἀλλὰ
1706 302 1901 353 ἑλκόμενοι,
1932 302 1991 341 καὶ
2019 302 2144 356 ἑτέροις
2164 305 2274 341 αὐτῶν
2301 303 2364 348 ἐξι-

1345 360 1508 407 στάμενοι
1518 391 1527 408 ,
1543 361 1603 399 καὶ
1619 361 1707 413 μετὰ
1728 362 1805 414 βίας
1823 367 2113 416 παραχ(·)ροῦντες
2128 356 2176 407 οἷς
2194 365 2256 401 οὐκ
2272 363 2366 402 ἐδού-

1345 423 1454 459 λοντο.
1471 420 1588 476 (Ὀπερ
1611 422 1668 461 ἵνα
1684 423 1732 474 μὴ
1752 423 1931 474 πάθωμεν,
1955 426 2105 462 ἐντεῦθεν
2122 423 2189 470 ἤδη
2213 425 2365 475 ἐῤῥωμέ-

1343 497 1393 519 νοι
1421 482 1479 519 καὶ
1508 483 1737 535 ὑγιαίνοντες,
1760 483 2039 536 διαπεμψώμεθα
2069 484 2157 522 αὐτὰ
2183 484 2270 537 πρὸς
2301 484 2364 532 τὴν

1343 542 1443 581 πόλιν
1456 543 1517 591 τὴν
1534 543 1720 598 ἡμετέραν.
1742 543 1848 583 Οὕτω
1872 544 1940 598 γὰρ
1956 547 2068 584 αὐτῶν
2089 547 2287 584 ἀπολαῦσαι
2307 546 2364 582 δυ-

1343 603 1518 654 νησόμεθα
1535 605 1636 656 μόνον
1647 637 1656 654 ,
1672 606 1795 660 ἑτέρως
1811 605 1846 645 δὲ
1860 607 2036 657 οὐδαμῶς·
2057 605 2162 649 οὕτως
2179 608 2225 650 εἷς
2239 605 2362 644 ἄσυλον

1341 664 1400 702 καὶ
1415 666 1553 718 ἀσφαλῆ
1584 667 1687 706 τόπον
1720 666 1806 706 αὐτὰ
1824 667 2083 718 ἀποθησόμεθα.
2101 669 2154 705 Οὔ
2171 667 2239 720 γάρ
2256 670 2363 715 ἐστιν,

1342 727 1402 763 οὐκ
1420 725 1511 764 ἔστιν
1533 727 1626 767 οὐδὲν
1653 730 1724 767 ἐκεῖ
1740 731 1808 767 τῶν
1831 728 2029 780 δυναμένων
2049 727 2136 767 αὐτὰ
2158 728 2342 780 ἀφελέσθαι
2355 744 2362 752 ·

1341 789 1402 824 οὐκ
1431 787 1503 827 ἔστι
1525 789 1691 839 θάνατος,
1720 793 1781 829 οὐκ
1807 790 1891 828 εἰσὶν
1922 791 2062 836 ἀληθεῖς
2087 789 2272 838 διαθῆκαι,
2302 792 2363 828 οὐκ

1341 848 1406 886 εἶσὶ
1428 850 1583 902 διάδοχοι
1603 851 1754 905 κλήρων,
1774 854 1812 890 οὐ
1831 850 2056 903 συκοφαντίαι
2076 849 2135 888 καὶ
2162 850 2361 889 ἐπιδουλαί·

1342 909 1431 948 ἀλλὰ
1463 911 1520 949 τὸν
1544 912 1736 964 ἀπελθόντα
1766 915 1916 952 ἐντεῦθεν
1954 911 2067 951 πολλὰ
2101 911 2361 965 ἐπιφερόμενον,

1341 971 1528 1016 διαπαντός
1552 974 1644 1012 ἐστιν
1673 973 1759 1012 αὐτὰ
1790 977 2019 1027 καρποῦσθαι.
2051 972 2116 1016 Τίς
2146 967 2229 1011 Ῑόῦν
2255 973 2360 1018 οὕτως

1340 1030 1476 1080 ἅθλιος,
1496 1036 1542 1077 ὡς
1558 1033 1606 1084 μὴ
1624 1037 1767 1081 θελῆσαι
1792 1041 1862 1079 τοῖς
1888 1034 2067 1088 χρήμασιν
2090 1037 2255 1087 ἓντρυφᾷν
2288 1041 2358 1079 τοῖς

1340 1093 1460 1131 ἑαυτοῦ
1497 1093 1631 1142 διόλου,
1665 1095 1969 1147 Μετακομίσωμεν
2017 1094 2130 1134 τοίνυν
2166 1098 2266 1146 ἡμῶν
2301 1096 2360 1134 τὸν

1339 1155 1497 1201 πλοῦτον,
1513 1155 1572 1192 καὶ
1592 1159 1796 1207 μεταθῶμεν
1817 1159 1939 1195 ἐκεῖσε.
1970 1158 2048 1194 Οὐκ
2069 1157 2154 1194 ὄνων
2175 1159 2258 1207 ἡμῖν
2282 1157 2359 1204 δεή-

1340 1229 1406 1261 σει,
1429 1214 1488 1252 καὶ
1510 1216 1691 1266 καμήλων,
1717 1216 1776 1254 καὶ
1797 1217 1999 1268 ὀχημάτων,
2029 1217 2104 1255 οὐδὲ
2125 1217 2254 1256 πλοίων
2274 1218 2359 1271 πρὸς

1337 1275 1401 1321 τὴν
1416 1275 1577 1322 τοιαύτην
1596 1277 1778 1327 μετάθεσιν
1791 1293 1798 1300 ·
1813 1277 1873 1315 καὶ
1888 1276 1955 1329 γὰρ
1970 1277 2030 1315 καὶ
2044 1277 2172 1324 ταύτης
2192 1280 2286 1329 ἡμᾶς
2299 1282 2362 1325 τῆς

1338 1336 1522 1381 δυσκολίας
1540 1337 1736 1385 ἀπήλλαξεν
1755 1341 1772 1377 ὁ
1788 1337 1891 1382 Θεός·
1914 1337 2003 1377 ἀλλὰ
2023 1338 2178 1385 πενήτων
2204 1342 2288 1390 ἡμῖν
2312 1340 2361 1377 δεῖ

1339 1397 1465 1449 μόνων,
1487 1400 1554 1436 τῶν
1573 1401 1710 1451 χωλῶν,
1740 1402 1808 1437 τῶν
1839 1399 2039 1452 ἀναπήρων,
2067 1402 2135 1437 τῶν
2159 1398 2359 1452 ἀρρώστων.

1339 1459 1443 1498 Αὐτοὶ
1471 1459 1533 1507 τὴν
1560 1460 1721 1507 τοιαύτην
1739 1460 1822 1499 εἰσὶν
1844 1460 2137 1513 ἐγκεχειρισμένοι
2156 1460 2338 1511 μετάθεσιν
2352 1477 2359 1484 ·

1337 1514 1430 1559 οῧτοι
1447 1520 1492 1559 τὰ
1512 1521 1681 1573 χρήματα
1712 1521 2007 1574 παραπέμπουσιν
2038 1523 2085 1565 εἷς
2112 1522 2170 1560 τὸν
2203 1522 2358 1575 οὐρανὸν,

1336 1575 1429 1620 οῦτοι
1450 1581 1527 1626 τοὺς
1557 1585 1624 1619 τῶν
1642 1581 1803 1620 τοιούτων
1836 1581 2029 1633 χρημάτων
2057 1581 2192 1635 κυρίους
2220 1585 2268 1626 εἰς
2294 1582 2357 1630 τὴν

1287 1668 1317 1691 95
1335 1645 1403 1680 τῶν
1420 1642 1567 1680 αἰωνίων
1589 1645 1726 1694 ἀγαθῶν
1747 1641 1980 1695 κληρονομίαν
2003 1641 2196 1694 εἰσάγουσιν
2210 1658 2217 1666 ·
2237 1637 2279 1689 ἧς
2297 1642 2358 1694 γέ-

1290 1704 1313 1732 Λ

319 2029 334 2052 ¹>
352 2030 400 2062 οὖν
419 2025 510 2059 deest
528 2027 559 2059 in
576 2027 652 2059 Mss.
670 2024 831 2068 plurimis.

1333 1719 1424 1742 νοιτο
1439 1704 1572 1747 πάντας
1585 1707 1677 1754 ἡμᾶς
1697 1706 1884 1755 ἐπιτυχεῖν,
1900 1703 2020 1758 χάριτι
2039 1703 2098 1741 καὶ
2117 1703 2359 1755 φιλανθρωπίᾳ

1332 1768 1391 1802 τοῦ
1414 1765 1544 1817 Κυρίου
1560 1766 1660 1815 ἡμῶν
1681 1764 1795 1811 Ἰησοῦ
1817 1765 1989 1817 Χριστοῦ,
2010 1765 2053 1802 δι’
2074 1758 2111 1802 οῦ
2138 1763 2198 1801 καὶ
2222 1765 2296 1814 μεθ’
2317 1757 2356 1801 οῦ

1330 1828 1380 1878 τῷ
1399 1826 1516 1879 Πατρὶ
1535 1829 1556 1872 ἡ
1581 1824 1661 1869 δόξα
1674 1855 1683 1873 ,
1710 1825 1785 1876 ἅμα
1804 1827 1853 1877 τῷ
1871 1823 1959 1877 ἁγίῳ
1986 1824 2190 1876 Πνεύματι,
2209 1828 2267 1863 νῦν
2296 1825 2355 1863 καὶ

1331 1886 1403 1935 ἀεὶ,
1418 1886 1476 1924 καὶ
1490 1889 1537 1930 εἷς
1551 1885 1629 1930 τοὺς
1644 1888 1772 1930 αἰῶνας
1785 1888 1854 1924 τῶν
1878 1886 2024 1925 αἰώνων.
2043 1886 2163 1938 Ἀμήν.

582 2279 792 2318 HOMILIA
826 2279 944 2318 XVII.

270 2403 332 2440 98.
355 2400 572 2454 Hoecsacta
593 2408 681 2438 sunt
700 2401 742 2438 in
758 2399 955 2437 Bethania
980 2405 1090 2436 trans
1109 2397 1252 2435 Jorda-

324 2477 410 2502 nem
425 2494 434 2511 ‚
456 2464 621 2501 abierat
641 2462 816 2500 Joannes
844 2462 1065 2511 baptizans.
1088 2459 1153 2496 29.
1179 2457 1254 2494 Al-

300 2568 302 2570 ,
324 2535 405 2562 tera
430 2532 559 2562 autem
580 2524 642 2561 die
665 2522 775 2561 videt
798 2522 935 2560 Jesum
960 2522 1179 2558 venientem
1202 2520 1254 2557 ad

322 2600 383 2634 se,
405 2594 441 2622 et
460 2588 515 2623 nit
539 2601 548 2621 :
572 2586 674 2622 Eece
689 2597 810 2636 agnus
831 2584 928 2631 Dei,
950 2595 1034 2621 ecce
1053 2583 1121 2633 qui
1151 2582 1254 2619 tollit

319 2655 480 2697 peccata
498 2647 642 2683 mnndi.

322 2755 687 2809 1.Magn111nl)onum
708 2755 838 2793 fiducia
852 2764 885 2793 et
899 2754 1064 2806 loquendi
1081 2754 1249 2804 libertas,
1278 2757 1300 2788 Β

268 2819 454 2870 omniaque
473 2817 605 2856 Christi
626 2816 833 2854 confessioni
850 2826 1078 2869 postponere;
1097 2817 1145 2855 ita
1175 2831 1251 2855 ma-

268 2894 377 2932 gnum
396 2889 428 2918 et
445 2878 628 2925 mirabile,
649 2886 688 2914 ut
705 2876 816 2915 Filius
835 2877 902 2915 Dei
923 2878 1127 2929 unigenitus
1142 2879 1251 2916 talem

266 2941 448 2979 hominem
468 2953 586 2978 eoram
606 2939 709 2976 Patre
721 2938 890 2991 praedicet
909 2953 916 2974 :
933 2939 996 2976 etsi
1013 2953 1082 2977 non
1102 2940 1249 2991 aequalis

267 3002 312 3039 sit
328 3015 469 3040 merces.
485 3003 544 3040 Tu
562 2999 657 3038 enim
674 2998 852 3037 confiteris
878 2998 913 3035 in
936 3007 1026 3037 terra
1039 3016 1050 3049 5
1077 3000 1136 3038 ille
1164 3015 1248 3039 vcro

267 3063 454 3100 confitetur
490 3061 526 3098 in
555 3060 731 3098 caelis-:tu
761 3058 967 3097 hominibus
997 3061 1247 3112 praesentihus;

266 3124 326 3162 ille
352 3138 470 3163 coram
494 3123 597 3161 Patre
618 3130 651 3159 et
678 3120 810 3172 angelis
840 3120 1018 3158 omnibus.
1053 3121 1154 3159 Talis
1176 3130 1248 3159 crat

308 3257 324 3273 '²
343 3256 447 3298 Aliqui
471 3261 499 3289 ἐν
516 3258 693 3298 Βηθαὸαρᾷι
713 3253 758 3285 sic
775 3254 808 3284 in
824 3250 1085 3284 accuratioribus
1099 3251 1264 3293 exempla—

263 3310 352 3341 ribus
365 3306 493 3349 legitur‚
513 3307 619 3349 inquit
636 3305 719 3338 iufra
733 3305 1003 3347 Chrysostotnus‚
1021 3303 1076 3345 qui
1092 3302 1187 3334 addit
1205 3304 1263 3334 Be-

263 3360 409 3393 thaniam
424 3369 491 3390 non
509 3366 599 3389 trans
611 3356 793 3390 ,Iordanem
811 3367 890 3398 esse,
906 3354 962 3387 sed
976 3365 1078 3397 prope
1095 3353 1263 3397 Jerosoly-

262 3422 362 3445 mam.
378 3409 521 3451 Quidam
536 3416 655 3451 putant
671 3407 768 3441 aliam
786 3407 839 3441 hic
857 3406 1049 3440 Bethaniam
1067 3407 1260 3447 memorari,

1706 2277 1885 2314 ΟΜΙΛΙΑ
1919 2274 1970 2320 ιζ’.

1326 2399 1448 2436 Ταῦτα
1478 2397 1612 2449 ἐγένετο
1638 2400 1670 2436 ἐν
1701 2397 1856 2450 Βηθανίᾳ
1889 2396 2030 2450 *πέραν
2058 2401 2117 2435 τοῦ
2151 2398 2347 2450 Ἰορδάνου,

1377 2457 1461 2497 ὅπου
1495 2453 1536 2505 ἦν
1565 2457 1728 2505 Ἰωάννης
1751 2457 1940 2509 βαπτίζων.
1956 2460 2011 2508 Τῇ
2033 2457 2194 2511 ἐπαύριον
2227 2457 2346 2508 βλέπει

1376 2519 1433 2557 τὸν
1471 2518 1604 2565 Ἰησοῦν
1636 2518 1820 2571 ἐρχόμενον
1861 2518 1945 2571 πρὸς
1980 2518 2093 2567 αὐτὸν,
2129 2519 2188 2557 καὶ
2230 2518 2344 2570 λέγει·

1377 2577 1426 2616 ἴδε
1445 2580 1463 2614 ὁ
1491 2577 1597 2628 ἀμνὸς
1615 2582 1674 2616 τοῦ
1702 2579 1810 2626 Θεοῦ,
1832 2579 1849 2614 ὃ
1872 2576 1977 2629 αἴρων
1998 2576 2059 2624 τὴν
2090 2577 2264 2630 ἁμαρτίαν
2287 2582 2346 2616 τοῦ

1378 2639 1522 2689 κόσμου.

1377 2752 1480 2806 Μέγα
1518 2751 1643 2804 ἀγαθὸν
1674 2750 1852 2804 παῤῥησία
1878 2750 1937 2788 καὶ
1966 2751 2005 2788 τὸ
2032 2753 2342 2803 ἐλευθεροστομεῖν,

1322 2816 1381 2854 καὶ
1408 2815 1522 2854 πάντα
1544 2814 1684 2866 δεύτερα
1711 2812 1866 2851 τίθεσθαι
1899 2815 1961 2858 τῆς
1986 2811 2171 2863 ὁμολογίας
2203 2815 2265 2858 τῆς
2293 2814 2340 2856 εἰς

1320 2878 1376 2915 τὸν
1400 2875 1568 2929 Χριστόν·
1592 2875 1678 2913 οὕτω
1699 2874 1788 2925 μέγα
1811 2874 1869 2912 καὶ
1887 2874 2098 2924 θαυμαστὸν,
2121 2875 2166 2918 ὡς
2184 2873 2241 2912 τὸν
2259 2874 2339 2912 Υἱὸν

1320 2942 1379 2976 τοῦ
1410 2939 1500 2975 Θεοῦ
1523 2936 1579 2974 τὸν
1605 2937 1790 2987 μονογενῆ,
1816 2934 1873 2973 τὸν
1901 2939 2051 2972 τοιοῦτον
2092 2934 2338 2988 ἀνακηρύττειν

1321 2998 1377 3038 ἐπὶ
1398 3002 1457 3037 τοῦ
1483 2996 1647 3049 Πατρὸς,
1672 2994 1784 3034 καίτοι
1808 3012 1847 3047 γε
1866 2996 1927 3033 οὐκ
1950 2994 2007 3041 ἴση
2031 2999 2052 3042 ἡ
2083 2995 2264 3038 ἀντίδοσις.
2289 2994 2339 3033 Σὺ

1321 3058 1382 3111 μὲν
1409 3057 1476 3110 γὰρ
1496 3060 1672 3109 ὁμολογεῖς
1695 3056 1751 3096 ε’πὶ
1774 3059 1835 3102 τῆς
1863 3059 1946 3108 γ’ῆς,
1972 3062 1986 3077 ³
2000 3056 2100 3100 αὐτὸς
2122 3055 2157 3094 δὲ
2178 3058 2338 3107 ὁμολογεῖ

1319 3124 1352 3160 ἐν
1381 3126 1451 3164 τοῖς
1473 3123 1642 3173 οὐρανοῖς·
1670 3117 1730 3156 καὶ
1764 3116 1804 3155 σὺ
1828 3116 1890 3168 μὲν
1925 3117 2115 3170 ἀνθρώπων
2142 3116 2336 3169 παρόντων,

1330 3263 1401 3295 quoe
1416 3252 1458 3283 sit.
1476 3258 1566 3283 trans
1580 3248 1774 3282 Jordanem.

1370 3314 1383 3328 ³⁴
1400 3302 1500 3336 Savil.
1519 3303 1602 3340 οὗτος
1628 3304 1658 3335 δὲ
1681 3305 1710 3334 ἐν
1736 3307 1806 3338 τοῖς.
1834 3298 2043 3342 Exemplaria
2071 3299 2216 3340 variant,
2242 3299 2274 3331 in
2301 3308 2334 3330 rc

1330 3363 1416 3387 certe
1435 3354 1588 3389 levissimi
1605 3353 1774 3386 momenti.
