<?xml version="1.0" encoding="UTF-8"?>
<!DOCTYPE html PUBLIC "-//W3C//DTD XHTML 1.0 Transitional//EN"
    "http://www.w3.org/TR/xhtml1/DTD/xhtml1-transitional.dtd">
<html xmlns="http://www.w3.org/1999/xhtml" xml:lang="en" lang="en">
 <head>
  <title>
</title>
<meta http-equiv="Content-Type" content="text/html;charset=utf-8" />
  <meta name='ocr-system' content='tesseract 3.04.00' />
  <meta name='ocr-capabilities' content='ocr_page ocr_carea ocr_par ocr_line ocrx_word'/>
</head>
<body>
  <div class='ocr_page' id='page_1' title='image "./operaomniaquaeex08johnuoft/operaomniaquaeex08johnuoft_0654.png"; bbox 0 0 2522 3683; ppageno 0'>
   <div class='ocr_carea' id='block_1_1' title="bbox 267 202 362 260">
    <p class='ocr_par' dir='ltr' id='par_1_1' title="bbox 267 202 362 260">
     <span class='ocr_line' id='line_1_1' title="bbox 267 202 362 260; baseline 0 -13"><span class='ocrx_word' id='word_1_1' title='bbox 267 202 362 260; x_wconf 66' lang='lat'>(524</span> 
     </span>
    </p>
   </div>
   <div class='ocr_carea' id='block_1_2' title="bbox 61 299 1253 403">
    <p class='ocr_par' dir='ltr' id='par_1_2' title="bbox 61 299 1253 403">
     <span class='ocr_line' id='line_1_2' title="bbox 61 299 1250 358; baseline 0.002 -23"><span class='ocrx_word' id='word_1_2' title='bbox 61 313 252 339; x_wconf 45' lang='lat' dir='ltr'>sesua-(013,-</span> <span class='ocrx_word' id='word_1_3' title='bbox 266 299 493 336; x_wconf 75' lang='lat' dir='ltr'>surrectionis</span> <span class='ocrx_word' id='word_1_4' title='bbox 509 299 595 358; x_wconf 45' lang='lat' dir='ltr'>ejus.</span> <span class='ocrx_word' id='word_1_5' title='bbox 600 307 726 347; x_wconf 85' lang='lat' dir='ltr'>essent,</span> <span class='ocrx_word' id='word_1_6' title='bbox 743 299 804 350; x_wconf 81' lang='lat' dir='ltr'>qui</span> <span class='ocrx_word' id='word_1_7' title='bbox 825 313 948 351; x_wconf 86' lang='lat' dir='ltr'>passus</span> <span class='ocrx_word' id='word_1_8' title='bbox 967 308 999 338; x_wconf 85' lang='lat' dir='ltr'>et</span> <span class='ocrx_word' id='word_1_9' title='bbox 1014 299 1172 352; x_wconf 84' lang='lat' dir='ltr'>sepultus</span> <span class='ocrx_word' id='word_1_10' title='bbox 1185 308 1250 349; x_wconf 85' lang='lat' dir='ltr'>est,</span> 
     </span>
     <span class='ocr_line' id='line_1_3' title="bbox 62 351 1253 403; baseline 0.002 -16"><span class='ocrx_word' id='word_1_11' title='bbox 62 356 106 380; x_wconf 72' lang='lat' dir='ltr'>nis</span> <span class='ocrx_word' id='word_1_12' title='bbox 128 353 149 380; x_wconf 88' lang='lat' dir='ltr'>C</span> <span class='ocrx_word' id='word_1_13' title='bbox 154 355 211 380; x_wconf 77' lang='lat' dir='ltr'>¹·1i</span> <span class='ocrx_word' id='word_1_14' title='bbox 218 354 249 381; x_wconf 79' lang='grc' dir='ltr'>ῑῐ</span> <span class='ocrx_word' id='word_1_15' title='bbox 265 360 297 387; x_wconf 85' lang='lat' dir='ltr'>et</span> <span class='ocrx_word' id='word_1_16' title='bbox 317 351 524 402; x_wconf 48' lang='lat' dir='ltr'>ruesunexit,</span> <span class='ocrx_word' id='word_1_17' title='bbox 544 351 596 389; x_wconf 86' lang='lat' dir='ltr'>uti</span> <span class='ocrx_word' id='word_1_18' title='bbox 616 351 735 401; x_wconf 72' lang='lat' dir='ltr'>novit,</span> <span class='ocrx_word' id='word_1_19' title='bbox 757 361 791 390; x_wconf 88' lang='lat' dir='ltr'>et</span> <span class='ocrx_word' id='word_1_20' title='bbox 809 352 971 403; x_wconf 82' lang='lat' dir='ltr'>pervenit</span> <span class='ocrx_word' id='word_1_21' title='bbox 990 353 1026 390; x_wconf 92' lang='lat' dir='ltr'>in</span> <span class='ocrx_word' id='word_1_22' title='bbox 1045 366 1164 390; x_wconf 88' lang='lat' dir='ltr'>sinum</span> <span class='ocrx_word' id='word_1_23' title='bbox 1181 354 1253 391; x_wconf 85' lang='lat' dir='ltr'>Pa-</span> 
     </span>
    </p>
   </div>
   <div class='ocr_carea' id='block_1_3' title="bbox 66 461 227 528">
    <p class='ocr_par' dir='ltr' id='par_1_3' title="bbox 66 461 227 528">
     <span class='ocr_line' id='line_1_4' title="bbox 67 461 227 497; baseline 0.007 -10"><span class='ocrx_word' id='word_1_24' title='bbox 67 461 151 489; x_wconf 81' lang='lat' dir='ltr'>Psal.</span> <span class='ocrx_word' id='word_1_25' title='bbox 177 461 227 497; x_wconf 65' lang='grc'>47.</span> 
     </span>
     <span class='ocr_line' id='line_1_5' title="bbox 66 501 110 528; baseline 0 -1"><span class='ocrx_word' id='word_1_26' title='bbox 66 501 110 528; x_wconf 78' lang='lat'>13.</span> 
     </span>
    </p>
   </div>
   <div class='ocr_carea' id='block_1_4' title="bbox 61 1407 243 1444">
    <p class='ocr_par' dir='ltr' id='par_1_4' title="bbox 61 1407 243 1444">
     <span class='ocr_line' id='line_1_6' title="bbox 61 1407 243 1444; baseline 0.013 -14.125"><span class='ocrx_word' id='word_1_27' title='bbox 61 1407 195 1443; x_wconf 68' lang='lat'>11111117</span> <span class='ocrx_word' id='word_1_28' title='bbox 204 1415 243 1444; x_wconf 81' lang='lat'>..7</span> 
     </span>
    </p>
   </div>
   <div class='ocr_carea' id='block_1_5' title="bbox 220 1818 250 1840">
    <p class='ocr_par' dir='ltr' id='par_1_5' title="bbox 220 1818 250 1840">
     <span class='ocr_line' id='line_1_7' title="bbox 220 1818 250 1840; baseline 0 0"><span class='ocrx_word' id='word_1_29' title='bbox 220 1818 250 1840; x_wconf 61' lang='lat'>⁴13</span> 
     </span>
    </p>
   </div>
   <div class='ocr_carea' id='block_1_6' title="bbox 118 1035 499 1080">
    <p class='ocr_par' dir='ltr' id='par_1_6' title="bbox 118 1035 499 1080">
     <span class='ocr_line' id='line_1_8' title="bbox 118 1035 499 1080; baseline 0.012 -11"><span class='ocrx_word' id='word_1_30' title='bbox 118 1045 175 1075; x_wconf 49' lang='lat' dir='ltr'>ng»</span> <span class='ocrx_word' id='word_1_31' title='bbox 213 1052 219 1080; x_wconf 68' lang='grc' dir='ltr'>ς</span> <span class='ocrx_word' id='word_1_32' title='bbox 236 1063 243 1071; x_wconf 97' lang='grc'><strong><em>.</em></strong></span> <span class='ocrx_word' id='word_1_33' title='bbox 260 1035 499 1074; x_wconf 33' lang='lat' dir='ltr'>1NJeco1dab0r:</span> 
     </span>
    </p>
   </div>
   <div class='ocr_carea' id='block_1_7' title="bbox 258 403 1253 1350">
    <p class='ocr_par' dir='ltr' id='par_1_7' title="bbox 259 403 1253 1350">
     <span class='ocr_line' id='line_1_9' title="bbox 265 403 1252 457; baseline 0.003 -17"><span class='ocrx_word' id='word_1_34' title='bbox 265 403 342 449; x_wconf 82' lang='lat' dir='ltr'>tris,</span> <span class='ocrx_word' id='word_1_35' title='bbox 356 418 463 454; x_wconf 79' lang='lat' dir='ltr'>quem</span> <span class='ocrx_word' id='word_1_36' title='bbox 484 418 677 456; x_wconf 81' lang='lat' dir='ltr'>numquam</span> <span class='ocrx_word' id='word_1_37' title='bbox 697 404 851 455; x_wconf 73' lang='lat' dir='ltr'>leliquit.</span> <span class='ocrx_word' id='word_1_38' title='bbox 870 404 925 442; x_wconf 87' lang='lat' dir='ltr'>Ad</span> <span class='ocrx_word' id='word_1_39' title='bbox 938 419 1025 454; x_wconf 88' lang='lat' dir='ltr'>quos</span> <span class='ocrx_word' id='word_1_40' title='bbox 1043 405 1118 457; x_wconf 70' lang='lat' dir='ltr'>ipsc</span> <span class='ocrx_word' id='word_1_41' title='bbox 1130 405 1252 443; x_wconf 85' lang='lat' dir='ltr'>Domi-</span> 
     </span>
     <span class='ocr_line' id='line_1_10' title="bbox 266 457 1253 509; baseline 0.003 -17"><span class='ocrx_word' id='word_1_42' title='bbox 266 470 330 493; x_wconf 88' lang='lat' dir='ltr'>nus</span> <span class='ocrx_word' id='word_1_43' title='bbox 360 457 566 509; x_wconf 82' lang='lat' dir='ltr'>piophetice</span> <span class='ocrx_word' id='word_1_44' title='bbox 601 458 785 508; x_wconf 76' lang='lat' dir='ltr'>loquitur:</span> <span class='ocrx_word' id='word_1_45' title='bbox 808 458 1053 495; x_wconf 78' lang='lat' dir='ltr'>Circumdate</span> <span class='ocrx_word' id='word_1_46' title='bbox 1075 458 1165 495; x_wconf 88' lang='lat' dir='ltr'>hanc</span> <span class='ocrx_word' id='word_1_47' title='bbox 1192 472 1253 495; x_wconf 83' lang='lat' dir='ltr'>no-</span> 
     </span>
     <span class='ocr_line' id='line_1_11' title="bbox 263 509 1252 569; baseline 0.001 -22"><span class='ocrx_word' id='word_1_48' title='bbox 263 523 285 547; x_wconf 98' lang='grc' dir='ltr'>Υ</span> <span class='ocrx_word' id='word_1_49' title='bbox 289 522 347 546; x_wconf 81' lang='lat' dir='ltr'>am</span> <span class='ocrx_word' id='word_1_50' title='bbox 361 510 466 556; x_wconf 85' lang='lat' dir='ltr'>Sion,</span> <span class='ocrx_word' id='word_1_51' title='bbox 487 519 522 548; x_wconf 92' lang='lat' dir='ltr'>et</span> <span class='ocrx_word' id='word_1_52' title='bbox 543 512 840 569; x_wconf 81' lang='lat' dir='ltr'>complectimini</span> <span class='ocrx_word' id='word_1_53' title='bbox 854 524 954 555; x_wconf 86' lang='lat' dir='ltr'>eam,</span> <span class='ocrx_word' id='word_1_54' title='bbox 969 509 1035 547; x_wconf 92' lang='lat' dir='ltr'>hoc</span> <span class='ocrx_word' id='word_1_55' title='bbox 1058 519 1135 548; x_wconf 87' lang='lat' dir='ltr'>est:</span> <span class='ocrx_word' id='word_1_56' title='bbox 1157 511 1252 548; x_wconf 91' lang='lat' dir='ltr'>Con-</span> 
     </span>
     <span class='ocr_line' id='line_1_12' title="bbox 263 562 1252 614; baseline 0.003 -16.006"><span class='ocrx_word' id='word_1_57' title='bbox 263 571 412 610; x_wconf 75' lang='lat' dir='ltr'>seivate,</span> <span class='ocrx_word' id='word_1_58' title='bbox 427 563 540 600; x_wconf 80' lang='lat' dir='ltr'>minis</span> <span class='ocrx_word' id='word_1_59' title='bbox 556 563 686 614; x_wconf 78' lang='lat' dir='ltr'>cingite</span> <span class='ocrx_word' id='word_1_60' title='bbox 691 562 879 613; x_wconf 79' lang='lat' dir='ltr'>‚piecibus</span> <span class='ocrx_word' id='word_1_61' title='bbox 896 562 1045 611; x_wconf 82' lang='lat' dir='ltr'>munite,</span> <span class='ocrx_word' id='word_1_62' title='bbox 1058 571 1097 600; x_wconf 84' lang='lat' dir='ltr'>ut</span> <span class='ocrx_word' id='word_1_63' title='bbox 1109 563 1252 613; x_wconf 87' lang='lat' dir='ltr'>quando</span> 
     </span>
     <span class='ocr_line' id='line_1_13' title="bbox 263 614 1253 664; baseline 0.002 -13"><span class='ocrx_word' id='word_1_64' title='bbox 263 615 387 652; x_wconf 85' lang='lat' dir='ltr'>merito</span> <span class='ocrx_word' id='word_1_65' title='bbox 407 616 517 653; x_wconf 81' lang='lat' dir='ltr'>iratus</span> <span class='ocrx_word' id='word_1_66' title='bbox 540 616 650 662; x_wconf 84' lang='lat' dir='ltr'>fuero,</span> <span class='ocrx_word' id='word_1_67' title='bbox 671 628 945 664; x_wconf 80' lang='lat' dir='ltr'>univer-simque</span> <span class='ocrx_word' id='word_1_68' title='bbox 971 614 1096 653; x_wconf 84' lang='lat' dir='ltr'>mundi</span> <span class='ocrx_word' id='word_1_69' title='bbox 1118 616 1253 653; x_wconf 80' lang='lat' dir='ltr'>machi-</span> 
     </span>
     <span class='ocr_line' id='line_1_14' title="bbox 263 667 1252 712; baseline 0.002 -8"><span class='ocrx_word' id='word_1_70' title='bbox 263 680 344 705; x_wconf 89' lang='lat' dir='ltr'>nam</span> <span class='ocrx_word' id='word_1_71' title='bbox 369 682 588 712; x_wconf 79' lang='lat' dir='ltr'>concusscro</span> <span class='ocrx_word' id='word_1_72' title='bbox 607 667 831 704; x_wconf 81' lang='lat' dir='ltr'>considerans</span> <span class='ocrx_word' id='word_1_73' title='bbox 862 667 1063 706; x_wconf 72' lang='grc' dir='ltr'>ἰΠἸῐΠοιῑειΙθ</span> <span class='ocrx_word' id='word_1_74' title='bbox 1092 677 1252 707; x_wconf 76' lang='lat' dir='ltr'>vestium</span> 
     </span>
     <span class='ocr_line' id='line_1_15' title="bbox 261 719 1251 779; baseline 0.004 -24.008"><span class='ocrx_word' id='word_1_75' title='bbox 261 720 475 779; x_wconf 75' lang='lat' dir='ltr'>sepulcnnn,</span> <span class='ocrx_word' id='word_1_76' title='bbox 494 734 640 778; x_wconf 76' lang='lat' dir='ltr'>quaequ&lt;</span> <span class='ocrx_word' id='word_1_77' title='bbox 661 720 729 757; x_wconf 88' lang='lat' dir='ltr'>mci</span> <span class='ocrx_word' id='word_1_78' title='bbox 751 733 854 757; x_wconf 81' lang='lat' dir='ltr'>causa</span> <span class='ocrx_word' id='word_1_79' title='bbox 875 719 995 771; x_wconf 72' lang='lat' dir='ltr'>geiitis</span> <span class='ocrx_word' id='word_1_80' title='bbox 1016 734 1116 772; x_wconf 81' lang='lat' dir='ltr'>aequo</span> <span class='ocrx_word' id='word_1_81' title='bbox 1132 721 1251 759; x_wconf 85' lang='lat' dir='ltr'>animo</span> 
     </span>
     <span class='ocr_line' id='line_1_16' title="bbox 260 772 1251 825; baseline 0.003 -17"><span class='ocrx_word' id='word_1_82' title='bbox 260 780 440 822; x_wconf 77' lang='lat' dir='ltr'>stigmata,</span> <span class='ocrx_word' id='word_1_83' title='bbox 459 787 549 810; x_wconf 85' lang='lat' dir='ltr'>nam</span> <span class='ocrx_word' id='word_1_84' title='bbox 568 787 674 810; x_wconf 81' lang='lat' dir='ltr'>misci</span> <span class='ocrx_word' id='word_1_85' title='bbox 678 772 810 810; x_wconf 70' lang='lat' dir='ltr'>lcoidm</span> <span class='ocrx_word' id='word_1_86' title='bbox 830 772 994 811; x_wconf 84' lang='lat' dir='ltr'>vincam:</span> <span class='ocrx_word' id='word_1_87' title='bbox 1012 788 1084 824; x_wconf 84' lang='lat' dir='ltr'>qua</span> <span class='ocrx_word' id='word_1_88' title='bbox 1105 773 1251 825; x_wconf 81' lang='lat' dir='ltr'>quidem</span> 
     </span>
     <span class='ocr_line' id='line_1_17' title="bbox 259 823 1250 879; baseline 0.004 -19"><span class='ocrx_word' id='word_1_89' title='bbox 259 823 402 873; x_wconf 88' lang='lat' dir='ltr'>ductus,</span> <span class='ocrx_word' id='word_1_90' title='bbox 425 840 466 862; x_wconf 91' lang='lat' dir='ltr'>en</span> <span class='ocrx_word' id='word_1_91' title='bbox 488 834 702 877; x_wconf 78' lang='lat' dir='ltr'>piaemature</span> <span class='ocrx_word' id='word_1_92' title='bbox 721 835 877 863; x_wconf 78' lang='lat' dir='ltr'>v·estla1n</span> <span class='ocrx_word' id='word_1_93' title='bbox 897 825 1048 863; x_wconf 73' lang='lat' dir='ltr'>admitto</span> <span class='ocrx_word' id='word_1_94' title='bbox 1066 826 1250 879; x_wconf 80' lang='lat' dir='ltr'>supplica-</span> 
     </span>
     <span class='ocr_line' id='line_1_18' title="bbox 259 876 1249 927; baseline 0.005 -15"><span class='ocrx_word' id='word_1_95' title='bbox 259 876 404 914; x_wconf 88' lang='lat' dir='ltr'>tionem.</span> <span class='ocrx_word' id='word_1_96' title='bbox 428 877 676 916; x_wconf 81' lang='lat' dir='ltr'>Sacerdotium</span> <span class='ocrx_word' id='word_1_97' title='bbox 694 878 790 916; x_wconf 88' lang='lat' dir='ltr'>enim</span> <span class='ocrx_word' id='word_1_98' title='bbox 804 888 836 916; x_wconf 81' lang='lat' dir='ltr'>et</span> <span class='ocrx_word' id='word_1_99' title='bbox 855 892 916 927; x_wconf 82' lang='lat' dir='ltr'>1e0</span> <span class='ocrx_word' id='word_1_100' title='bbox 921 893 1005 916; x_wconf 87' lang='lat' dir='ltr'>uum</span> <span class='ocrx_word' id='word_1_101' title='bbox 1024 893 1105 916; x_wconf 85' lang='lat' dir='ltr'>cum</span> <span class='ocrx_word' id='word_1_102' title='bbox 1123 879 1249 917; x_wconf 82' lang='lat' dir='ltr'>videio</span> 
     </span>
     <span class='ocr_line' id='line_1_19' title="bbox 259 928 1248 982; baseline 0.004 -17"><span class='ocrx_word' id='word_1_103' title='bbox 259 928 332 966; x_wconf 71' lang='lat' dir='ltr'>lael</span> <span class='ocrx_word' id='word_1_104' title='bbox 333 944 436 982; x_wconf 77' lang='lat' dir='ltr'>ymas</span> <span class='ocrx_word' id='word_1_105' title='bbox 454 930 617 980; x_wconf 87' lang='lat' dir='ltr'>fundere,</span> <span class='ocrx_word' id='word_1_106' title='bbox 639 932 741 981; x_wconf 85' lang='lat' dir='ltr'>quasi</span> <span class='ocrx_word' id='word_1_107' title='bbox 760 931 925 968; x_wconf 73' lang='lat' dir='ltr'>dolotum</span> <span class='ocrx_word' id='word_1_108' title='bbox 957 945 1110 981; x_wconf 89' lang='lat' dir='ltr'>consors,</span> <span class='ocrx_word' id='word_1_109' title='bbox 1130 932 1248 969; x_wconf 83' lang='lat' dir='ltr'>statim</span> 
     </span>
     <span class='ocr_line' id='line_1_20' title="bbox 258 981 1249 1034; baseline 0.004 -16.012"><span class='ocrx_word' id='word_1_110' title='bbox 258 981 305 1018; x_wconf 57' lang='lat' dir='ltr'>qd</span> <span class='ocrx_word' id='word_1_111' title='bbox 331 984 671 1021; x_wconf 69' lang='lat' dir='ltr'>commiserationem</span> <span class='ocrx_word' id='word_1_112' title='bbox 699 984 834 1030; x_wconf 79' lang='lat' dir='ltr'>flectar,</span> <span class='ocrx_word' id='word_1_113' title='bbox 853 998 1011 1034; x_wconf 79' lang='lat' dir='ltr'>meaeque</span> <span class='ocrx_word' id='word_1_114' title='bbox 1034 984 1132 1021; x_wconf 86' lang='lat' dir='ltr'>illius</span> <span class='ocrx_word' id='word_1_115' title='bbox 1152 984 1249 1022; x_wconf 85' lang='lat' dir='ltr'>vocis</span> 
     </span>
     <span class='ocr_line' id='line_1_21' title="bbox 522 1038 1251 1088; baseline 0 -14"><span class='ocrx_word' id='word_1_116' title='bbox 522 1038 730 1087; x_wconf 81' lang='lat' dir='ltr'>Protegam</span> <span class='ocrx_word' id='word_1_117' title='bbox 754 1039 952 1074; x_wconf 72' lang='lat' dir='ltr'>civitatem</span> <span class='ocrx_word' id='word_1_118' title='bbox 974 1038 1076 1073; x_wconf 76' lang='lat' dir='ltr'>lianc</span> <span class='ocrx_word' id='word_1_119' title='bbox 1094 1046 1251 1088; x_wconf 67' lang='lat' dir='ltr'>propter</span> 
     </span>
     <span class='ocr_line' id='line_1_22' title="bbox 260 1088 1244 1134; baseline 0.002 -10"><span class='ocrx_word' id='word_1_120' title='bbox 260 1088 325 1124; x_wconf 89' lang='lat' dir='ltr'>Da</span> <span class='ocrx_word' id='word_1_121' title='bbox 331 1090 395 1126; x_wconf 74' lang='lat' dir='ltr'>vid</span> <span class='ocrx_word' id='word_1_122' title='bbox 403 1103 554 1127; x_wconf 76' lang='lat' dir='ltr'>servum</span> <span class='ocrx_word' id='word_1_123' title='bbox 567 1103 705 1134; x_wconf 85' lang='lat' dir='ltr'>meum,</span> <span class='ocrx_word' id='word_1_124' title='bbox 717 1098 753 1126; x_wconf 85' lang='lat' dir='ltr'>et</span> <span class='ocrx_word' id='word_1_125' title='bbox 762 1088 904 1125; x_wconf 84' lang='lat' dir='ltr'>Aaron</span> <span class='ocrx_word' id='word_1_126' title='bbox 916 1097 1094 1125; x_wconf 83' lang='lat' dir='ltr'>sanctum</span> <span class='ocrx_word' id='word_1_127' title='bbox 1106 1102 1244 1126; x_wconf 87' lang='lat' dir='ltr'>meum.</span> 
     </span>
     <span class='ocr_line' id='line_1_23' title="bbox 261 1139 1250 1189; baseline 0.004 -14"><span class='ocrx_word' id='word_1_128' title='bbox 261 1140 332 1187; x_wconf 86' lang='lat' dir='ltr'>Qui</span> <span class='ocrx_word' id='word_1_129' title='bbox 354 1141 445 1179; x_wconf 87' lang='lat' dir='ltr'>sicut</span> <span class='ocrx_word' id='word_1_130' title='bbox 470 1155 532 1180; x_wconf 86' lang='lat' dir='ltr'>vos</span> <span class='ocrx_word' id='word_1_131' title='bbox 562 1155 630 1178; x_wconf 82' lang='lat' dir='ltr'>una</span> <span class='ocrx_word' id='word_1_132' title='bbox 663 1140 734 1178; x_wconf 85' lang='lat' dir='ltr'>fide</span> <span class='ocrx_word' id='word_1_133' title='bbox 762 1139 1027 1189; x_wconf 83' lang='lat' dir='ltr'>consentientes,</span> <span class='ocrx_word' id='word_1_134' title='bbox 1046 1140 1250 1179; x_wconf 82' lang='lat' dir='ltr'>voluntaria</span> 
     </span>
     <span class='ocr_line' id='line_1_24' title="bbox 259 1192 1246 1252; baseline 0.002 -23"><span class='ocrx_word' id='word_1_135' title='bbox 259 1192 369 1230; x_wconf 82' lang='lat' dir='ltr'>animi</span> <span class='ocrx_word' id='word_1_136' title='bbox 396 1193 631 1231; x_wconf 84' lang='lat' dir='ltr'>submissione</span> <span class='ocrx_word' id='word_1_137' title='bbox 653 1192 866 1244; x_wconf 79' lang='lat' dir='ltr'>dignitatem</span> <span class='ocrx_word' id='word_1_138' title='bbox 889 1207 990 1230; x_wconf 86' lang='lat' dir='ltr'>suam</span> <span class='ocrx_word' id='word_1_139' title='bbox 1015 1193 1246 1252; x_wconf 79' lang='lat' dir='ltr'>occultantes,</span> 
     </span>
     <span class='ocr_line' id='line_1_25' title="bbox 260 1245 1250 1298; baseline 0.003 -17"><span class='ocrx_word' id='word_1_140' title='bbox 260 1245 389 1283; x_wconf 87' lang='lat' dir='ltr'>vestitu</span> <span class='ocrx_word' id='word_1_141' title='bbox 403 1246 585 1297; x_wconf 85' lang='lat' dir='ltr'>denique</span> <span class='ocrx_word' id='word_1_142' title='bbox 576 1260 652 1298; x_wconf 80' lang='lat' dir='ltr'>ipso</span> <span class='ocrx_word' id='word_1_143' title='bbox 671 1245 910 1283; x_wconf 83' lang='lat' dir='ltr'>humilitatem</span> <span class='ocrx_word' id='word_1_144' title='bbox 929 1245 1039 1283; x_wconf 85' lang='lat' dir='ltr'>animi</span> <span class='ocrx_word' id='word_1_145' title='bbox 1056 1260 1128 1297; x_wconf 82' lang='lat' dir='ltr'>plae</span> <span class='ocrx_word' id='word_1_146' title='bbox 1148 1259 1184 1284; x_wconf 88' lang='lat' dir='ltr'>se</span> <span class='ocrx_word' id='word_1_147' title='bbox 1198 1246 1250 1284; x_wconf 85' lang='lat' dir='ltr'>fe-</span> 
     </span>
     <span class='ocr_line' id='line_1_26' title="bbox 262 1298 1247 1350; baseline 0.002 -15"><span class='ocrx_word' id='word_1_148' title='bbox 262 1307 388 1348; x_wconf 83' lang='lat' dir='ltr'>rentes,</span> <span class='ocrx_word' id='word_1_149' title='bbox 405 1299 517 1336; x_wconf 81' lang='lat' dir='ltr'>multa</span> <span class='ocrx_word' id='word_1_150' title='bbox 535 1298 582 1337; x_wconf 84' lang='lat' dir='ltr'>ad</span> <span class='ocrx_word' id='word_1_151' title='bbox 598 1313 654 1337; x_wconf 84' lang='lat' dir='ltr'>me</span> <span class='ocrx_word' id='word_1_152' title='bbox 667 1298 930 1350; x_wconf 81' lang='lat' dir='ltr'>discipulorum</span> <span class='ocrx_word' id='word_1_153' title='bbox 945 1298 1058 1336; x_wconf 83' lang='lat' dir='ltr'>millia</span> <span class='ocrx_word' id='word_1_154' title='bbox 1073 1307 1106 1336; x_wconf 89' lang='lat' dir='ltr'>t1</span> <span class='ocrx_word' id='word_1_155' title='bbox 1108 1298 1247 1337; x_wconf 78' lang='lat' dir='ltr'>aduxe-</span> 
     </span>
    </p>
   </div>
   <div class='ocr_carea' id='block_1_8' title="bbox 1234 219 1413 249">
    <p class='ocr_par' dir='ltr' id='par_1_8' title="bbox 1234 219 1413 249">
     <span class='ocr_line' id='line_1_27' title="bbox 1234 219 1413 249; baseline 0.013 -1"><span class='ocrx_word' id='word_1_156' title='bbox 1234 219 1413 249; x_wconf 67' lang='lat' dir='ltr'><strong>SPUMA·</strong></span> 
     </span>
    </p>
   </div>
   <div class='ocr_carea' id='block_1_9' title="bbox 1323 301 2348 881">
    <p class='ocr_par' dir='ltr' id='par_1_9' title="bbox 1323 301 2348 881">
     <span class='ocr_line' id='line_1_28' title="bbox 1328 301 2347 367; baseline 0.002 -28"><span class='ocrx_word' id='word_1_157' title='bbox 1328 301 1457 348; x_wconf 80' lang='grc' dir='ltr'>σπότης</span> <span class='ocrx_word' id='word_1_158' title='bbox 1506 302 1729 367; x_wconf 72' lang='grc' dir='ltr'>προφητικῶς</span> <span class='ocrx_word' id='word_1_159' title='bbox 1771 302 1987 353; x_wconf 81' lang='grc' dir='ltr'>διαλέγεται</span> <span class='ocrx_word' id='word_1_160' title='bbox 2037 302 2250 341; x_wconf 83' lang='grc' dir='ltr'>Κυκλώσατε</span> <span class='ocrx_word' id='word_1_161' title='bbox 2284 302 2347 350; x_wconf 73' lang='grc' dir='ltr'>τήν</span> 
     </span>
     <span class='ocr_line' id='line_1_29' title="bbox 1325 352 2346 406; baseline 0.002 -15.043"><span class='ocrx_word' id='word_1_162' title='bbox 1325 370 1403 391; x_wconf 83' lang='grc' dir='ltr'>νεαν</span> <span class='ocrx_word' id='word_1_163' title='bbox 1431 353 1557 400; x_wconf 87' lang='grc' dir='ltr'>ταύτην</span> <span class='ocrx_word' id='word_1_164' title='bbox 1583 352 1688 400; x_wconf 86' lang='grc' dir='ltr'>Σιὼν,</span> <span class='ocrx_word' id='word_1_165' title='bbox 1711 354 1769 391; x_wconf 84' lang='grc' dir='ltr'>καὶ</span> <span class='ocrx_word' id='word_1_166' title='bbox 1791 354 2001 406; x_wconf 72' lang='grc' dir='ltr'>περιλάὸετε</span> <span class='ocrx_word' id='word_1_167' title='bbox 2018 355 2146 402; x_wconf 79' lang='grc' dir='ltr'>αὐτήν·</span> <span class='ocrx_word' id='word_1_168' title='bbox 2167 355 2346 403; x_wconf 84' lang='grc' dir='ltr'>τουτέστι,</span> 
     </span>
     <span class='ocr_line' id='line_1_30' title="bbox 1326 406 2346 475; baseline 0.002 -31.002"><span class='ocrx_word' id='word_1_169' title='bbox 1326 406 1517 458; x_wconf 78' lang='grc' dir='ltr'>φυλάξατε,</span> <span class='ocrx_word' id='word_1_170' title='bbox 1539 406 1732 458; x_wconf 82' lang='grc' dir='ltr'>τειχίσατε,</span> <span class='ocrx_word' id='word_1_171' title='bbox 1759 413 1834 450; x_wconf 89' lang='grc' dir='ltr'>ταῖς</span> <span class='ocrx_word' id='word_1_172' title='bbox 1867 411 1987 460; x_wconf 77' lang='grc' dir='ltr'>εὐχαῖς</span> <span class='ocrx_word' id='word_1_173' title='bbox 2009 407 2242 475; x_wconf 76' lang='grc' dir='ltr'>ὀχυρώσατε,</span> <span class='ocrx_word' id='word_1_174' title='bbox 2273 407 2346 454; x_wconf 85' lang='grc' dir='ltr'>ι’να,</span> 
     </span>
     <span class='ocr_line' id='line_1_31' title="bbox 1324 459 2346 526; baseline 0 -28"><span class='ocrx_word' id='word_1_175' title='bbox 1324 459 1406 498; x_wconf 78' lang='grc' dir='ltr'>όταν</span> <span class='ocrx_word' id='word_1_176' title='bbox 1422 460 1590 513; x_wconf 80' lang='grc' dir='ltr'>εὐκαιρως</span> <span class='ocrx_word' id='word_1_177' title='bbox 1605 459 1819 526; x_wconf 85' lang='grc' dir='ltr'>ὀργίζωμαι,</span> <span class='ocrx_word' id='word_1_178' title='bbox 1840 459 1898 497; x_wconf 76' lang='grc' dir='ltr'>καὶ</span> <span class='ocrx_word' id='word_1_179' title='bbox 1917 460 2049 499; x_wconf 83' lang='grc' dir='ltr'>σαλεύω</span> <span class='ocrx_word' id='word_1_180' title='bbox 2063 461 2126 507; x_wconf 85' lang='grc' dir='ltr'>τὴν</span> <span class='ocrx_word' id='word_1_181' title='bbox 2146 459 2346 511; x_wconf 83' lang='grc' dir='ltr'>σύμπασαν,</span> 
     </span>
     <span class='ocr_line' id='line_1_32' title="bbox 1327 511 2348 566; baseline 0.001 -17"><span class='ocrx_word' id='word_1_182' title='bbox 1327 512 1464 563; x_wconf 81' lang='grc' dir='ltr'>βλέπων</span> <span class='ocrx_word' id='word_1_183' title='bbox 1487 514 1543 551; x_wconf 84' lang='grc' dir='ltr'>τὸν</span> <span class='ocrx_word' id='word_1_184' title='bbox 1560 515 1655 561; x_wconf 78' lang='grc' dir='ltr'>ὑμων</span> <span class='ocrx_word' id='word_1_185' title='bbox 1673 511 1897 559; x_wconf 81' lang='grc' dir='ltr'>ἀτελεύτητον</span> <span class='ocrx_word' id='word_1_186' title='bbox 1914 512 2033 565; x_wconf 71' lang='grc' dir='ltr'>τάφον,</span> <span class='ocrx_word' id='word_1_187' title='bbox 2053 530 2113 552; x_wconf 85' lang='grc' dir='ltr'>και</span> <span class='ocrx_word' id='word_1_188' title='bbox 2132 513 2221 566; x_wconf 82' lang='grc' dir='ltr'>ἅπερ</span> <span class='ocrx_word' id='word_1_189' title='bbox 2246 516 2348 550; x_wconf 84' lang='grc' dir='ltr'>ἑκου-</span> 
     </span>
     <span class='ocr_line' id='line_1_33' title="bbox 1326 564 2346 635; baseline 0 -32"><span class='ocrx_word' id='word_1_190' title='bbox 1326 581 1407 609; x_wconf 78' lang='grc' dir='ltr'>σιυς</span> <span class='ocrx_word' id='word_1_191' title='bbox 1439 566 1482 602; x_wconf 86' lang='grc' dir='ltr'>δι’</span> <span class='ocrx_word' id='word_1_192' title='bbox 1518 565 1580 615; x_wconf 78' lang='grc' dir='ltr'>ἐμὲ</span> <span class='ocrx_word' id='word_1_193' title='bbox 1605 564 1795 616; x_wconf 77' lang='grc' dir='ltr'>βαστάζετε</span> <span class='ocrx_word' id='word_1_194' title='bbox 1817 580 2020 616; x_wconf 84' lang='grc' dir='ltr'>στιγματα,</span> <span class='ocrx_word' id='word_1_195' title='bbox 2048 568 2133 604; x_wconf 82' lang='grc' dir='ltr'>νικῶ</span> <span class='ocrx_word' id='word_1_196' title='bbox 2161 582 2218 635; x_wconf 80' lang='grc' dir='ltr'>τρν</span> <span class='ocrx_word' id='word_1_197' title='bbox 2240 566 2346 616; x_wconf 85' lang='grc' dir='ltr'>Θυμὸν</span> 
     </span>
     <span class='ocr_line' id='line_1_34' title="bbox 1328 618 2348 683; baseline 0 -27"><span class='ocrx_word' id='word_1_198' title='bbox 1328 618 1590 683; x_wconf 72' lang='grc' dir='ltr'>εὐσπλαγγνίᾳ,</span> <span class='ocrx_word' id='word_1_199' title='bbox 1610 618 1668 655; x_wconf 83' lang='grc' dir='ltr'>καὶ</span> <span class='ocrx_word' id='word_1_200' title='bbox 1691 618 1931 669; x_wconf 62' lang='grc' dir='ltr'>προλαμῧάνω</span> <span class='ocrx_word' id='word_1_201' title='bbox 1947 618 2010 666; x_wconf 81' lang='grc' dir='ltr'>τὴν</span> <span class='ocrx_word' id='word_1_202' title='bbox 2024 635 2122 669; x_wconf 64' lang='grc' dir='ltr'>υμω)</span> <span class='ocrx_word' id='word_1_203' title='bbox 2143 618 2200 656; x_wconf 82' lang='grc' dir='ltr'>δια</span> <span class='ocrx_word' id='word_1_204' title='bbox 2217 618 2348 666; x_wconf 85' lang='grc' dir='ltr'>ταύτην</span> 
     </span>
     <span class='ocr_line' id='line_1_35' title="bbox 1323 670 2348 738; baseline 0.001 -30"><span class='ocrx_word' id='word_1_205' title='bbox 1323 672 1522 722; x_wconf 65' lang='grc' dir='ltr'>πρεσὸείαν.</span> <span class='ocrx_word' id='word_1_206' title='bbox 1543 670 1748 738; x_wconf 84' lang='grc' dir='ltr'>Ἱερωσύνην</span> <span class='ocrx_word' id='word_1_207' title='bbox 1774 670 1843 725; x_wconf 85' lang='grc' dir='ltr'>γὰρ</span> <span class='ocrx_word' id='word_1_208' title='bbox 1875 687 1934 708; x_wconf 92' lang='grc' dir='ltr'>και</span> <span class='ocrx_word' id='word_1_209' title='bbox 1962 672 2138 722; x_wconf 69' lang='grc' dir='ltr'>βασιλείαν</span> <span class='ocrx_word' id='word_1_210' title='bbox 2169 671 2251 710; x_wconf 78' lang='grc' dir='ltr'>όταν</span> <span class='ocrx_word' id='word_1_211' title='bbox 2287 671 2348 709; x_wconf 84' lang='grc' dir='ltr'>ἴδω</span> 
     </span>
     <span class='ocr_line' id='line_1_36' title="bbox 1324 723 2347 792; baseline 0.002 -32"><span class='ocrx_word' id='word_1_212' title='bbox 1324 724 1549 792; x_wconf 78' lang='grc' dir='ltr'>δακρύουσαν,</span> <span class='ocrx_word' id='word_1_213' title='bbox 1571 723 1667 767; x_wconf 78' lang='grc' dir='ltr'>εὐθυς</span> <span class='ocrx_word' id='word_1_214' title='bbox 1685 723 1770 775; x_wconf 83' lang='grc' dir='ltr'>πρὸς</span> <span class='ocrx_word' id='word_1_215' title='bbox 1790 727 1903 762; x_wconf 77' lang='grc' dir='ltr'>οἶκτον</span> <span class='ocrx_word' id='word_1_216' title='bbox 1921 726 1967 766; x_wconf 84' lang='grc' dir='ltr'>ὡς</span> <span class='ocrx_word' id='word_1_217' title='bbox 1987 723 2210 788; x_wconf 82' lang='grc' dir='ltr'>συμπαθὴς’</span> <span class='ocrx_word' id='word_1_218' title='bbox 2196 724 2347 775; x_wconf 81' lang='grc' dir='ltr'>επικάμ-</span> 
     </span>
     <span class='ocr_line' id='line_1_37' title="bbox 1323 775 2346 828; baseline -0.001 -14"><span class='ocrx_word' id='word_1_219' title='bbox 1323 792 1473 826; x_wconf 77' lang='grc' dir='ltr'>πτομαι,</span> <span class='ocrx_word' id='word_1_220' title='bbox 1492 793 1550 815; x_wconf 87' lang='grc' dir='ltr'>και</span> <span class='ocrx_word' id='word_1_221' title='bbox 1582 793 1644 824; x_wconf 45' lang='grc' dir='ltr'>τις</span> <span class='ocrx_word' id='word_1_222' title='bbox 1674 778 1759 827; x_wconf 78' lang='grc' dir='ltr'>ἐμῆς</span> <span class='ocrx_word' id='word_1_223' title='bbox 1782 776 1914 823; x_wconf 80' lang='grc' dir='ltr'>ἐκείνης</span> <span class='ocrx_word' id='word_1_224' title='bbox 1945 781 2060 828; x_wconf 74' lang='grc' dir='ltr'>φωνῆς</span> <span class='ocrx_word' id='word_1_225' title='bbox 2082 775 2346 827; x_wconf 79' lang='grc' dir='ltr'>ἓπιμέμνημαι·</span> 
     </span>
     <span class='ocr_line' id='line_1_38' title="bbox 1323 811 2348 881; baseline 0 -15"><span class='ocrx_word' id='word_1_226' title='bbox 1323 828 1552 881; x_wconf 76' lang='grc' dir='ltr'>Ἱπερασπιω</span> <span class='ocrx_word' id='word_1_227' title='bbox 1568 834 1630 877; x_wconf 84' lang='grc' dir='ltr'>τ’ῆς</span> <span class='ocrx_word' id='word_1_228' title='bbox 1645 811 1778 873; x_wconf 83' lang='grc' dir='ltr'>πόλεως</span> <span class='ocrx_word' id='word_1_229' title='bbox 1795 828 1923 876; x_wconf 86' lang='grc' dir='ltr'>ταύτης</span> <span class='ocrx_word' id='word_1_230' title='bbox 1944 829 2001 868; x_wconf 82' lang='grc' dir='ltr'>διὰ</span> <span class='ocrx_word' id='word_1_231' title='bbox 2021 829 2130 867; x_wconf 81' lang='grc' dir='ltr'>Δαυὶδ</span> <span class='ocrx_word' id='word_1_232' title='bbox 2155 829 2212 867; x_wconf 78' lang='grc' dir='ltr'>τὸν</span> <span class='ocrx_word' id='word_1_233' title='bbox 2229 829 2348 867; x_wconf 87' lang='grc' dir='ltr'>δουλόν</span> 
     </span>
    </p>
   </div>
   <div class='ocr_carea' id='block_1_10' title="bbox 1285 881 2347 934">
    <p class='ocr_par' dir='ltr' id='par_1_10' title="bbox 1285 881 2347 934">
     <span class='ocr_line' id='line_1_39' title="bbox 1285 881 2347 934; baseline 0.004 -18"><span class='ocrx_word' id='word_1_234' title='bbox 1285 906 1290 916; x_wconf 85' lang='grc'><strong>.</strong></span> <span class='ocrx_word' id='word_1_235' title='bbox 1324 896 1409 931; x_wconf 89' lang='grc' dir='ltr'>μου,</span> <span class='ocrx_word' id='word_1_236' title='bbox 1445 882 1503 920; x_wconf 84' lang='grc' dir='ltr'>καὶ</span> <span class='ocrx_word' id='word_1_237' title='bbox 1531 881 1660 934; x_wconf 80' lang='grc' dir='ltr'>Ἀαρων</span> <span class='ocrx_word' id='word_1_238' title='bbox 1690 883 1747 920; x_wconf 84' lang='grc' dir='ltr'>τὸν</span> <span class='ocrx_word' id='word_1_239' title='bbox 1781 881 1876 934; x_wconf 82' lang='grc' dir='ltr'>ἅγιόν</span> <span class='ocrx_word' id='word_1_240' title='bbox 1905 898 1989 932; x_wconf 88' lang='grc' dir='ltr'>μου·</span> <span class='ocrx_word' id='word_1_241' title='bbox 2010 882 2132 925; x_wconf 67' lang='grc' dir='ltr'>οἵτινες</span> <span class='ocrx_word' id='word_1_242' title='bbox 2164 883 2210 925; x_wconf 86' lang='grc' dir='ltr'>ὡς</span> <span class='ocrx_word' id='word_1_243' title='bbox 2249 883 2347 932; x_wconf 73' lang='grc' dir='ltr'>ὑμεῖς</span> 
     </span>
    </p>
   </div>
   <div class='ocr_carea' id='block_1_11' title="bbox 1321 934 2349 1352">
    <p class='ocr_par' dir='ltr' id='par_1_11' title="bbox 1321 934 2349 1352">
     <span class='ocr_line' id='line_1_40' title="bbox 1323 934 2348 986; baseline 0 -14"><span class='ocrx_word' id='word_1_244' title='bbox 1323 934 1576 983; x_wconf 78' lang='grc' dir='ltr'>ὁμονοήσαντες</span> <span class='ocrx_word' id='word_1_245' title='bbox 1604 938 1647 986; x_wconf 77' lang='grc' dir='ltr'>τῇ</span> <span class='ocrx_word' id='word_1_246' title='bbox 1675 934 1812 982; x_wconf 81' lang='grc' dir='ltr'>πίστει,</span> <span class='ocrx_word' id='word_1_247' title='bbox 1843 934 1901 972; x_wconf 71' lang='grc' dir='ltr'>καὶ</span> <span class='ocrx_word' id='word_1_248' title='bbox 1934 935 1996 978; x_wconf 87' lang='grc' dir='ltr'>τὰς</span> <span class='ocrx_word' id='word_1_249' title='bbox 2028 934 2124 979; x_wconf 84' lang='grc' dir='ltr'>ἀξίας</span> <span class='ocrx_word' id='word_1_250' title='bbox 2156 934 2348 986; x_wconf 80' lang='grc' dir='ltr'>αυθαιρέτῳ</span> 
     </span>
     <span class='ocr_line' id='line_1_41' title="bbox 1321 978 2348 1040; baseline 0.001 -17"><span class='ocrx_word' id='word_1_251' title='bbox 1321 987 1612 1038; x_wconf 74' lang='grc' dir='ltr'>ταπεινοφροσύνῃ</span> <span class='ocrx_word' id='word_1_252' title='bbox 1632 978 1869 1038; x_wconf 80' lang='grc' dir='ltr'>καλύψαντες,</span> <span class='ocrx_word' id='word_1_253' title='bbox 1897 987 1956 1024; x_wconf 85' lang='grc' dir='ltr'>καὶ</span> <span class='ocrx_word' id='word_1_254' title='bbox 1984 992 2027 1040; x_wconf 76' lang='grc' dir='ltr'>τῇ</span> <span class='ocrx_word' id='word_1_255' title='bbox 2049 989 2155 1039; x_wconf 87' lang='grc' dir='ltr'>στολῃ</span> <span class='ocrx_word' id='word_1_256' title='bbox 2176 986 2348 1031; x_wconf 84' lang='grc' dir='ltr'>δείξαντες</span> 
     </span>
     <span class='ocr_line' id='line_1_42' title="bbox 1321 1039 2348 1105; baseline 0 -28"><span class='ocrx_word' id='word_1_257' title='bbox 1321 1041 1383 1084; x_wconf 72' lang='grc' dir='ltr'>τῆς</span> <span class='ocrx_word' id='word_1_258' title='bbox 1401 1040 1516 1105; x_wconf 67' lang='grc' dir='ltr'>ψυχῆς</span> <span class='ocrx_word' id='word_1_259' title='bbox 1533 1039 1594 1086; x_wconf 81' lang='grc' dir='ltr'>τὴν</span> <span class='ocrx_word' id='word_1_260' title='bbox 1617 1039 1840 1086; x_wconf 83' lang='grc' dir='ltr'>ταπείνωσιν,</span> <span class='ocrx_word' id='word_1_261' title='bbox 1860 1040 1991 1083; x_wconf 82' lang='grc' dir='ltr'>πολλάς</span> <span class='ocrx_word' id='word_1_262' title='bbox 2012 1055 2069 1091; x_wconf 80' lang='grc' dir='ltr'>μοι</span> <span class='ocrx_word' id='word_1_263' title='bbox 2089 1043 2157 1078; x_wconf 87' lang='grc' dir='ltr'>τῶν</span> <span class='ocrx_word' id='word_1_264' title='bbox 2178 1043 2348 1089; x_wconf 84' lang='grc' dir='ltr'>μαθητῶν</span> 
     </span>
     <span class='ocr_line' id='line_1_43' title="bbox 1322 1090 2346 1157; baseline 0.002 -29"><span class='ocrx_word' id='word_1_265' title='bbox 1322 1090 1491 1141; x_wconf 76' lang='grc' dir='ltr'>μυριάδας</span> <span class='ocrx_word' id='word_1_266' title='bbox 1510 1091 1763 1157; x_wconf 80' lang='grc' dir='ltr'>προσήνεγκαν,</span> <span class='ocrx_word' id='word_1_267' title='bbox 1785 1090 1846 1141; x_wconf 79' lang='grc' dir='ltr'>ἐμὲ</span> <span class='ocrx_word' id='word_1_268' title='bbox 1868 1092 2054 1147; x_wconf 79' lang='grc' dir='ltr'>φερούσας,</span> <span class='ocrx_word' id='word_1_269' title='bbox 2078 1093 2138 1130; x_wconf 82' lang='grc' dir='ltr'>καὶ</span> <span class='ocrx_word' id='word_1_270' title='bbox 2157 1094 2240 1145; x_wconf 89' lang='grc' dir='ltr'>παρ’</span> <span class='ocrx_word' id='word_1_271' title='bbox 2261 1094 2346 1143; x_wconf 82' lang='grc' dir='ltr'>ἐμοῦ</span> 
     </span>
     <span class='ocr_line' id='line_1_44' title="bbox 1321 1138 2347 1211; baseline 0.002 -31"><span class='ocrx_word' id='word_1_272' title='bbox 1321 1159 1370 1195; x_wconf 81' lang='grc' dir='ltr'>τῳ</span> <span class='ocrx_word' id='word_1_273' title='bbox 1386 1144 1506 1194; x_wconf 71' lang='grc' dir='ltr'>κόσμι)</span> <span class='ocrx_word' id='word_1_274' title='bbox 1523 1144 1580 1182; x_wconf 82' lang='grc' dir='ltr'>τὸν</span> <span class='ocrx_word' id='word_1_275' title='bbox 1601 1143 1749 1194; x_wconf 81' lang='grc' dir='ltr'>ιλασμὸν</span> <span class='ocrx_word' id='word_1_276' title='bbox 1767 1142 1941 1187; x_wconf 85' lang='grc' dir='ltr'>αἷτούσας.</span> <span class='ocrx_word' id='word_1_277' title='bbox 1958 1138 2066 1183; x_wconf 79' lang='grc' dir='ltr'>Εἶπον</span> <span class='ocrx_word' id='word_1_278' title='bbox 2085 1145 2170 1211; x_wconf 80' lang='grc' dir='ltr'>γὰρ,</span> <span class='ocrx_word' id='word_1_279' title='bbox 2189 1146 2326 1182; x_wconf 82' lang='grc' dir='ltr'>Αἰτεῖτε</span> <span class='ocrx_word' id='word_1_280' title='bbox 2338 1173 2347 1190; x_wconf 89' lang='grc'>,</span> 
     </span>
     <span class='ocr_line' id='line_1_45' title="bbox 1323 1195 2347 1264; baseline 0.002 -31"><span class='ocrx_word' id='word_1_281' title='bbox 1323 1195 1382 1233; x_wconf 85' lang='grc' dir='ltr'>καὶ</span> <span class='ocrx_word' id='word_1_282' title='bbox 1412 1195 1596 1242; x_wconf 79' lang='grc' dir='ltr'>δοθήσεται</span> <span class='ocrx_word' id='word_1_283' title='bbox 1631 1200 1734 1247; x_wconf 87' lang='grc' dir='ltr'>υμῖν·</span> <span class='ocrx_word' id='word_1_284' title='bbox 1768 1198 1923 1243; x_wconf 86' lang='grc' dir='ltr'>ζητεῖτε,</span> <span class='ocrx_word' id='word_1_285' title='bbox 1953 1212 2013 1235; x_wconf 85' lang='grc' dir='ltr'>και</span> <span class='ocrx_word' id='word_1_286' title='bbox 2040 1197 2218 1264; x_wconf 80' lang='grc' dir='ltr'>εὑρήσετε.</span> <span class='ocrx_word' id='word_1_287' title='bbox 2243 1199 2347 1235; x_wconf 81' lang='grc' dir='ltr'>Αὖτι)</span> 
     </span>
     <span class='ocr_line' id='line_1_46' title="bbox 1323 1247 2349 1315; baseline 0.002 -29"><span class='ocrx_word' id='word_1_288' title='bbox 1323 1251 1344 1294; x_wconf 81' lang='grc' dir='ltr'>ἦ</span> <span class='ocrx_word' id='word_1_289' title='bbox 1365 1247 1445 1292; x_wconf 88' lang='grc' dir='ltr'>δόςα</span> <span class='ocrx_word' id='word_1_290' title='bbox 1462 1248 1522 1287; x_wconf 80' lang='grc' dir='ltr'>καὶ</span> <span class='ocrx_word' id='word_1_291' title='bbox 1549 1249 1588 1287; x_wconf 86' lang='grc' dir='ltr'>τὸ</span> <span class='ocrx_word' id='word_1_292' title='bbox 1609 1249 1756 1315; x_wconf 84' lang='grc' dir='ltr'>κράτος,</span> <span class='ocrx_word' id='word_1_293' title='bbox 1785 1264 1844 1286; x_wconf 89' lang='grc' dir='ltr'>νυν</span> <span class='ocrx_word' id='word_1_294' title='bbox 1862 1248 1922 1286; x_wconf 83' lang='grc' dir='ltr'>καὶ</span> <span class='ocrx_word' id='word_1_295' title='bbox 1942 1249 2017 1298; x_wconf 81' lang='grc' dir='ltr'>ἀεὶ,</span> <span class='ocrx_word' id='word_1_296' title='bbox 2040 1253 2087 1293; x_wconf 88' lang='grc' dir='ltr'>εἷς</span> <span class='ocrx_word' id='word_1_297' title='bbox 2119 1265 2199 1293; x_wconf 83' lang='grc' dir='ltr'>τους</span> <span class='ocrx_word' id='word_1_298' title='bbox 2221 1251 2349 1293; x_wconf 80' lang='grc' dir='ltr'>αἰῶνας</span> 
     </span>
     <span class='ocr_line' id='line_1_47' title="bbox 1323 1301 1706 1352; baseline 0.003 -14"><span class='ocrx_word' id='word_1_299' title='bbox 1323 1304 1390 1339; x_wconf 83' lang='grc' dir='ltr'>τῶν</span> <span class='ocrx_word' id='word_1_300' title='bbox 1413 1301 1562 1340; x_wconf 78' lang='grc' dir='ltr'>αἰώνων.</span> <span class='ocrx_word' id='word_1_301' title='bbox 1586 1301 1706 1352; x_wconf 66' lang='grc' dir='ltr'>Ἀμήν.</span> 
     </span>
    </p>
   </div>
   <div class='ocr_carea' id='block_1_12' title="bbox 260 1351 1251 1600">
    <p class='ocr_par' dir='ltr' id='par_1_12' title="bbox 260 1351 1251 1600">
     <span class='ocr_line' id='line_1_48' title="bbox 262 1351 1250 1402; baseline 0.002 -15"><span class='ocrx_word' id='word_1_302' title='bbox 262 1360 355 1399; x_wconf 74' lang='lat' dir='ltr'>tunt,</span> <span class='ocrx_word' id='word_1_303' title='bbox 376 1365 432 1389; x_wconf 88' lang='lat' dir='ltr'>me</span> <span class='ocrx_word' id='word_1_304' title='bbox 463 1361 645 1402; x_wconf 79' lang='lat' dir='ltr'>tamquam</span> <span class='ocrx_word' id='word_1_305' title='bbox 675 1351 812 1402; x_wconf 78' lang='lat' dir='ltr'>in51gne</span> <span class='ocrx_word' id='word_1_306' title='bbox 833 1351 1037 1395; x_wconf 76' lang='lat' dir='ltr'>feienuum,</span> <span class='ocrx_word' id='word_1_307' title='bbox 1052 1360 1086 1388; x_wconf 86' lang='lat' dir='ltr'>et</span> <span class='ocrx_word' id='word_1_308' title='bbox 1116 1351 1250 1390; x_wconf 88' lang='lat' dir='ltr'>mundo</span> 
     </span>
     <span class='ocr_line' id='line_1_49' title="bbox 260 1403 1248 1454; baseline 0.002 -15"><span class='ocrx_word' id='word_1_309' title='bbox 260 1403 400 1454; x_wconf 84' lang='lat' dir='ltr'>placare</span> <span class='ocrx_word' id='word_1_310' title='bbox 423 1404 653 1442; x_wconf 87' lang='lat' dir='ltr'>studentium.</span> <span class='ocrx_word' id='word_1_311' title='bbox 677 1404 763 1442; x_wconf 71' lang='lat' dir='ltr'>Dixi</span> <span class='ocrx_word' id='word_1_312' title='bbox 794 1404 888 1442; x_wconf 87' lang='lat' dir='ltr'>enim</span> <span class='ocrx_word' id='word_1_313' title='bbox 913 1405 1087 1450; x_wconf 74' lang='lat' dir='ltr'>·Pet1,·te,</span> <span class='ocrx_word' id='word_1_314' title='bbox 1110 1413 1147 1442; x_wconf 84' lang='lat' dir='ltr'>et</span> <span class='ocrx_word' id='word_1_315' title='bbox 1176 1405 1248 1442; x_wconf 90' lang='lat' dir='ltr'>da-</span> 
     </span>
     <span class='ocr_line' id='line_1_50' title="bbox 262 1456 1250 1510; baseline 0.003 -18"><span class='ocrx_word' id='word_1_316' title='bbox 262 1458 365 1493; x_wconf 79' lang='lat' dir='ltr'>bitur</span> <span class='ocrx_word' id='word_1_317' title='bbox 388 1459 530 1495; x_wconf 83' lang='lat' dir='ltr'>vobis.-</span> <span class='ocrx_word' id='word_1_318' title='bbox 546 1460 717 1510; x_wconf 65' lang='lat' dir='ltr'>quaerite,</span> <span class='ocrx_word' id='word_1_319' title='bbox 740 1465 776 1495; x_wconf 80' lang='lat' dir='ltr'>et</span> <span class='ocrx_word' id='word_1_320' title='bbox 804 1459 1020 1495; x_wconf 81' lang='lat' dir='ltr'>invenietis.</span> <span class='ocrx_word' id='word_1_321' title='bbox 1041 1456 1114 1508; x_wconf 89' lang='lat' dir='ltr'>Ipsi</span> <span class='ocrx_word' id='word_1_322' title='bbox 1136 1457 1250 1507; x_wconf 79' lang='lat' dir='ltr'>gloria</span> 
     </span>
     <span class='ocr_line' id='line_1_51' title="bbox 261 1508 1251 1562; baseline 0.002 -18"><span class='ocrx_word' id='word_1_323' title='bbox 261 1518 292 1545; x_wconf 86' lang='lat' dir='ltr'>et</span> <span class='ocrx_word' id='word_1_324' title='bbox 315 1508 518 1562; x_wconf 83' lang='lat' dir='ltr'>impeiium,</span> <span class='ocrx_word' id='word_1_325' title='bbox 538 1524 631 1548; x_wconf 87' lang='lat' dir='ltr'>nunc</span> <span class='ocrx_word' id='word_1_326' title='bbox 651 1519 684 1548; x_wconf 89' lang='lat' dir='ltr'>et</span> <span class='ocrx_word' id='word_1_327' title='bbox 707 1524 859 1562; x_wconf 75' lang='lat' dir='ltr'>sempel,</span> <span class='ocrx_word' id='word_1_328' title='bbox 883 1510 918 1547; x_wconf 92' lang='lat' dir='ltr'>in</span> <span class='ocrx_word' id='word_1_329' title='bbox 947 1509 1074 1547; x_wconf 83' lang='lat' dir='ltr'>saccula</span> <span class='ocrx_word' id='word_1_330' title='bbox 1098 1509 1251 1547; x_wconf 83' lang='lat' dir='ltr'>saeculo-</span> 
     </span>
     <span class='ocr_line' id='line_1_52' title="bbox 261 1565 496 1600; baseline 0.018 -4"><span class='ocrx_word' id='word_1_331' title='bbox 261 1575 354 1598; x_wconf 79' lang='lat' dir='ltr'>ium.</span> <span class='ocrx_word' id='word_1_332' title='bbox 376 1565 496 1600; x_wconf 83' lang='lat' dir='ltr'>Amen</span> 
     </span>
    </p>
   </div>
   <div class='ocr_carea' id='block_1_13' title="bbox 289 1687 2325 1701">
    <p class='ocr_par' dir='ltr' id='par_1_13' title="bbox 289 1687 2325 1701">
     <span class='ocr_line' id='line_1_53' title="bbox 289 1687 2325 1701; baseline 0 1982"><span class='ocrx_word' id='word_1_333' title='bbox 289 1687 2325 1701; x_wconf 95' lang='lat' dir='ltr'> </span> 
     </span>
    </p>
   </div>
   <div class='ocr_carea' id='block_1_14' title="bbox 316 1701 2046 1705">
    <p class='ocr_par' dir='ltr' id='par_1_14' title="bbox 316 1701 2046 1705">
     <span class='ocr_line' id='line_1_54' title="bbox 316 1701 2046 1705; baseline 0 0"><span class='ocrx_word' id='word_1_334' title='bbox 316 1701 2046 1705; x_wconf 95' lang='lat' dir='ltr'> </span> 
     </span>
    </p>
   </div>
   <div class='ocr_carea' id='block_1_15' title="bbox 674 1824 1940 2056">
    <p class='ocr_par' dir='ltr' id='par_1_15' title="bbox 674 1824 1940 2056">
     <span class='ocr_line' id='line_1_55' title="bbox 992 1824 1636 1906; baseline 0.003 -2"><span class='ocrx_word' id='word_1_335' title='bbox 992 1824 1636 1906; x_wconf 78' lang='lat' dir='ltr'><strong>ADMONITIO</strong></span> 
     </span>
     <span class='ocr_line' id='line_1_56' title="bbox 674 2008 1940 2056; baseline 0 -1"><span class='ocrx_word' id='word_1_336' title='bbox 674 2010 757 2055; x_wconf 82' lang='lat' dir='ltr'>An</span> <span class='ocrx_word' id='word_1_337' title='bbox 787 2008 1158 2056; x_wconf 69' lang='grc' dir='ltr'><strong>ΟΒΑΤΙΟΝΕΜ</strong></span> <span class='ocrx_word' id='word_1_338' title='bbox 1194 2010 1257 2055; x_wconf 85' lang='lat' dir='ltr'>IN</span> <span class='ocrx_word' id='word_1_339' title='bbox 1294 2009 1602 2056; x_wconf 82' lang='lat' dir='ltr'><strong>SANCTUM</strong></span> <span class='ocrx_word' id='word_1_340' title='bbox 1641 2008 1940 2055; x_wconf 82' lang='lat' dir='ltr'><strong>THOMAM.</strong></span> 
     </span>
    </p>
   </div>
   <div class='ocr_carea' id='block_1_16' title="bbox 260 2162 2389 3465">
    <p class='ocr_par' dir='ltr' id='par_1_16' title="bbox 260 2162 2389 2530">
     <span class='ocr_line' id='line_1_57' title="bbox 314 2162 2343 2214; baseline -0.001 -13"><span class='ocrx_word' id='word_1_341' title='bbox 314 2163 427 2201; x_wconf 86' lang='lat' dir='ltr'>Probe</span> <span class='ocrx_word' id='word_1_342' title='bbox 444 2163 487 2201; x_wconf 91' lang='lat' dir='ltr'>de</span> <span class='ocrx_word' id='word_1_343' title='bbox 507 2164 572 2200; x_wconf 81' lang='lat' dir='ltr'>hae</span> <span class='ocrx_word' id='word_1_344' title='bbox 591 2163 749 2200; x_wconf 82' lang='lat' dir='ltr'>oratione</span> <span class='ocrx_word' id='word_1_345' title='bbox 768 2162 818 2200; x_wconf 86' lang='lat' dir='ltr'>sic</span> <span class='ocrx_word' id='word_1_346' title='bbox 839 2162 1048 2200; x_wconf 86' lang='lat' dir='ltr'>sententiam</span> <span class='ocrx_word' id='word_1_347' title='bbox 1072 2162 1154 2199; x_wconf 84' lang='lat' dir='ltr'>tulit</span> <span class='ocrx_word' id='word_1_348' title='bbox 1182 2162 1341 2200; x_wconf 80' lang='lat' dir='ltr'>Savilius</span> <span class='ocrx_word' id='word_1_349' title='bbox 1359 2178 1365 2197; x_wconf 90' lang='lat'><strong>:</strong></span> <span class='ocrx_word' id='word_1_350' title='bbox 1390 2164 1612 2200; x_wconf 78' lang='lat' dir='ltr'>Orationem</span> <span class='ocrx_word' id='word_1_351' title='bbox 1633 2165 1735 2201; x_wconf 81' lang='lat' dir='ltr'>hanc</span> <span class='ocrx_word' id='word_1_352' title='bbox 1754 2164 1901 2200; x_wconf 77' lang='lat' dir='ltr'>editam</span> <span class='ocrx_word' id='word_1_353' title='bbox 1923 2163 2148 2214; x_wconf 81' lang='lat' dir='ltr'>Burdigaloe</span> <span class='ocrx_word' id='word_1_354' title='bbox 2169 2176 2194 2199; x_wconf 88' lang='lat' dir='ltr'>a</span> <span class='ocrx_word' id='word_1_355' title='bbox 2218 2163 2343 2199; x_wconf 88' lang='lat' dir='ltr'>Fron-</span> 
     </span>
     <span class='ocr_line' id='line_1_58' title="bbox 263 2225 2389 2276; baseline -0.002 -11"><span class='ocrx_word' id='word_1_356' title='bbox 263 2237 350 2265; x_wconf 82' lang='lat' dir='ltr'>tone</span> <span class='ocrx_word' id='word_1_357' title='bbox 366 2229 513 2265; x_wconf 80' lang='lat' dir='ltr'>Dueaeo</span> <span class='ocrx_word' id='word_1_358' title='bbox 526 2257 537 2275; x_wconf 90' lang='lat'>,</span> <span class='ocrx_word' id='word_1_359' title='bbox 564 2234 746 2264; x_wconf 81' lang='lat' dir='ltr'>accurate</span> <span class='ocrx_word' id='word_1_360' title='bbox 765 2227 1056 2263; x_wconf 79' lang='lat' dir='ltr'>emendavimus</span> <span class='ocrx_word' id='word_1_361' title='bbox 1072 2240 1119 2262; x_wconf 70' lang='lat' dir='ltr'>ex</span> <span class='ocrx_word' id='word_1_362' title='bbox 1143 2226 1238 2263; x_wconf 82' lang='lat' dir='ltr'>Cod.</span> <span class='ocrx_word' id='word_1_363' title='bbox 1263 2226 1471 2263; x_wconf 74' lang='lat' dir='ltr'>Bavarico.</span> <span class='ocrx_word' id='word_1_364' title='bbox 1497 2227 1709 2276; x_wconf 83' lang='lat' dir='ltr'>Quominus</span> <span class='ocrx_word' id='word_1_365' title='bbox 1730 2234 1862 2263; x_wconf 84' lang='lat' dir='ltr'>autem</span> <span class='ocrx_word' id='word_1_366' title='bbox 1878 2226 2035 2262; x_wconf 83' lang='lat' dir='ltr'>credam</span> <span class='ocrx_word' id='word_1_367' title='bbox 2051 2226 2204 2262; x_wconf 83' lang='lat' dir='ltr'>duabus</span> <span class='ocrx_word' id='word_1_368' title='bbox 2219 2225 2346 2272; x_wconf 73' lang='lat' dir='ltr'>Syno-</span> <span class='ocrx_word' id='word_1_369' title='bbox 2385 2250 2389 2254; x_wconf 90' lang='lat'><em>-</em></span> 
     </span>
     <span class='ocr_line' id='line_1_59' title="bbox 261 2288 2346 2339; baseline -0.002 -11"><span class='ocrx_word' id='word_1_370' title='bbox 261 2292 345 2337; x_wconf 78' lang='lat' dir='ltr'>(lis,</span> <span class='ocrx_word' id='word_1_371' title='bbox 369 2291 514 2328; x_wconf 84' lang='lat' dir='ltr'>seilicet</span> <span class='ocrx_word' id='word_1_372' title='bbox 540 2291 795 2328; x_wconf 81' lang='lat' dir='ltr'>Lateranensi</span> <span class='ocrx_word' id='word_1_373' title='bbox 813 2298 850 2327; x_wconf 87' lang='lat' dir='ltr'>et</span> <span class='ocrx_word' id='word_1_374' title='bbox 881 2290 938 2326; x_wconf 86' lang='lat' dir='ltr'>VJ</span> <span class='ocrx_word' id='word_1_375' title='bbox 954 2288 1169 2326; x_wconf 67' lang='lat' dir='ltr'>universali</span> <span class='ocrx_word' id='word_1_376' title='bbox 1208 2289 1677 2339; x_wconf 69' lang='lat' dir='ltr'>Constantinopolimnoe,</span> <span class='ocrx_word' id='word_1_377' title='bbox 1704 2288 1983 2336; x_wconf 70' lang='lat' dir='ltr'>Chrysoswmo</span> <span class='ocrx_word' id='word_1_378' title='bbox 2004 2288 2105 2324; x_wconf 79' lang='lat' dir='ltr'>hane</span> <span class='ocrx_word' id='word_1_379' title='bbox 2133 2289 2346 2324; x_wconf 86' lang='lat' dir='ltr'>orationem</span> 
     </span>
     <span class='ocr_line' id='line_1_60' title="bbox 260 2349 2344 2404; baseline -0.002 -14"><span class='ocrx_word' id='word_1_380' title='bbox 260 2354 519 2391; x_wconf 79' lang='lat' dir='ltr'>asserentibus</span> <span class='ocrx_word' id='word_1_381' title='bbox 532 2382 543 2401; x_wconf 92' lang='lat'>,</span> <span class='ocrx_word' id='word_1_382' title='bbox 556 2353 660 2404; x_wconf 86' lang='lat' dir='ltr'>facit</span> <span class='ocrx_word' id='word_1_383' title='bbox 678 2353 793 2388; x_wconf 86' lang='lat' dir='ltr'>totius</span> <span class='ocrx_word' id='word_1_384' title='bbox 813 2351 983 2389; x_wconf 71' lang='lat' dir='ltr'>homilia?</span> <span class='ocrx_word' id='word_1_385' title='bbox 1003 2359 1158 2388; x_wconf 75' lang='lat' dir='ltr'>textura</span> <span class='ocrx_word' id='word_1_386' title='bbox 1183 2358 1219 2388; x_wconf 84' lang='lat' dir='ltr'>et</span> <span class='ocrx_word' id='word_1_387' title='bbox 1240 2350 1367 2398; x_wconf 78' lang='lat' dir='ltr'>stylus</span> <span class='ocrx_word' id='word_1_388' title='bbox 1392 2364 1417 2387; x_wconf 89' lang='lat' dir='ltr'>a</span> <span class='ocrx_word' id='word_1_389' title='bbox 1436 2352 1734 2399; x_wconf 52' lang='lat' dir='ltr'>Clzzy‘sostomm</span> <span class='ocrx_word' id='word_1_390' title='bbox 1762 2363 1844 2387; x_wconf 87' lang='lat' dir='ltr'>meo</span> <span class='ocrx_word' id='word_1_391' title='bbox 1857 2350 2028 2402; x_wconf 85' lang='lat' dir='ltr'>judicio,</span> <span class='ocrx_word' id='word_1_392' title='bbox 2052 2349 2344 2386; x_wconf 77' lang='lat' dir='ltr'>diversissimus.</span> 
     </span>
     <span class='ocr_line' id='line_1_61' title="bbox 262 2412 2348 2469; baseline -0.002 -16"><span class='ocrx_word' id='word_1_393' title='bbox 262 2417 335 2453; x_wconf 86' lang='lat' dir='ltr'>Est</span> <span class='ocrx_word' id='word_1_394' title='bbox 354 2418 455 2453; x_wconf 81' lang='lat' dir='ltr'>enim</span> <span class='ocrx_word' id='word_1_395' title='bbox 476 2418 600 2453; x_wconf 84' lang='lat' dir='ltr'>oratio</span> <span class='ocrx_word' id='word_1_396' title='bbox 620 2424 703 2452; x_wconf 82' lang='lat' dir='ltr'>tota</span> <span class='ocrx_word' id='word_1_397' title='bbox 711 2416 805 2467; x_wconf 86' lang='lat' dir='ltr'>sere</span> <span class='ocrx_word' id='word_1_398' title='bbox 820 2415 1039 2452; x_wconf 87' lang='lat' dir='ltr'>dramatica</span> <span class='ocrx_word' id='word_1_399' title='bbox 1050 2443 1061 2461; x_wconf 91' lang='lat'>,</span> <span class='ocrx_word' id='word_1_400' title='bbox 1084 2422 1121 2452; x_wconf 88' lang='lat' dir='ltr'>et</span> <span class='ocrx_word' id='word_1_401' title='bbox 1140 2428 1186 2451; x_wconf 77' lang='lat' dir='ltr'>ex</span> <span class='ocrx_word' id='word_1_402' title='bbox 1203 2417 1458 2466; x_wconf 82' lang='lat' dir='ltr'>prosopopoeis</span> <span class='ocrx_word' id='word_1_403' title='bbox 1477 2414 1662 2469; x_wconf 83' lang='lat' dir='ltr'>conflata.</span> <span class='ocrx_word' id='word_1_404' title='bbox 1684 2414 1838 2465; x_wconf 84' lang='lat' dir='ltr'>Neque,</span> <span class='ocrx_word' id='word_1_405' title='bbox 1860 2421 1901 2450; x_wconf 88' lang='lat' dir='ltr'>ut</span> <span class='ocrx_word' id='word_1_406' title='bbox 1917 2412 2019 2450; x_wconf 88' lang='lat' dir='ltr'>alias</span> <span class='ocrx_word' id='word_1_407' title='bbox 2034 2414 2185 2458; x_wconf 87' lang='lat' dir='ltr'>monui,</span> <span class='ocrx_word' id='word_1_408' title='bbox 2207 2425 2348 2449; x_wconf 76' lang='lat' dir='ltr'>novum</span> 
     </span>
     <span class='ocr_line' id='line_1_62' title="bbox 267 2476 1724 2530; baseline -0.001 -15"><span class='ocrx_word' id='word_1_409' title='bbox 267 2486 322 2515; x_wconf 81' lang='lat' dir='ltr'>est</span> <span class='ocrx_word' id='word_1_410' title='bbox 339 2487 405 2516; x_wconf 81' lang='lat' dir='ltr'>aut</span> <span class='ocrx_word' id='word_1_411' title='bbox 428 2492 547 2530; x_wconf 81' lang='lat' dir='ltr'>nuper</span> <span class='ocrx_word' id='word_1_412' title='bbox 567 2487 704 2516; x_wconf 86' lang='lat' dir='ltr'>natum</span> <span class='ocrx_word' id='word_1_413' title='bbox 719 2508 731 2524; x_wconf 91' lang='grc'>,</span> <span class='ocrx_word' id='word_1_414' title='bbox 742 2479 856 2530; x_wconf 83' lang='lat' dir='ltr'>fetus</span> <span class='ocrx_word' id='word_1_415' title='bbox 879 2476 1153 2527; x_wconf 65' lang='grc' dir='ltr'>ὑποὸολιμαίους</span> <span class='ocrx_word' id='word_1_416' title='bbox 1171 2477 1289 2514; x_wconf 83' lang='lat' dir='ltr'>elaris</span> <span class='ocrx_word' id='word_1_417' title='bbox 1306 2479 1532 2529; x_wconf 80' lang='lat' dir='ltr'>parentibus</span> <span class='ocrx_word' id='word_1_418' title='bbox 1551 2477 1724 2515; x_wconf 83' lang='lat' dir='ltr'>subdere.</span> 
     </span>
    </p>

    <p class='ocr_par' dir='ltr' id='par_1_17' title="bbox 263 2536 2348 3465">
     <span class='ocr_line' id='line_1_63' title="bbox 317 2536 2347 2593; baseline -0.001 -16"><span class='ocrx_word' id='word_1_419' title='bbox 317 2541 475 2592; x_wconf 86' lang='lat' dir='ltr'>Idipsum</span> <span class='ocrx_word' id='word_1_420' title='bbox 493 2542 658 2593; x_wconf 77' lang='lat' dir='ltr'>opinatur</span> <span class='ocrx_word' id='word_1_421' title='bbox 680 2542 810 2579; x_wconf 86' lang='lat' dir='ltr'>Fronto</span> <span class='ocrx_word' id='word_1_422' title='bbox 827 2542 980 2578; x_wconf 79' lang='lat' dir='ltr'>Ducaeus</span> <span class='ocrx_word' id='word_1_423' title='bbox 1000 2540 1035 2578; x_wconf 90' lang='lat' dir='ltr'>in</span> <span class='ocrx_word' id='word_1_424' title='bbox 1058 2540 1150 2578; x_wconf 80' lang='lat' dir='ltr'>notis</span> <span class='ocrx_word' id='word_1_425' title='bbox 1165 2540 1211 2577; x_wconf 82' lang='lat' dir='ltr'>ad</span> <span class='ocrx_word' id='word_1_426' title='bbox 1228 2540 1386 2577; x_wconf 82' lang='lat' dir='ltr'>Tomum</span> <span class='ocrx_word' id='word_1_427' title='bbox 1407 2542 1433 2578; x_wconf 81' lang='lat'>6</span> <span class='ocrx_word' id='word_1_428' title='bbox 1454 2540 1624 2578; x_wconf 76' lang='lat' dir='ltr'>Parisinae</span> <span class='ocrx_word' id='word_1_429' title='bbox 1643 2538 1824 2576; x_wconf 82' lang='lat' dir='ltr'>Editionis</span> <span class='ocrx_word' id='word_1_430' title='bbox 1844 2538 1927 2576; x_wconf 82' lang='lat' dir='ltr'>anni</span> <span class='ocrx_word' id='word_1_431' title='bbox 1944 2538 2067 2587; x_wconf 74' lang='lat'>1656,</span> <span class='ocrx_word' id='word_1_432' title='bbox 2085 2536 2147 2575; x_wconf 87' lang='lat' dir='ltr'>ubi</span> <span class='ocrx_word' id='word_1_433' title='bbox 2168 2536 2218 2574; x_wconf 87' lang='lat' dir='ltr'>sic</span> <span class='ocrx_word' id='word_1_434' title='bbox 2234 2536 2347 2587; x_wconf 89' lang='lat' dir='ltr'>loqui-</span> 
     </span>
     <span class='ocr_line' id='line_1_64' title="bbox 263 2601 2343 2656; baseline -0.001 -18"><span class='ocrx_word' id='word_1_435' title='bbox 263 2611 320 2639; x_wconf 84' lang='lat' dir='ltr'>tur</span> <span class='ocrx_word' id='word_1_436' title='bbox 346 2616 428 2654; x_wconf 79' lang='lat' dir='ltr'>pag.</span> <span class='ocrx_word' id='word_1_437' title='bbox 455 2605 583 2642; x_wconf 64' lang='lat'>1055:</span> <span class='ocrx_word' id='word_1_438' title='bbox 608 2606 725 2642; x_wconf 82' lang='lat' dir='ltr'>Hunc</span> <span class='ocrx_word' id='word_1_439' title='bbox 757 2618 908 2656; x_wconf 82' lang='lat' dir='ltr'>quoque</span> <span class='ocrx_word' id='word_1_440' title='bbox 929 2605 1038 2641; x_wconf 81' lang='lat' dir='ltr'>nobis</span> <span class='ocrx_word' id='word_1_441' title='bbox 1067 2604 1337 2652; x_wconf 76' lang='lat' dir='ltr'>Chrysostomi</span> <span class='ocrx_word' id='word_1_442' title='bbox 1365 2617 1580 2641; x_wconf 74' lang='lat' dir='ltr'>sermonum</span> <span class='ocrx_word' id='word_1_443' title='bbox 1608 2603 1833 2639; x_wconf 81' lang='lat' dir='ltr'>monasterii</span> <span class='ocrx_word' id='word_1_444' title='bbox 1863 2601 2023 2652; x_wconf 70' lang='lat' dir='ltr'>Cryptoe</span> <span class='ocrx_word' id='word_1_445' title='bbox 2043 2601 2218 2637; x_wconf 83' lang='lat' dir='ltr'>Ferratoe</span> <span class='ocrx_word' id='word_1_446' title='bbox 2254 2613 2343 2637; x_wconf 88' lang='lat' dir='ltr'>mss.</span> 
     </span>
     <span class='ocr_line' id='line_1_65' title="bbox 266 2664 2347 2719; baseline -0.001 -18"><span class='ocrx_word' id='word_1_447' title='bbox 266 2666 424 2703; x_wconf 80' lang='lat' dir='ltr'>Codices</span> <span class='ocrx_word' id='word_1_448' title='bbox 443 2676 733 2714; x_wconf 76' lang='lat' dir='ltr'>conservarunt,</span> <span class='ocrx_word' id='word_1_449' title='bbox 758 2682 805 2704; x_wconf 75' lang='lat' dir='ltr'>ex</span> <span class='ocrx_word' id='word_1_450' title='bbox 829 2669 965 2719; x_wconf 85' lang='lat' dir='ltr'>quibus</span> <span class='ocrx_word' id='word_1_451' title='bbox 995 2670 1222 2719; x_wconf 75' lang='lat' dir='ltr'>exscriptus,</span> <span class='ocrx_word' id='word_1_452' title='bbox 1245 2668 1353 2704; x_wconf 80' lang='lat' dir='ltr'>etad</span> <span class='ocrx_word' id='word_1_453' title='bbox 1381 2681 1448 2704; x_wconf 90' lang='lat' dir='ltr'>nos</span> <span class='ocrx_word' id='word_1_454' title='bbox 1469 2669 1518 2705; x_wconf 87' lang='lat' dir='ltr'>ab</span> <span class='ocrx_word' id='word_1_455' title='bbox 1538 2666 1734 2704; x_wconf 77' lang='lat' dir='ltr'>illustriss.</span> <span class='ocrx_word' id='word_1_456' title='bbox 1761 2664 1880 2702; x_wconf 78' lang='lat' dir='ltr'>Card.</span> <span class='ocrx_word' id='word_1_457' title='bbox 1904 2665 2078 2700; x_wconf 81' lang='lat' dir='ltr'>Baronio</span> <span class='ocrx_word' id='word_1_458' title='bbox 2097 2665 2347 2700; x_wconf 86' lang='lat' dir='ltr'>transmissus</span> 
     </span>
     <span class='ocr_line' id='line_1_66' title="bbox 263 2727 2347 2782; baseline -0.001 -17"><span class='ocrx_word' id='word_1_459' title='bbox 263 2737 332 2765; x_wconf 85' lang='lat' dir='ltr'>est.</span> <span class='ocrx_word' id='word_1_460' title='bbox 358 2730 464 2765; x_wconf 86' lang='lat' dir='ltr'>Licet</span> <span class='ocrx_word' id='word_1_461' title='bbox 485 2739 613 2766; x_wconf 84' lang='lat' dir='ltr'>autem</span> <span class='ocrx_word' id='word_1_462' title='bbox 636 2739 677 2768; x_wconf 83' lang='lat' dir='ltr'>ut</span> <span class='ocrx_word' id='word_1_463' title='bbox 694 2733 910 2781; x_wconf 75' lang='lat' dir='ltr'>genuinam</span> <span class='ocrx_word' id='word_1_464' title='bbox 928 2745 1015 2768; x_wconf 85' lang='lat' dir='ltr'>eum</span> <span class='ocrx_word' id='word_1_465' title='bbox 1031 2733 1202 2768; x_wconf 79' lang='lat' dir='ltr'>azc&#39;ctoris</span> <span class='ocrx_word' id='word_1_466' title='bbox 1220 2734 1340 2767; x_wconf 80' lang='lat' dir='ltr'>nostri</span> <span class='ocrx_word' id='word_1_467' title='bbox 1345 2731 1478 2782; x_wconf 82' lang='lat' dir='ltr'>fetum</span> <span class='ocrx_word' id='word_1_468' title='bbox 1495 2738 1650 2782; x_wconf 84' lang='lat' dir='ltr'>propter</span> <span class='ocrx_word' id='word_1_469' title='bbox 1668 2728 1765 2777; x_wconf 75' lang='lat' dir='ltr'>styli</span> <span class='ocrx_word' id='word_1_470' title='bbox 1779 2727 2047 2778; x_wconf 79' lang='lat' dir='ltr'>disparitatem</span> <span class='ocrx_word' id='word_1_471' title='bbox 2062 2739 2140 2762; x_wconf 88' lang='lat' dir='ltr'>non</span> <span class='ocrx_word' id='word_1_472' title='bbox 2159 2738 2347 2777; x_wconf 79' lang='lat' dir='ltr'>agnosca—</span> 
     </span>
     <span class='ocr_line' id='line_1_67' title="bbox 265 2788 2347 2840; baseline -0.001 -15"><span class='ocrx_word' id='word_1_473' title='bbox 265 2803 370 2835; x_wconf 83' lang='lat' dir='ltr'>mus,</span> <span class='ocrx_word' id='word_1_474' title='bbox 393 2798 522 2826; x_wconf 84' lang='lat' dir='ltr'>tamen</span> <span class='ocrx_word' id='word_1_475' title='bbox 538 2804 623 2827; x_wconf 83' lang='lat' dir='ltr'>eum</span> <span class='ocrx_word' id='word_1_476' title='bbox 653 2793 897 2829; x_wconf 82' lang='lat' dir='ltr'>commendat</span> <span class='ocrx_word' id='word_1_477' title='bbox 924 2795 1137 2830; x_wconf 83' lang='lat' dir='ltr'>auctoritas</span> <span class='ocrx_word' id='word_1_478' title='bbox 1153 2791 1303 2840; x_wconf 70' lang='lat' dir='ltr'>Synodi</span> <span class='ocrx_word' id='word_1_479' title='bbox 1324 2792 1599 2829; x_wconf 87' lang='lat' dir='ltr'>Lateranensis</span> <span class='ocrx_word' id='word_1_480' title='bbox 1619 2791 1687 2827; x_wconf 85' lang='lat' dir='ltr'>sub</span> <span class='ocrx_word' id='word_1_481' title='bbox 1706 2789 1881 2826; x_wconf 77' lang='lat' dir='ltr'>Martino</span> <span class='ocrx_word' id='word_1_482' title='bbox 1911 2788 1935 2823; x_wconf 92' lang='lat' dir='ltr'><em>I</em></span> <span class='ocrx_word' id='word_1_483' title='bbox 1961 2794 2104 2823; x_wconf 80' lang='lat' dir='ltr'>coactoe</span> <span class='ocrx_word' id='word_1_484' title='bbox 2138 2788 2244 2823; x_wconf 82' lang='lat' dir='ltr'>eirca</span> <span class='ocrx_word' id='word_1_485' title='bbox 2277 2799 2347 2822; x_wconf 89' lang='lat' dir='ltr'>an—</span> 
     </span>
     <span class='ocr_line' id='line_1_68' title="bbox 265 2847 2348 2906; baseline -0.001 -20"><span class='ocrx_word' id='word_1_486' title='bbox 265 2864 355 2888; x_wconf 82' lang='lat' dir='ltr'>num</span> <span class='ocrx_word' id='word_1_487' title='bbox 387 2851 464 2887; x_wconf 75' lang='lat'><em>(3:30</em></span> <span class='ocrx_word' id='word_1_488' title='bbox 494 2860 628 2889; x_wconf 82' lang='lat' dir='ltr'>eontra</span> <span class='ocrx_word' id='word_1_489' title='bbox 663 2854 944 2892; x_wconf 80' lang='lat' dir='ltr'>Monothelitas</span> <span class='ocrx_word' id='word_1_490' title='bbox 967 2870 978 2890; x_wconf 92' lang='lat'>.·</span> <span class='ocrx_word' id='word_1_491' title='bbox 1000 2857 1041 2891; x_wconf 84' lang='lat' dir='ltr'>in</span> <span class='ocrx_word' id='word_1_492' title='bbox 1085 2856 1193 2906; x_wconf 86' lang='lat' dir='ltr'>cujus</span> <span class='ocrx_word' id='word_1_493' title='bbox 1232 2853 1517 2891; x_wconf 83' lang='lat' dir='ltr'>consultatione</span> <span class='ocrx_word' id='word_1_494' title='bbox 1538 2855 1682 2890; x_wconf 86' lang='lat' dir='ltr'>citatur</span> <span class='ocrx_word' id='word_1_495' title='bbox 1709 2864 1755 2888; x_wconf 74' lang='lat' dir='ltr'>ex</span> <span class='ocrx_word' id='word_1_496' title='bbox 1775 2863 1818 2886; x_wconf 87' lang='lat' dir='ltr'>eo</span> <span class='ocrx_word' id='word_1_497' title='bbox 1850 2849 1955 2886; x_wconf 83' lang='lat' dir='ltr'>locus</span> <span class='ocrx_word' id='word_1_498' title='bbox 1980 2849 2057 2890; x_wconf 82' lang='lat' dir='ltr'>Jzoe</span> <span class='ocrx_word' id='word_1_499' title='bbox 2081 2848 2193 2884; x_wconf 87' lang='lat' dir='ltr'>modo</span> <span class='ocrx_word' id='word_1_500' title='bbox 2220 2863 2231 2883; x_wconf 90' lang='grc'>.·</span> <span class='ocrx_word' id='word_1_501' title='bbox 2258 2847 2348 2885; x_wconf 83' lang='lat' dir='ltr'>Item</span> 
     </span>
     <span class='ocr_line' id='line_1_69' title="bbox 263 2908 2346 2968; baseline -0.001 -19"><span class='ocrx_word' id='word_1_502' title='bbox 263 2914 299 2950; x_wconf 79' lang='lat' dir='ltr'>S.</span> <span class='ocrx_word' id='word_1_503' title='bbox 321 2914 466 2952; x_wconf 82' lang='lat' dir='ltr'>Joannis</span> <span class='ocrx_word' id='word_1_504' title='bbox 487 2913 642 2965; x_wconf 75' lang='lat' dir='ltr'>episcopi</span> <span class='ocrx_word' id='word_1_505' title='bbox 676 2916 941 2968; x_wconf 77' lang='lat' dir='ltr'>Constantinop.</span> <span class='ocrx_word' id='word_1_506' title='bbox 972 2917 1007 2954; x_wconf 92' lang='lat' dir='ltr'>in</span> <span class='ocrx_word' id='word_1_507' title='bbox 1033 2917 1211 2954; x_wconf 88' lang='lat' dir='ltr'>Thomam</span> <span class='ocrx_word' id='word_1_508' title='bbox 1233 2916 1433 2968; x_wconf 81' lang='lat' dir='ltr'>apostolum</span> <span class='ocrx_word' id='word_1_509' title='bbox 1456 2931 1464 2953; x_wconf 69' lang='grc' dir='ltr'><strong>ε</strong></span> <span class='ocrx_word' id='word_1_510' title='bbox 1482 2915 1566 2952; x_wconf 79' lang='lat' dir='ltr'>Haec</span> <span class='ocrx_word' id='word_1_511' title='bbox 1599 2913 1746 2951; x_wconf 81' lang='lat' dir='ltr'>audiens</span> <span class='ocrx_word' id='word_1_512' title='bbox 1766 2910 1939 2950; x_wconf 86' lang='lat' dir='ltr'>mundavi</span> <span class='ocrx_word' id='word_1_513' title='bbox 1966 2910 2122 2947; x_wconf 83' lang='lat' dir='ltr'>animam</span> <span class='ocrx_word' id='word_1_514' title='bbox 2142 2924 2160 2947; x_wconf 89' lang='lat' dir='ltr'>a</span> <span class='ocrx_word' id='word_1_515' title='bbox 2180 2908 2346 2962; x_wconf 83' lang='lat' dir='ltr'>persidia,</span> 
     </span>
     <span class='ocr_line' id='line_1_70' title="bbox 263 2972 2348 3031; baseline -0.002 -18"><span class='ocrx_word' id='word_1_516' title='bbox 263 2985 355 3017; x_wconf 81' lang='lat' dir='ltr'>ete.‚·</span> <span class='ocrx_word' id='word_1_517' title='bbox 371 2990 456 3027; x_wconf 73' lang='lat' dir='ltr'>quse</span> <span class='ocrx_word' id='word_1_518' title='bbox 478 2978 593 3013; x_wconf 74' lang='lat' dir='ltr'>habes</span> <span class='ocrx_word' id='word_1_519' title='bbox 611 2978 695 3023; x_wconf 78' lang='lat' dir='ltr'>hic,</span> <span class='ocrx_word' id='word_1_520' title='bbox 715 2993 753 3028; x_wconf 85' lang='lat' dir='ltr'>p.</span> <span class='ocrx_word' id='word_1_521' title='bbox 786 2980 877 3015; x_wconf 65' lang='lat'>526.</span> <span class='ocrx_word' id='word_1_522' title='bbox 903 2981 1111 3031; x_wconf 79' lang='lat' dir='ltr'>Profertur</span> <span class='ocrx_word' id='word_1_523' title='bbox 1129 2981 1230 3017; x_wconf 79' lang='lat' dir='ltr'>idem</span> <span class='ocrx_word' id='word_1_524' title='bbox 1261 2980 1367 3016; x_wconf 82' lang='lat' dir='ltr'>loeus</span> <span class='ocrx_word' id='word_1_525' title='bbox 1388 2982 1429 3016; x_wconf 89' lang='lat' dir='ltr'>in</span> <span class='ocrx_word' id='word_1_526' title='bbox 1450 2986 1561 3016; x_wconf 68' lang='lat' dir='ltr'>sexta</span> <span class='ocrx_word' id='word_1_527' title='bbox 1586 2976 1747 3025; x_wconf 83' lang='lat' dir='ltr'>Synodo</span> <span class='ocrx_word' id='word_1_528' title='bbox 1774 2974 1986 3012; x_wconf 78' lang='lat' dir='ltr'>universali</span> <span class='ocrx_word' id='word_1_529' title='bbox 2008 2972 2348 3024; x_wconf 79' lang='lat' dir='ltr'>Constantinopoli</span> 
     </span>
     <span class='ocr_line' id='line_1_71' title="bbox 264 3036 2345 3090; baseline -0.002 -14"><span class='ocrx_word' id='word_1_530' title='bbox 264 3041 332 3076; x_wconf 79' lang='lat' dir='ltr'>sul)</span> <span class='ocrx_word' id='word_1_531' title='bbox 354 3038 566 3090; x_wconf 78' lang='lat' dir='ltr'>Agathone</span> <span class='ocrx_word' id='word_1_532' title='bbox 582 3040 716 3076; x_wconf 78' lang='lat' dir='ltr'>habita</span> <span class='ocrx_word' id='word_1_533' title='bbox 738 3050 873 3078; x_wconf 85' lang='lat' dir='ltr'>contra</span> <span class='ocrx_word' id='word_1_534' title='bbox 889 3043 1038 3079; x_wconf 79' lang='lat' dir='ltr'>eosdem</span> <span class='ocrx_word' id='word_1_535' title='bbox 1056 3043 1351 3089; x_wconf 74' lang='lat' dir='ltr'>Monotheluas,</span> <span class='ocrx_word' id='word_1_536' title='bbox 1372 3056 1478 3080; x_wconf 89' lang='lat' dir='ltr'>anno</span> <span class='ocrx_word' id='word_1_537' title='bbox 1498 3042 1645 3080; x_wconf 77' lang='lat' dir='ltr'>Christi</span> <span class='ocrx_word' id='word_1_538' title='bbox 1664 3038 1733 3077; x_wconf 71' lang='lat'>(581</span> <span class='ocrx_word' id='word_1_539' title='bbox 1756 3068 1765 3087; x_wconf 90' lang='lat'>,</span> <span class='ocrx_word' id='word_1_540' title='bbox 1782 3040 1884 3075; x_wconf 87' lang='lat' dir='ltr'>inter</span> <span class='ocrx_word' id='word_1_541' title='bbox 1900 3039 2119 3075; x_wconf 85' lang='lat' dir='ltr'>testimonia</span> <span class='ocrx_word' id='word_1_542' title='bbox 2144 3036 2345 3073; x_wconf 86' lang='lat' dir='ltr'>ostenden-</span> 
     </span>
     <span class='ocr_line' id='line_1_72' title="bbox 264 3099 2345 3155; baseline -0.002 -17"><span class='ocrx_word' id='word_1_543' title='bbox 264 3103 323 3138; x_wconf 80' lang='lat' dir='ltr'>tia</span> <span class='ocrx_word' id='word_1_544' title='bbox 343 3101 441 3138; x_wconf 81' lang='lat' dir='ltr'>duas</span> <span class='ocrx_word' id='word_1_545' title='bbox 460 3100 676 3138; x_wconf 76' lang='lat' dir='ltr'>voluntates</span> <span class='ocrx_word' id='word_1_546' title='bbox 696 3109 730 3138; x_wconf 85' lang='lat' dir='ltr'>et</span> <span class='ocrx_word' id='word_1_547' title='bbox 752 3102 850 3139; x_wconf 76' lang='lat' dir='ltr'>(luas</span> <span class='ocrx_word' id='word_1_548' title='bbox 869 3107 1107 3153; x_wconf 77' lang='lat' dir='ltr'>operationes</span> <span class='ocrx_word' id='word_1_549' title='bbox 1126 3108 1168 3141; x_wconf 79' lang='lat' dir='ltr'>in</span> <span class='ocrx_word' id='word_1_550' title='bbox 1187 3106 1356 3142; x_wconf 86' lang='lat' dir='ltr'>Domino</span> <span class='ocrx_word' id='word_1_551' title='bbox 1369 3134 1380 3149; x_wconf 91' lang='lat'><em>‚</em></span> <span class='ocrx_word' id='word_1_552' title='bbox 1403 3106 1552 3155; x_wconf 66' lang='lat' dir='ltr'>erscrip</span> <span class='ocrx_word' id='word_1_553' title='bbox 1562 3111 1601 3140; x_wconf 87' lang='lat' dir='ltr'>ta</span> <span class='ocrx_word' id='word_1_554' title='bbox 1622 3116 1668 3140; x_wconf 73' lang='lat' dir='ltr'>ex</span> <span class='ocrx_word' id='word_1_555' title='bbox 1697 3101 1803 3138; x_wconf 72' lang='lat' dir='ltr'>libris</span> <span class='ocrx_word' id='word_1_556' title='bbox 1817 3100 2052 3150; x_wconf 80' lang='lat' dir='ltr'>patriarchii</span> <span class='ocrx_word' id='word_1_557' title='bbox 2072 3099 2345 3137; x_wconf 85' lang='lat' dir='ltr'>Constantino-</span> 
     </span>
     <span class='ocr_line' id='line_1_73' title="bbox 264 3158 2346 3213; baseline -0.001 -15"><span class='ocrx_word' id='word_1_558' title='bbox 264 3164 434 3213; x_wconf 76' lang='lat' dir='ltr'>pelicani</span> <span class='ocrx_word' id='word_1_559' title='bbox 460 3164 677 3201; x_wconf 70' lang='lat' dir='ltr'>actionem</span> <span class='ocrx_word' id='word_1_560' title='bbox 696 3179 702 3199; x_wconf 91' lang='lat'>:</span> <span class='ocrx_word' id='word_1_561' title='bbox 724 3165 809 3201; x_wconf 72' lang='lat' dir='ltr'>hem</span> <span class='ocrx_word' id='word_1_562' title='bbox 832 3164 998 3202; x_wconf 78' lang='lat' dir='ltr'>relectum</span> <span class='ocrx_word' id='word_1_563' title='bbox 1022 3175 1072 3203; x_wconf 80' lang='lat' dir='ltr'>est</span> <span class='ocrx_word' id='word_1_564' title='bbox 1093 3181 1137 3204; x_wconf 71' lang='lat' dir='ltr'>ex</span> <span class='ocrx_word' id='word_1_565' title='bbox 1156 3167 1279 3204; x_wconf 88' lang='lat' dir='ltr'>eodem</span> <span class='ocrx_word' id='word_1_566' title='bbox 1300 3166 1465 3204; x_wconf 77' lang='lat' dir='ltr'>codicillo</span> <span class='ocrx_word' id='word_1_567' title='bbox 1482 3163 1723 3203; x_wconf 85' lang='lat' dir='ltr'>testimonium</span> <span class='ocrx_word' id='word_1_568' title='bbox 1744 3163 1781 3201; x_wconf 91' lang='lat' dir='ltr'>S.</span> <span class='ocrx_word' id='word_1_569' title='bbox 1807 3161 1954 3201; x_wconf 82' lang='lat' dir='ltr'>Joannis</span> <span class='ocrx_word' id='word_1_570' title='bbox 1970 3161 2127 3213; x_wconf 80' lang='lat' dir='ltr'>archiep.</span> <span class='ocrx_word' id='word_1_571' title='bbox 2147 3158 2346 3198; x_wconf 81' lang='lat' dir='ltr'>Constanti-</span> 
     </span>
     <span class='ocr_line' id='line_1_74' title="bbox 269 3221 2346 3279; baseline -0.002 -18"><span class='ocrx_word' id='word_1_572' title='bbox 269 3226 462 3277; x_wconf 80' lang='lat' dir='ltr'>nopolitani</span> <span class='ocrx_word' id='word_1_573' title='bbox 491 3240 534 3263; x_wconf 82' lang='lat' dir='ltr'>ex</span> <span class='ocrx_word' id='word_1_574' title='bbox 569 3227 737 3264; x_wconf 80' lang='lat' dir='ltr'>Sermone</span> <span class='ocrx_word' id='word_1_575' title='bbox 768 3226 803 3264; x_wconf 92' lang='lat' dir='ltr'>in</span> <span class='ocrx_word' id='word_1_576' title='bbox 830 3227 1009 3265; x_wconf 85' lang='lat' dir='ltr'>Thomam</span> <span class='ocrx_word' id='word_1_577' title='bbox 1043 3229 1242 3279; x_wconf 83' lang='lat' dir='ltr'>apostolum</span> <span class='ocrx_word' id='word_1_578' title='bbox 1275 3238 1308 3265; x_wconf 80' lang='lat' dir='ltr'>ct</span> <span class='ocrx_word' id='word_1_579' title='bbox 1342 3238 1461 3267; x_wconf 78' lang='lat' dir='ltr'>contra</span> <span class='ocrx_word' id='word_1_580' title='bbox 1496 3228 1669 3274; x_wconf 84' lang='lat' dir='ltr'>Arianos,</span> <span class='ocrx_word' id='word_1_581' title='bbox 1700 3225 1800 3277; x_wconf 87' lang='lat' dir='ltr'>cujus</span> <span class='ocrx_word' id='word_1_582' title='bbox 1832 3224 2005 3261; x_wconf 88' lang='lat' dir='ltr'>initium:</span> <span class='ocrx_word' id='word_1_583' title='bbox 2028 3223 2116 3274; x_wconf 82' lang='lat' dir='ltr'>Legi</span> <span class='ocrx_word' id='word_1_584' title='bbox 2144 3221 2288 3273; x_wconf 87' lang='lat' dir='ltr'>quidem</span> <span class='ocrx_word' id='word_1_585' title='bbox 2314 3229 2346 3258; x_wconf 91' lang='lat' dir='ltr'>et</span> 
     </span>
     <span class='ocr_line' id='line_1_75' title="bbox 271 3283 2345 3341; baseline -0.001 -19"><span class='ocrx_word' id='word_1_586' title='bbox 271 3287 433 3325; x_wconf 73' lang='lat' dir='ltr'>Ecclesia:</span> <span class='ocrx_word' id='word_1_587' title='bbox 453 3289 700 3339; x_wconf 76' lang='lat' dir='ltr'>obtemperans</span> <span class='ocrx_word' id='word_1_588' title='bbox 714 3318 722 3333; x_wconf 92' lang='lat'><strong><em>‚</em></strong></span> <span class='ocrx_word' id='word_1_589' title='bbox 741 3288 921 3326; x_wconf 84' lang='lat' dir='ltr'>continens</span> <span class='ocrx_word' id='word_1_590' title='bbox 941 3289 1005 3326; x_wconf 81' lang='lat' dir='ltr'>ista</span> <span class='ocrx_word' id='word_1_591' title='bbox 1023 3305 1029 3325; x_wconf 75' lang='grc' dir='ltr'><strong>ε</strong></span> <span class='ocrx_word' id='word_1_592' title='bbox 1048 3289 1131 3327; x_wconf 58' lang='lat' dir='ltr'>llice</span> <span class='ocrx_word' id='word_1_593' title='bbox 1145 3289 1293 3327; x_wconf 78' lang='lat' dir='ltr'>audiens</span> <span class='ocrx_word' id='word_1_594' title='bbox 1310 3321 1317 3337; x_wconf 87' lang='lat'>,</span> <span class='ocrx_word' id='word_1_595' title='bbox 1345 3290 1496 3341; x_wconf 81' lang='lat' dir='ltr'>purgavi</span> <span class='ocrx_word' id='word_1_596' title='bbox 1513 3289 1668 3326; x_wconf 81' lang='lat' dir='ltr'>animam</span> <span class='ocrx_word' id='word_1_597' title='bbox 1688 3302 1707 3325; x_wconf 86' lang='lat' dir='ltr'>a</span> <span class='ocrx_word' id='word_1_598' title='bbox 1725 3285 1894 3338; x_wconf 77' lang='lat' dir='ltr'>perfidia,</span> <span class='ocrx_word' id='word_1_599' title='bbox 1914 3295 1946 3324; x_wconf 90' lang='lat' dir='ltr'>et</span> <span class='ocrx_word' id='word_1_600' title='bbox 1964 3285 2047 3323; x_wconf 84' lang='lat' dir='ltr'>exui</span> <span class='ocrx_word' id='word_1_601' title='bbox 2069 3298 2124 3322; x_wconf 90' lang='lat' dir='ltr'>me</span> <span class='ocrx_word' id='word_1_602' title='bbox 2138 3283 2345 3333; x_wconf 80' lang='lat' dir='ltr'>ambiguam</span> 
     </span>
     <span class='ocr_line' id='line_1_76' title="bbox 1112 3345 2345 3404; baseline -0.005 -16"><span class='ocrx_word' id='word_1_603' title='bbox 1112 3353 1228 3404; x_wconf 68' lang='lat' dir='ltr'>accepi</span> <span class='ocrx_word' id='word_1_604' title='bbox 1251 3367 1378 3403; x_wconf 71' lang='lat' dir='ltr'>corpus</span> <span class='ocrx_word' id='word_1_605' title='bbox 1410 3351 1565 3401; x_wconf 75' lang='lat' dir='ltr'>gaudens</span> <span class='ocrx_word' id='word_1_606' title='bbox 1596 3366 1636 3388; x_wconf 86' lang='lat' dir='ltr'>ac</span> <span class='ocrx_word' id='word_1_607' title='bbox 1669 3360 1830 3388; x_wconf 88' lang='lat' dir='ltr'>tremens.</span> <span class='ocrx_word' id='word_1_608' title='bbox 1857 3347 2025 3400; x_wconf 80' lang='lat' dir='ltr'>Expendi</span> <span class='ocrx_word' id='word_1_609' title='bbox 2058 3361 2138 3385; x_wconf 90' lang='lat' dir='ltr'>cum</span> <span class='ocrx_word' id='word_1_610' title='bbox 2171 3345 2295 3397; x_wconf 81' lang='lat' dir='ltr'>digitis</span> <span class='ocrx_word' id='word_1_611' title='bbox 2314 3354 2345 3382; x_wconf 86' lang='lat' dir='ltr'>et</span> 
     </span>
     <span class='ocr_line' id='line_1_77' title="bbox 266 3408 2345 3465; baseline -0.001 -17"><span class='ocrx_word' id='word_1_612' title='bbox 266 3413 390 3450; x_wconf 53' lang='lat' dir='ltr'>anima*</span> <span class='ocrx_word' id='word_1_613' title='bbox 414 3414 554 3449; x_wconf 57' lang='lat' dir='ltr'>oculum</span> <span class='ocrx_word' id='word_1_614' title='bbox 574 3443 581 3456; x_wconf 88' lang='lat'>‚</span> <span class='ocrx_word' id='word_1_615' title='bbox 604 3423 635 3449; x_wconf 66' lang='lat' dir='ltr'>vt</span> <span class='ocrx_word' id='word_1_616' title='bbox 651 3412 738 3449; x_wconf 65' lang='lat' dir='ltr'>&lt;luas</span> <span class='ocrx_word' id='word_1_617' title='bbox 762 3428 822 3464; x_wconf 74' lang='lat' dir='ltr'>per</span> <span class='ocrx_word' id='word_1_618' title='bbox 839 3414 904 3452; x_wconf 79' lang='lat' dir='ltr'>lior</span> <span class='ocrx_word' id='word_1_619' title='bbox 921 3415 1135 3465; x_wconf 74' lang='lat' dir='ltr'>operationes</span> <span class='ocrx_word' id='word_1_620' title='bbox 1157 3415 1259 3454; x_wconf 78' lang='lat' dir='ltr'>sensi.</span> <span class='ocrx_word' id='word_1_621' title='bbox 1278 3415 1383 3462; x_wconf 83' lang='lat' dir='ltr'>Quod</span> <span class='ocrx_word' id='word_1_622' title='bbox 1411 3414 1648 3454; x_wconf 78' lang='lat' dir='ltr'>testimonium</span> <span class='ocrx_word' id='word_1_623' title='bbox 1683 3412 1844 3451; x_wconf 79' lang='lat' dir='ltr'>similiter</span> <span class='ocrx_word' id='word_1_624' title='bbox 1876 3410 2042 3450; x_wconf 83' lang='lat' dir='ltr'>collatum</span> <span class='ocrx_word' id='word_1_625' title='bbox 2071 3419 2120 3448; x_wconf 74' lang='lat' dir='ltr'>cst</span> <span class='ocrx_word' id='word_1_626' title='bbox 2154 3423 2234 3447; x_wconf 84' lang='lat' dir='ltr'>cum</span> <span class='ocrx_word' id='word_1_627' title='bbox 2253 3408 2345 3446; x_wconf 84' lang='lat' dir='ltr'>libro</span> 
     </span>
    </p>
   </div>
   <div class='ocr_carea' id='block_1_17' title="bbox 266 3349 1082 3400">
    <p class='ocr_par' dir='ltr' id='par_1_18' title="bbox 266 3349 1082 3400">
     <span class='ocr_line' id='line_1_78' title="bbox 266 3349 1082 3400; baseline 0 -12"><span class='ocrx_word' id='word_1_628' title='bbox 266 3350 495 3398; x_wconf 61' lang='lat' dir='ltr'>sententiam,</span> <span class='ocrx_word' id='word_1_629' title='bbox 515 3351 664 3387; x_wconf 73' lang='lat' dir='ltr'>assumsi</span> <span class='ocrx_word' id='word_1_630' title='bbox 703 3349 886 3388; x_wconf 76' lang='lat' dir='ltr'>credulum</span> <span class='ocrx_word' id='word_1_631' title='bbox 915 3366 1053 3389; x_wconf 77' lang='lat' dir='ltr'>sensum</span> <span class='ocrx_word' id='word_1_632' title='bbox 1073 3383 1082 3400; x_wconf 89' lang='lat'>,</span> 
     </span>
    </p>
   </div>
  </div>
 </body>
</html>
