2481 3678
682 224 726 253 IN
764 222 971 252 JOANNEM
1009 221 1166 250 nomn..

122 307 175 344 ἐπ’
193 305 255 357 ἐμὲ
269 304 429 358 πτέρναν.
458 306 561 343 Δοκεῖ
581 303 617 342 δέ
636 320 694 355 μοι
713 304 772 342 καὶ
786 304 825 343 τὸ
839 333 848 349 ,
876 304 951 342 Οὐκ
971 303 1043 340 ἔστι
1062 303 1138 340 δοῦ-

122 370 180 411 λος
211 367 337 417 μείζων
365 370 425 404 τοῦ
452 366 568 417 κυρίου
597 367 711 413 αὐτοῦ,
742 366 801 403 καὶ
825 365 909 416 πρὸς
924 368 1025 402 τοῦτο
1041 365 1141 413 εἰρῆ-

123 433 215 476 σθαι,
241 428 297 466 ἵνα
313 428 346 466 εἴ
360 444 441 466 ποτε
460 428 556 481 παρὰ
573 429 729 474 οἰκετῶν,
745 427 766 473 ἢ
783 425 878 478 παρά
894 441 995 463 τινων
1013 425 1144 461 εὐτελε·

124 489 254 541 στέρων
276 489 417 528 πάθοιέν
442 506 531 532 τινες
550 489 669 534 κακὸν,
691 488 738 538 μὴ
760 487 1068 532 σκανδαλίζωνται,
1097 485 1144 525 εἰς

123 550 162 588 τὸ
185 550 275 588 κατὰ
297 550 354 587 τὸν
378 549 510 587 Ἰούδαν
534 551 728 602 ἀφορῶντες
752 548 990 599 παράδειγμα,
1021 545 1056 588 ὃς
1077 560 1144 594 μυ-

126 611 206 664 ρίων
229 611 428 653 ἀπολαύσας
455 612 605 662 ἀγαθῶν,
630 617 701 653 τοῖς
725 608 890 651 ἐναντίοις
906 606 1073 657 ἠμείὸετο
1087 605 1145 643 τὸν

124 671 318 723 εὐεργέτην.
349 672 412 710 Διὸ
438 672 496 709 καὶ
520 672 712 723 ἐπήγαγεν·
737 669 782 708 ‘O
796 668 939 720 τρώγων
958 669 1032 718 μετ’
1060 669 1144 717 ἐμοῦ

124 733 227 784 ἄρτον
244 749 251 756 ·
279 734 338 771 καὶ
363 734 480 772 πάντα
502 734 545 771 τὰ
561 733 651 770 ἄλλα
672 731 804 784 παρεὶς,
827 733 939 776 τοῦτο,
956 728 973 766 ὃ
992 729 1146 780 μάλιστα

124 794 240 831 ἱκανὸν
260 788 301 840 ἦν
318 795 418 832 αὐτὸν
435 799 623 846 κατασχεῖν
644 793 703 831 καὶ
720 791 893 843 ἐντρέψαι,
909 790 1074 828 τέθεικεν.
1101 789 1146 827 ‘O

123 857 206 907 παρ’
231 858 314 906 ἐμοῦ
342 856 561 908 τρεφόμενος,
584 858 600 892 ὁ
627 853 711 906 παρ’
732 855 816 902 ἐμοῦ
833 852 1006 904 τραπέζης
1025 867 1148 890 κοινω-

123 919 202 962 νῶν,
224 916 318 967 φησί.
350 918 472 954 Ταῦτα
487 915 522 954 δὲ
538 914 647 966 ἔλεγε,
663 913 836 953 παιδεύων
858 913 977 958 αὐτοὺς
993 912 1070 957 τοὺς
1086 928 1148 951 κα-

122 981 191 1020 κῶς
217 982 398 1020 ποιοῦντας
423 978 625 1028 εὐεργετεῖν,
643 975 707 1014 κᾶν
724 975 873 1027 μένωσιν
891 975 1039 1019 ἀνιάτως
1053 975 1148 1027 ἔχον-

122 1054 188 1081 τες.
204 1036 324 1075 Εἰπὼν
346 1037 393 1086 δὲ,
408 1039 461 1076 Οὐ
477 1037 557 1090 περὶ
577 1036 716 1076 πάντων
733 1039 830 1087 ὑμῶν
845 1036 949 1088 λέγω,
963 1035 1019 1074 ἵνα
1038 1036 1085 1086 μὴ
1101 1038 1148 1078 εἰς

122 1101 271 1143 πολλοὺς
292 1099 487 1152 περιστήσῃ
508 1100 547 1138 τὸ
570 1099 660 1147 δέος,
692 1098 875 1151 ἀποσχίζει
890 1099 1011 1136 λοιπὸν
1035 1099 1148 1142 αὐτὸν,

122 1160 212 1200 οὕτω
244 1161 373 1214 λέγων·
407 1160 451 1198 ‘O
483 1160 626 1214 τρώγων
653 1160 728 1210 μετ’
758 1161 843 1210 ἐμοῦ
863 1160 920 1197 τὸν
943 1159 1059 1211 ἄρτον.
1096 1158 1149 1197 Τὸ

122 1222 210 1274 γὰρ,
240 1224 293 1260 Οὐ
325 1222 405 1276 περὶ
427 1222 587 1269 πάντων,
608 1223 646 1258 οὐ
666 1221 806 1265 πάντως
832 1223 879 1264 εἷς
899 1220 959 1258 ἕνα
985 1220 1147 1273 περιίστη

124 1284 180 1321 τὸν
213 1283 332 1335 λόγον·
366 1283 418 1321 διὸ
438 1282 613 1334 ἐπήγαγεν
629 1299 637 1306 ·
657 1282 701 1321 ‘O
722 1281 866 1335 τρώγων
890 1281 966 1332 μετ’
986 1284 1069 1332 ἐμοῦ
1090 1283 1147 1320 τὸν

123 1345 239 1396 ἄρτον,
256 1344 389 1387 δεικνὺς
411 1344 531 1396 ἐκείνῳ
547 1348 597 1396 τῷ
611 1342 838 1395 ταλαιπώρῳ,
857 1342 910 1381 ὅτι
931 1343 992 1380 οὐκ
1015 1344 1147 1392 ἀγνοῶν

124 1405 424 1456 συλλαμὸάνεται,
456 1405 546 1443 ἀλλὰ
577 1405 636 1443 καὶ
658 1404 791 1457 σφόδρα
812 1404 926 1447 εἰδώς·
948 1405 965 1442 ὃ
993 1404 1052 1442 καὶ
1068 1403 1150 1441 αὐτὸ

124 1467 280 1518 μάλιστα
295 1466 436 1504 πάντων
459 1466 576 1504 ἱκανὸν
593 1460 635 1512 ἦν
652 1466 752 1503 αὐτὸν
773 1470 975 1516 κατασχεῖν.
1005 1464 1075 1502 Καὶ
1090 1465 1151 1501 οὐκ

123 1522 210 1575 εἷπε,
231 1527 469 1579 παραδίδωσιν
491 1526 573 1578 ἐμέ·
591 1526 681 1572 ἀλλ’,
701 1520 812 1577 ἿΙρεν
833 1528 886 1564 ἐπ’
906 1524 968 1576 ἐμὲ
983 1524 1149 1577 (Ῑπτερνι-

124 1589 211 1640 σμόν
229 1605 237 1613 ·
259 1589 299 1627 τὸ
319 1587 456 1641 δολερὸν
479 1588 537 1626 καὶ
557 1588 704 1626 ὕπουλον
725 1587 784 1625 καὶ
805 1589 967 1638 λαθραῖον
987 1589 1049 1633 τῆς
1069 1589 1150 1625 ἐπι-

123 1652 250 1698 &oui-Ec
267 1653 496 1702 παραστῆσαι
513 1649 732 1701 βουλόμενος.

176 1714 298 1750 Ταῦτα
326 1711 361 1750 δὲ
383 1711 599 1763 γέγραπται,
619 1710 675 1749 ἵνα
705 1710 753 1761 μὴ
787 1712 1061 1761 μνησικακῶμεν
1081 1716 1153 1755 τοῖς

124 1775 314 1819 ἀδικοῦσιν,
350 1776 427 1812 ἀλλ’
464 1772 665 1825 ἐλέγχωμεν
705 1771 828 1815 αὐτοὺς
860 1772 919 1810 καὶ
951 1775 1148 1824 θρηνῶμεν.

1208 220 1325 249 1.xx1.
1367 204 1428 248 al.
1470 219 1573 247 Lxx.

2106 206 2197 265 [579

1212 299 1403 337 vilioribus
1417 298 1576 350 personis
1604 296 1803 348 quidquam
1837 298 1921 334 mali
1942 299 2135 348 patiantur,
2154 313 2197 336 ne

1213 360 1414 407 turbentur,
1433 359 1479 397 ad
1496 359 1598 398 Judae
1626 359 1832 411 exemplum
1869 359 2105 410 respicientes,
2137 361 2199 410 qui

1214 421 1398 458 innumera
1418 429 1653 471 consequutus
1672 420 1780 464 bona,
1817 420 1988 456 contraria
2020 422 2196 472 rependit.

1215 482 1300 520 Ideo
1334 481 1511 530 subdidit,
1541 483 1616 531 Qui
1638 482 1849 519 manducat
1872 495 2021 518 mecum
2037 495 2199 532 panem;

1216 543 1402 594 missisque
1433 543 1514 581 aliis
1536 543 1717 591 omnibus,
1739 542 1818 590 hoc,
1839 541 1935 592 quod
1965 542 2082 593 ipsum
2106 552 2201 593 pote-

1217 614 1271 642 rat
1286 605 1453 643 cohihere
1475 614 1508 642 et
1536 604 1672 656 pudore
1706 605 1860 653 afficere,
1886 604 2048 656 protulit.
2073 604 2145 650 Qui
2184 619 2203 641 a

1217 683 1272 706 me
1290 668 1464 711 alebatur,
1480 667 1541 718 qui
1562 667 1650 704 mihi
1671 681 1800 704 mensae
1815 680 1956 703 consors
1972 675 2061 712 erat,
2077 666 2202 716 inquit.

1218 730 1302 767 Haec
1320 744 1423 781 porro
1439 729 1592 777 dicebat,
1607 737 1645 765 ut
1665 727 1745 765 illos
1762 727 1959 764 institueret
1974 726 2019 764 ad
2032 728 2204 764 beneficia

1217 790 1261 828 iis
1277 790 1490 843 praestanda,
1512 790 1573 840 qui
1595 789 1663 827 sibi
1701 789 1837 826 malum
1865 788 2044 836 inferrent,
2068 789 2204 826 etiamsi

1219 852 1432 890 insanabiles
1445 860 1569 889 essent.
1582 852 1674 888 Cum
1685 850 1771 888 dicit
1787 859 1916 897 autem,
1933 852 2021 887 Non
2032 851 2079 887 de
2094 853 2206 887 ‘vobis

1220 915 1397 950 omnibus
1416 913 1516 958 dico,
1535 925 1577 949 nc
1591 911 1758 949 omnibus
1779 910 1944 948 timorem
1964 911 2148 954 incuteret,
2165 910 2206 947 il-

1219 974 1296 1012 lum
1315 973 1458 1011 tandem
1476 982 1634 1024 segregat
1654 972 1709 1010 his
1734 972 1868 1019 verbis,
1894 973 1968 1022 Qui
1995 973 2206 1008 manducat

1221 1049 1366 1073 mecum
1379 1049 1534 1087 panem.
1557 1033 1653 1071 Illud
1672 1033 1781 1082 enim,
1815 1034 1906 1070 Non
1939 1033 1987 1069 de
2014 1034 2203 1077 omnibus,

1220 1111 1289 1134 non
1310 1097 1454 1134 omnino
1480 1110 1593 1133 unum
1619 1095 1822 1147 quempiam
1859 1094 2069 1145 designabat
2092 1110 2098 1130 :
2129 1109 2209 1145 pro—

1220 1167 1336 1210 pterea
1359 1157 1536 1203 subdidit,
1557 1158 1632 1207 Qui
1652 1157 1865 1194 manducat
1881 1170 2028 1193 mecum
2049 1170 2205 1207 panem,

1220 1219 1349 1256 misero
1367 1218 1566 1261 declarans,
1587 1231 1623 1255 se
1651 1231 1719 1254 non
1757 1217 1977 1268 ignorantem
2006 1216 2067 1254 sed
2101 1216 2210 1268 probe

1187 1312 1195 1321 ,
1221 1280 1389 1317 scientem
1411 1278 1678 1331 comprehendi,
1695 1279 1731 1316 id
1746 1278 1841 1329 quod
1860 1279 1963 1316 illum
1982 1278 2138 1316 maxime
2152 1292 2209 1315 co-

1220 1340 1344 1378 hibere
1369 1349 1519 1392 poterat.
1535 1341 1658 1390 Neque
1675 1339 1781 1388 dixit,
1797 1339 1926 1377 Tradit
1944 1354 2019 1389 me3
2046 1339 2118 1387 sed,
2140 1341 2210 1376 Le-

1224 1406 1329 1441 vavit
1346 1417 1459 1454 super·
1489 1417 1548 1440 me
1567 1404 1815 1447 calcaneum5
1839 1412 1878 1439 ut
1896 1402 2021 1440 dolum
2041 1411 2073 1440 et
2092 1402 2211 1440 occul-

1221 1474 1274 1502 tas
1293 1464 1443 1502 insidias
1462 1464 1670 1502 declararet.

1278 1711 1315 1747 5.
1342 1710 1427 1748 Haec
1470 1724 1576 1762 porro
1617 1710 1746 1763 scripta
1778 1719 1870 1758 sunt,
1908 1719 1946 1747 ut
1977 1724 2020 1748 ne
2046 1710 2214 1762 injuriam

1163 1769 1455 1831 moinferentihus
1473 1785 1754 1818 succenseamus,
1777 1771 1837 1809 sed
1859 1771 1940 1809 illos
1972 1785 2162 1823 arguamus
2181 1782 2214 1810 et

124 1836 273 1888 Θρήνων
288 1835 354 1888 γὰρ
375 1835 479 1881 ἄξιοι,
500 1838 566 1887 οὐχ
581 1838 612 1873 οἱ
625 1834 840 1886 πάσχοντες,
860 1835 936 1872 ἀλλ’
963 1837 993 1873 οἱ
1014 1839 1151 1872 ποιοῦν·
1175 1845 1198 1872 Α
1223 1832 1462 1885 deploremus.
1488 1834 1676 1886 Lacrymis
1708 1833 1800 1870 enim
1820 1833 1920 1885 digni
1940 1843 2033 1882 sunt,
2062 1848 2130 1872 non
2152 1849 2214 1886 pa*

122 1914 178 1941 τες
191 1900 321 1941 κακῶς.
342 1897 510 1939 Ἑαυτοὺς
532 1896 593 1947 μὲν
614 1896 680 1948 γὰρ
702 1895 850 1948 μέγιστα
872 1897 1048 1934 ἀδικοῦσιν
1079 1896 1151 1935 ὅτε

124 1958 334 2005 πλεονέκτης
348 1990 356 2006 ,
379 1957 398 1995 ὅ
416 1974 452 1995 τε
475 1957 713 2010 συκοφάντης,
741 1957 761 1995 ὅ
777 1973 814 1994 τε
835 1957 950 2010 ἕτερόν
981 1974 1015 1996 τι
1044 1958 1150 1996 κακὸν

123 2019 372 2073 ἐργαζόμενος·
414 2024 508 2070 ἡμᾶς
524 2019 560 2058 δὲ
585 2020 756 2072 ὠφελοῦσι
777 2020 820 2058 τὰ
842 2019 1009 2070 μέγιστα,
1026 2019 1084 2058 ἐὰν
1102 2020 1150 2070 μὴ

124 2081 263 2125 ἑαυτοὺς
280 2083 487 2132 ἐκδικῶμεν.
509 2076 594 2120 Οἷόν
627 2097 661 2118 τι
679 2081 771 2132 λέγω
784 2097 791 2104 ·
811 2080 970 2133 ἥρπασεν
999 2085 1016 2119 ὃ
1041 2082 1151 2130 δεῖνα,

126 2143 397 2196 ηὐχαρίστησας
411 2142 498 2194 ὑπὲρ
519 2145 579 2188 τῆς
597 2142 732 2186 ἀδικίας
751 2142 792 2180 σὺ
807 2174 816 2187 ,
833 2143 891 2180 καὶ
913 2142 1078 2186 ἐδόξασας
1095 2143 1151 2182 τὸν

125 2205 237 2252 Θεόν,
256 2204 410 2257 Μυρίους
445 2204 501 2242 διὰ
537 2206 600 2250 τῆς
634 2203 855 2256 εὐχαριστίας
887 2203 1020 2251 ἐκείνης
1053 2206 1153 2256 ἐκαρ-

123 2265 233 2305 πώσω
271 2265 432 2316 μισθούς·
474 2265 594 2317 ὥσπερ
633 2259 691 2302 οῦν
720 2268 846 2308 ἐκεῖνος
878 2265 1009 2318 ἄφατον
1041 2268 1153 2318 ἑαυτῷ

124 2326 300 2378 συνήγαγε
315 2331 395 2378 πῦρ.
412 2328 457 2364 Εἰ
474 2326 510 2365 δὲ
533 2326 628 2377 λέγοι
648 2342 716 2369 τις·
737 2326 771 2364 τί
790 2326 876 2378 γὰρ,
895 2329 924 2364 εἰ
951 2326 998 2377 μὴ
1021 2328 1152 2373 ἠδυνά-

126 2403 195 2438 μην
231 2387 427 2438 ἀμύνασθαι
458 2387 516 2425 τὸν
552 2386 781 2435 ἀδικήσαντα,
814 2386 1057 2439 ἀσθενέστερος
1085 2387 1154 2436 ὤν,

125 2452 235 2487 ἐκεῖνο
254 2448 293 2485 ἂν
314 2449 465 2499 εἴποιμι,
479 2449 531 2487 ὅτι
544 2448 696 2494 ἠδύνασο
715 2448 848 2499 πρᾶξαι
861 2449 900 2486 τὸ
922 2450 1152 2501 δυσχερᾶναι,

124 2510 163 2547 τὸ
193 2511 503 2555 ἀποδυσπετῆσαι,
523 2514 634 2547 ταῦτα
656 2509 723 2561 γὰρ
754 2512 788 2547 ἐν
819 2508 953 2561 ἐξουσία
974 2513 1096 2559 ἡμῶν,
1115 2509 1153 2547 τὸ

127 2571 360 2616 κατεύξασθαι
377 2575 437 2608 τοῦ
455 2570 691 2616 λελυπηκότος
703 2600 712 2616 ,
725 2570 765 2608 τὸ
777 2570 1042 2622 καταράσασθαι
1059 2573 1153 2623 αὐτῷ

131 2633 258 2685 μυρία,
280 2633 318 2671 τὸ
338 2633 423 2684 πρὸς
451 2632 584 2674 πάντας
616 2632 804 2669 διαὸαλεῖν.
826 2630 871 2668 ‘O
900 2631 1013 2668 τοίνυν
1043 2636 1154 2669 ταῦτα

130 2695 178 2745 μὴ
199 2695 347 2741 ποιήσας
360 2724 370 2740 ,
390 2694 449 2732 καὶ
467 2698 527 2731 τοῦ
548 2692 597 2743 μὴ
619 2692 817 2743 ἀμύνασθαι
848 2693 968 2742 μισθὸν
988 2693 1152 2745 λήψεται.

128 2757 243 2802 Δῆλον
256 2757 322 2807 γὰρ
340 2755 392 2793 ὅτι
408 2755 468 2793 καὶ
495 2754 624 2792 ἐκείνου
655 2753 771 2806 κύριος
798 2753 859 2799 ὢν,
880 2755 940 2792 οὐκ
969 2753 1008 2791 ἂν
1032 2754 1155 2800 ἐποίη-

129 2835 200 2856 σεν.
223 2818 268 2856 ‘O
298 2818 365 2870 γὰρ
387 2816 622 2868 ἠδικημένος,
645 2818 695 2867 τῷ
725 2815 964 2867 παρατυχόντι
984 2815 1155 2868 κέχρηται

129 2878 246 2930 ὅπλῳ,
267 2878 372 2916 ί’ὅταν
404 2878 621 2930 μικρόψυχος
650 2878 713 2923 ὢν,
736 2876 926 2928 κατάραις,
947 2876 1154 2929 λοιδορίαις,

130 2939 329 2981 ἐπιὸουλαῖς
346 2939 521 2989 ἀμύνηται
536 2938 594 2976 τὸν
611 2937 817 2984 ἠδικηκότα.
832 2940 956 2976 Ταῦτα
971 2938 1083 2976 τοίνυν
1095 2938 1154 2975 καὶ

130 2999 170 3037 σὺ
193 2999 240 3050 μὴ
262 2999 412 3051 ποιήσῃς
432 2999 547 3050 μόνον,
569 2999 660 3038 ἀλλὰ
692 2999 751 3037 καὶ
774 2992 867 3043 εἶξαι
892 2999 974 3051 περὶ
1000 2997 1016 3019 ¹³
1031 3001 1153 3036 αὐτοῦ·

128 3062 188 3099 καὶ
207 3061 274 3112 γὰρ
295 3060 334 3097 ἂν
364 3065 474 3099 ταῦτα
495 3060 543 3111 μὴ
573 3060 723 3112 ποιήσῃς
739 3060 855 3111 μόνον,
875 3060 966 3098 ἀλλὰ
984 3059 1043 3097 καὶ
1073 3059 1152 3112 εὔξῃ

129 3121 215 3174 ὑπὲρ
243 3123 369 3169 αὐτοῦ,
389 3124 439 3173 τῷ
460 3124 543 3173 Θεῷ
572 3121 715 3172 γέγονας
743 3122 869 3172 ὅμοιος.
891 3120 1046 3173 Εὔχεσθε
1066 3119 1153 3173 γὰρ,

173 3253 190 3277 d
207 3252 323 3287 Morel.
341 3258 533 3298 πτερνισμὸν,
551 3259 681 3298 πτέρναν
699 3256 800 3293 αὐτοῦ,
817 3257 849 3285 τὸ
867 3255 892 3284 ὃ.

173 3315 187 3330 ²³
204 3302 283 3338 ὅταν
299 3312 481 3349 μικρόψυχος
497 3311 546 3338 ὥν.
566 3306 628 3336 Hic
645 3316 722 3337 vero
738 3310 922 3348 μικρόψυχος
943 3311 992 3335 est
1009 3305 1140 3335 iracun-

131 3358 205 3398 dus,
221 3359 363 3399 rixosus,
384 3365 420 3389 ut
432 3363 616 3404 μικροψυχέυ,
630 3356 719 3400 apud
735 3358 860 3395 Patres,
872 3357 960 3396 rixa,
975 3355 1140 3395 simultas,

130 3411 213 3442 sicut
242 3409 363 3451 passIm
388 3409 650 3442 observavimus.
679 3406 810 3441 Ibidem
829 3419 942 3440 omnes
958 3419 1041 3450 pene
1063 3407 1142 3440 Mss.

1224 1896 1361 1944 tientes,
1382 1896 1445 1933 sed
1458 1894 1647 1934 inferentes
1666 1895 1848 1947 injuriam.
1874 1897 1966 1933 Nam
1993 1910 2030 1933 se
2057 1897 2213 1934 maxime
2261 1907 2418 1938 misen-cst,

1222 1957 1358 1995 laedunt
1377 1967 1512 2010 raptor,
1555 1957 1789 2010 sycophanta,
1812 1967 1846 1995 et
1865 1957 1894 1994 si
1915 1957 1976 2008 qui
2006 1957 2105 1995 aliud
2128 1959 2212 1996 mali
2229 1950 2348 2017 R‘sgrqm
2365 1959 2417 2017 'ssd

1222 2018 1393 2067 inferant;
1417 2019 1518 2056 nobis
1538 2028 1655 2055 autem
1676 2018 1780 2055 valde
1795 2028 1957 2069 prosunt,
1978 2019 2046 2056 nisi
2066 2033 2129 2056 nos
2144 2019 2212 2071 ipsi
2228 2033 2279 2068 qui
2311 2011 2420 2058 'intert

1224 2079 1450 2117 ulciscamur.
1473 2078 1640 2130 Exempli
1662 2092 1778 2126 causa,
1809 2078 1927 2130 rapuit
1961 2079 2152 2130 quispiam,
2181 2090 2214 2118 et
2229 2073 2380 2112 i¹¹j⁰¹'i³¹¹'·

1223 2150 1263 2178 tu
1282 2155 1347 2193 pro
1367 2140 1498 2193 injuria
1513 2140 1645 2191 gratias
1665 2141 1739 2177 Deo
1767 2139 1883 2191 egisti,
1905 2139 2042 2191 ipsique
2063 2141 2215 2191 gloriam

1224 2201 1405 2239 retulisti?
1426 2203 1493 2239 Per
1509 2201 1707 2252 gratiarum
1726 2200 1899 2238 actionem
1925 2201 2107 2238 innumera
2126 2217 2215 2254 prae-

1225 2264 1297 2301 mia
1316 2272 1551 2314 consequutus
1573 2277 1609 2300 es
1631 2279 1638 2299 :
1664 2260 1968 2312 quemadmodum
1984 2262 2045 2300 ille
2063 2263 2214 2302 immen-

1226 2339 1306 2364 sum
1336 2324 1405 2361 sibi
1427 2323 1545 2374 ignem
1566 2322 1768 2374 apparavit.
1794 2322 1831 2359 Si
1849 2322 1927 2372 quis
1948 2337 2032 2361 vero
2054 2322 2213 2362 dixerit:

1200 2404 1203 2411 .
1226 2385 1339 2434 Quid,
1359 2385 1388 2423 si
1406 2385 1552 2422 inferior
1572 2383 1654 2420 cum
1669 2397 1793 2432 essem,
1817 2383 1987 2434 injuriam
2013 2398 2082 2422 non
2115 2387 2215 2437 potui

1225 2446 1460 2499 propulsare?
1489 2444 1731 2496 responderim
1751 2458 1827 2495 ego,
1856 2444 2008 2482 Potuisti
2035 2445 2216 2498 indignari

1227 2517 1259 2546 et
1276 2521 1478 2545 succensere
1501 2506 1598 2543 :haec
1615 2505 1709 2542 enim
1728 2505 1763 2542 in
1784 2514 1903 2543 nostra
1932 2515 2013 2544 sunt
2032 2516 2216 2558 potestate,

1227 2567 1415 2621 imprecari
1429 2566 1587 2612 laedenti,
1606 2566 1794 2617 ipsumque
1809 2566 1907 2604 mille
1917 2567 2118 2606 maledictis
2133 2584 2216 2621 pro-

1226 2630 1325 2680 sequi
1345 2638 1378 2666 et
1393 2628 1578 2665 infamare.
1606 2627 1677 2673 Qui
1689 2627 1757 2664 hoc
1774 2641 1843 2664 non
1862 2628 1960 2678 facit,
1983 2629 2121 2667 omissae
2138 2631 2196 2668 vin

1225 2691 1328 2728 dictae
1343 2689 1540 2727 mercedem
1556 2688 1712 2740 recipiet.
1735 2689 1881 2726 Constat
1894 2690 1988 2727 enim
2014 2705 2108 2740 eum,
2133 2706 2214 2730 cum

1226 2752 1294 2789 hoe
1309 2760 1425 2803 posset
1442 2751 1565 2796 faeere,
1586 2764 1655 2787 non
1674 2749 1796 2787 fecisse
1809 2759 1937 2788 tamen.
1959 2752 2052 2789 Nam
2070 2753 2132 2804 qui
2149 2754 2212 2792 lae-

1227 2827 1285 2850 sus
1305 2822 1368 2861 est,
1390 2811 1508 2849 obviis
1539 2811 1738 2862 quibusque
1771 2811 1880 2849 armis
1907 2813 2032 2862 utitur,
2056 2814 2085 2851 si
2121 2815 2216 2867 injw

1227 2873 1317 2910 riam
1332 2886 1401 2910 non
1425 2873 1525 2919 ferat,
1550 2871 1766 2921 maledictis,
1787 2872 1972 2922 conviciis,
1990 2874 2131 2912 insidiis
2156 2876 2200 2912 1ae

1227 2933 1368 2970 dentem
1380 2932 1579 2969 ulciscitur.
1597 2931 1654 2969 Ab
1666 2931 1722 2970 bis
1734 2946 1817 2983 ergo
1832 2941 1870 2970 tu
1888 2933 1997 2971 sinon
2014 2935 2120 2973 modo
2135 2937 2215 2974 abs-

1227 2996 1352 3044 tineas,
1375 2993 1436 3032 sed
1451 2993 1558 3032 etiam
1573 3008 1637 3046 pro
1654 2993 1716 3031 illo
1730 2995 1897 3046 preceris,
1916 2995 1984 3033 hoc
2008 3006 2111 3048 pacto
2140 2999 2214 3036 Deo

1229 3058 1357 3097 similis
1371 3058 1516 3096 effectus
1539 3071 1584 3095 es.
1604 3059 1735 3104 Orate,
1760 3058 1888 3109 inquit,
1904 3073 1974 3110 pro
1984 3074 2214 3113 persequen-
2232 3068 2339 3095 ΜηιιΙι.
2363 3068 2392 3096 ἰ).

1231 3122 1331 3158 tibus
1349 3133 1435 3167 vos,
1453 3127 1494 3157 ut
1513 3121 1597 3157 sitis
1611 3119 1756 3157 similes
1775 3121 1890 3157 Patri
1909 3130 2053 3168 vestro,
2077 3125 2144 3174 qui
2159 3132 2213 3161 est
2227 3106 2340 3148 44'45'

1207 3252 1312 3284 nostri
1329 3254 1490 3294 ἀμύνηται.
1512 3250 1602 3283 Editi
1616 3250 1701 3283 male
1719 3255 1874 3295 ἀμύνεται.

1250 3304 1267 3327 b
1285 3302 1345 3335 Alii
1369 3307 1470 3337 αὐτοῦ.
1496 3309 1531 3338 ἂν
1557 3308 1652 3337 τοίνυν
1677 3310 1773 3337 ταῦτα.
1794 3313 1850 3347 μή.
1879 3303 1994 3345 [Paulo
2016 3312 2092 3336 ante
2119 3312 2215 3340 ταῦτα

1209 3361 1302 3390 τοίνυν
1321 3359 1352 3390 σὺ
1368 3364 1411 3399 μή
1428 3356 1498 3387 Sine
1509 3361 1558 3389 καί
1572 3354 1673 3387 Savil.
1688 3380 1694 3392 ‚
1713 3363 1812 3387 recte.
1829 3362 1924 3390 ταῦτα
1941 3362 2034 3390 τοίνυν
2052 3361 2082 3390 σὺ
2098 3364 2142 3400 μὴ
2159 3366 2215 3402 μὸ-

1211 3424 1256 3442 mv
1272 3415 1315 3451 μὴ
1334 3416 1453 3453 ποιήσῃς
1469 3406 1578 3440 Codd.
1598 3408 1733 3444 nosti-id
