2481 3678
708 197 749 225 IN
787 197 994 228 JOANNEM
1032 199 1142 230 Hom

490 452 669 491 ΟΜΙΛῘΑ
701 452 757 501 ιη’.

109 572 164 622 Ιῇ
188 571 348 624 ἐπαύριον
381 573 486 611 πάλιν
507 574 659 622 εἱστήκει
680 579 697 614 ὁ
723 575 907 621 Ἰωάννης,
926 575 985 612 καὶ
1007 577 1045 612 ἐκ
1066 576 1134 612 τῶν

163 636 326 683 μαθητῶν
344 636 446 673 αὐτοῦ
469 635 539 674 δύο.
555 637 624 675 Καὶ
643 636 819 688 ἐμῧλέψας
835 637 885 687 τῷ
905 634 1020 682 Ἰησοῦ
1038 652 1136 688 περι-

161 699 347 743 πατοῦντι,
364 695 476 748 λέγει·
499 697 547 735 ἴδε
567 701 583 736 ὃ
603 698 709 747 ἀμνὸς
737 701 796 735 τοῦ
817 698 921 735 Θεοῦ.
940 696 1009 735 Καὶ
1028 696 1136 743 ἥκου-

162 771 223 793 σαν
248 758 351 795 αὐτοῦ
373 760 403 795 οἱ
423 757 481 796 δύο
501 758 654 809 μαθηταὶ
672 760 871 806 λαλοῦντος,
899 757 957 796 καὶ
984 758 1134 804 ἠκολού-

160 820 268 863 θησαν
292 820 396 870 αὐτῷ.

158 941 331 994 Ῥᾴθυμον
353 961 427 990 πως
450 948 471 992 ἡ
494 943 691 998 ἀνθρωπίνη
723 943 839 997 φύσις,
861 944 921 982 καὶ
947 943 1132 997 ὀξύρροπον

104 1003 188 1056 πρὸς
210 1004 399 1055 ἀπώλειαν,
416 1007 452 1044 οὔ
467 1005 564 1058 παρὰ
579 1005 641 1052 τὴν
658 1008 720 1052 τῆς
747 1005 879 1057 φύσεως
899 1006 1134 1054 κατασκευὴν,

104 1064 194 1103 ἀλλὰ
209 1065 305 1118 παρὰ
324 1066 386 1114 τὴν
408 1069 447 1105 ἐκ
467 1066 700 1120 προαιρέσεως
716 1066 886 1120 ῥᾳθυμίαν
901 1083 908 1090 ·
925 1068 977 1106 διὸ
1001 1069 1132 1116 πολλῆς

104 1126 212 1162 δεῖται
238 1129 301 1172 τῆς
328 1126 566 1178 ὑπομνήσεως.
582 1128 653 1166 Καὶ
674 1131 691 1166 ὅ
719 1130 858 1172 Παῦλος
891 1128 927 1167 δὲ
957 1129 1014 1168 διὰ
1032 1135 1132 1169 τοῦτο

102 1188 242 1242 γράφων
264 1195 334 1232 τοῖς
355 1189 611 1236 Φιλιππησίοις
641 1190 757 1242 ἔλεγε·
780 1191 812 1227 Τ
817 1189 838 1227 ὰ
860 1189 948 1228 αὐτὰ
967 1190 1128 1243 γράφειν,

103 1250 179 1300 ἐμοὶ
200 1249 261 1299 μὲν
281 1252 341 1288 οὐκ
357 1251 513 1302 ὀκνηρὸν,
527 1253 608 1302 ὑμῖν
625 1250 659 1289 δὲ
677 1250 840 1302 ἀσφαλές.
861 1249 906 1288 ‘H
923 1250 985 1301 μὲν
1001 1251 1068 1305 γὰρ
1085 1256 1128 1304 γῆ

101 1310 145 1348 τὰ
160 1311 346 1364 σπέρματα
362 1313 617 1365 παραλαῧοῧσα
636 1311 745 1360 ἅπαξ,
773 1311 895 1355 εὐθέως
913 1316 927 1332 ‘¹
939 1311 1130 1350 ἀποδίδωσι

102 1371 178 1415 τοὺς
192 1372 346 1425 καρποὺς
358 1403 367 1420 ,
388 1373 447 1411 καὶ
466 1375 503 1411 οὐ
520 1374 629 1411 δεῖται
651 1372 812 1424 δευτέρας
833 1371 1052 1419 καταὸολῆς·
1071 1372 1128 1411 ἐπὶ

102 1433 136 1472 δὲ
156 1437 218 1479 τῆς
238 1435 352 1486 ψυχῆς
371 1438 432 1480 τ’ῆς
459 1433 632 1485 ἡμετέρας
652 1435 716 1484 οὐχ
729 1431 854 1480 οὕτως,
878 1434 954 1470 ἀλλ’
988 1435 1128 1484 ἀγαπη-

99 1494 156 1532 τὸν
168 1494 337 1538 πολλάκις
354 1494 543 1546 σπείραντα
557 1493 617 1532 καὶ
631 1492 762 1540 πολλὴν
775 1493 1033 1545 ἐπιδειξάμενον
1049 1497 1127 1533 ε’πι-

100 1555 253 1605 μέλειαν,
270 1555 362 1600 ἅπαξ
380 1561 458 1607 γοῦν
482 1557 670 1602 δυνηθῆναι
687 1556 744 1594 τὸν
773 1555 905 1607 καρπὸν
923 1555 1124 1593 ἀπολαὸεῖν.

99 1617 245 1668 Πρῶτον
269 1617 329 1668 μὲν
355 1617 423 1669 γὰρ
443 1617 616 1661 δυσκόλως
631 1616 776 1661 ἐνιζάνει
794 1619 836 1668 τῇ
854 1615 989 1669 διανοίᾳ
1001 1615 1046 1654 τὰ
1065 1618 1123 1654 λε<

97 1678 250 1729 γόμενα,
275 1679 332 1718 διὰ
356 1679 395 1717 τὸ
423 1677 554 1725 πολλὴν
581 1677 642 1729 μὲν
658 1680 862 1716 ὑποκεῖσθαι
888 1677 951 1725 τὴν
969 1678 1124 1731 σκληρό-

96 1757 205 1789 τητα,
225 1741 364 1794 μυρίαις
390 1741 426 1780 δὲ
445 1740 648 1792 συνέχεσθαι
667 1746 744 1784 ταῖς
760 1739 926 1783 ἀκάνθαις
938 1770 947 1788 ,
963 1739 1022 1778 καὶ
1040 1741 1124 1778 πολ-

93 1802 170 1847 λοὺς
184 1797 271 1841 εἶναι
290 1803 367 1846 τοὺς
382 1802 665 1846 ἐπιδουλεύοντας
681 1801 741 1840 καὶ
757 1801 801 1840 τὰ
816 1801 1002 1855 σπέρματα
1022 1803 1123 1853 διαρ-

92 1865 274 1908 πάζοντας.
291 1862 442 1903 ’Έπειτα
458 1864 538 1903 ὅταν
565 1867 661 1916 παγῇ
682 1863 742 1902 καὶ
759 1865 886 1916 ῥιζωθῇ
899 1894 909 1911 ,
937 1866 1000 1910 τ’ῆς
1018 1865 1123 1911 αὐτῆς

91 1927 196 1964 πάλιν
217 1927 326 1965 δεῖται
347 1928 517 1973 σπουδῆς,
537 1925 627 1965 ὥστε
647 1926 732 1978 πρὸς
753 1924 869 1976 ἀκμὴν
886 1926 993 1963 ἐλθεῖν
1012 1924 1121 1973 αὐτὰ,

90 1988 150 2026 καὶ
175 1989 318 2027 ἐλθόντα
345 1994 460 2039 μεῖναι
489 1990 610 2035 ἀσινῆ,
628 1987 689 2025 καὶ
718 1985 823 2037 μηδὲν
846 1986 1120 2039 παραὸλαὸἦναι

89 2049 186 2100 παρὰ
203 2049 359 2100 μηδενός.
384 2049 469 2088 Ἐπὶ
494 2047 554 2100 μὲν
575 2047 643 2102 γὰρ
668 2050 737 2086 τῶν
759 2049 982 2100 σπερμάτων,
1003 2048 1084 2087 ὅταν
1103 2052 1120 2087 ὁ

89 2111 219 2162 στάχυς
248 2113 445 2164 ἀπαρτισθῇ
471 2111 531 2149 καὶ
562 2109 623 2158 τὴν
651 2109 780 2148 οἰκείαν
803 2109 901 2162 ἰσχὺν
933 2110 1093 2163 ἀπολάὸῃ
1109 2142 1118 2159 ,

87 2172 146 2210 καὶ
168 2171 330 2225 ἐρυσίὲης
352 2173 413 2211 καὶ
434 2175 570 2225 αὐχμοῦ
585 2172 645 2210 καὶ
662 2175 729 2210 τῶν
745 2171 859 2210 ἄλλων
882 2171 1044 2210 ἁπάντων
1065 2174 1118 2210 εὐ-

86 2231 197 2277 κόλως
215 2240 442 2287 καταφρονεῖ·
464 2234 521 2272 ἐπὶ
550 2232 585 2272 δὲ
604 2236 672 2272 τῶν
692 2233 874 2285 δογμάτων
897 2236 960 2286 οὐχ
986 2233 1116 2282 οὕτως,

87 2293 176 2332 ἀλλὰ
200 2295 259 2332 καὶ
293 2295 381 2346 μετὰ
399 2295 439 2334 τὸ
458 2294 596 2339 τελείως
617 2297 827 2347 ἐργασθῆναι
855 2295 896 2333 τὸ
929 2301 1011 2343 πᾶν,
1033 2297 1117 2334 πολ-

84 2354 183 2398 λάκις
204 2356 356 2395 ἐπελθὼν
377 2355 510 2409 χειμὼν
527 2351 573 2401 εἷς
597 2355 658 2394 καὶ
682 2354 912 2403 κλυδώνιονὺ,
934 2356 1115 2402 δυσκολίας

83 2417 359 2469 προσὸαλούσης,
379 2417 440 2456 καὶ
475 2416 666 2472 ἀνθρώπων
694 2421 833 2470 ἀπατᾷν
863 2419 1002 2457 εἰδότων
1039 2422 1113 2458 ἐπι-

83 2479 356 2527 ὅουλευσάντων,
377 2479 437 2517 καὶ
455 2479 581 2533 ἑτέρων
606 2483 812 2532 πειρασμῶν
834 2480 1002 2519 ποικίλων
1027 2483 1110 2520 ἐπε-

82 2540 284 2591 νεχθέντων,
301 2541 508 2591 ἐλυμήνατο.
528 2542 653 2578 Ταῦτα
678 2540 713 2579 δὲ
730 2545 814 2591 ἡμῖν
833 2544 896 2594 οὐχ
915 2543 1034 2586 ἁπλῶς
1064 2544 1111 2582 εἴ·

85 2617 206 2653 ρηται,
234 2603 308 2639 ἀλλ’
329 2601 387 2639 ἵνα
406 2601 488 2640 ὅταν
520 2601 670 2653 ἀκούσῃς
691 2605 750 2639 τοῦ
766 2601 929 2640 Ἰωάννου
950 2602 994 2641 τὰ
1020 2604 1108 2642 αὐτὰ

81 2662 313 2714 φθεγγομένου
325 2693 334 2710 ,
351 2667 364 2683 ²¹
379 2661 427 2713 μὴ
450 2661 618 2716 φλυαρίας
648 2664 848 2713 καταγνῷς,
873 2662 961 2712 μηδὲ
982 2680 1106 2716 περιτ-

79 2723 137 2762 τόν
155 2740 234 2762 τινα
267 2717 354 2762 εἶναι
373 2723 519 2776 νομίσῃς
545 2723 605 2761 καὶ
636 2723 808 2776 φορτικόν.
831 2722 1017 2762 Ἐὅούλετο
1044 2724 1105 2776 μὲν

79 2784 145 2836 γὰρ
168 2784 262 2829 ἅπαξ
277 2784 383 2823 εἰπὼν
402 2786 630 2831 ἀκουσθῆναι·
648 2784 767 2831 ἐπειδὴ
789 2783 824 2823 δὲ
845 2788 882 2823 οὖ
899 2785 1021 2824 πολλοὶ
1035 2793 1106 2830 τοῖς

78 2845 275 2898 λεγομένοις
309 2852 492 2898 προσεῖχον
508 2845 541 2889 ἐξ
561 2848 673 2899 ἀρχῆς
699 2845 755 2885 διὰ
781 2846 839 2884 τὸν
858 2845 964 2885 πολὺν
986 2846 1104 2896 ὕπνον,

78 2907 137 2944 καὶ
153 2906 296 2960 δευτέρᾳ
309 2908 413 2944 πάλιν
437 2906 558 2951 αὐτοὺς
577 2906 759 2959 ἀφυπνίζει
776 2911 885 2959 φωνῇ.
901 2907 1034 2947 Σκόπει
1050 2909 1102 2948 δέ·

78 2961 184 3015 εἶπεν,
200 2967 253 3006 ὅτι
273 2967 317 3005 Ὁ
327 2967 439 3006 ὀπίσω
455 2983 519 3018 μου
536 2968 734 3020 ἐρχόμενος,
755 2967 947 3022 ἔμπροσθέν
967 2987 1031 3021 μου
1046 2971 1102 3022 γε’-

77 3045 164 3079 γονε·
187 3029 259 3077 καὶ,
278 3028 332 3067 ὅτι
351 3031 431 3082 Οὐχ
441 3030 557 3074 ἱκανός
576 3031 594 3048 *
606 3032 679 3068 ἐστι
699 3033 801 3070 λῦσαι
823 3031 878 3069 τὸν
900 3032 1028 3082 ἱμάντα
1044 3037 1103 3071 τοῦ

76 3090 297 3141 ὑποδήματος
313 3091 432 3129 αὐτοῦ·
453 3091 530 3138 καὶ,
554 3091 606 3129 ὅτι
627 3091 737 3135 Αὐτὸς
758 3091 918 3143 βαπτίζει
937 3094 971 3130 ἓν
991 3093 1102 3131 Πνεύ-

77 3167 160 3200 ματι
183 3151 270 3203 ἁγίῳ
305 3151 364 3190 καὶ
391 3152 493 3205 πυρί·
518 3153 599 3200 καὶ,
626 3153 679 3192 ὅτι
711 3154 750 3192 τὸ
771 3155 918 3204 Πνεῦμα
944 3154 1102 3193 τεθέαται

76 3211 284 3250 καταὸαῖνον
316 3211 400 3250 ὡσεὶ
430 3213 649 3265 περιστερὰν,
681 3214 739 3251 καὶ
771 3214 871 3264 μένον
903 3217 955 3252 ἐπ’
986 3216 1101 3254 αὐτόν·

119 3342 129 3355 ⁵¹
149 3335 297 3373 [ἐκδίδωσι
313 3333 441 3375 iidem]

96 3392 111 3408 ¹*
129 3383 287 3425 [Addunt
303 3384 401 3418 iidem
419 3390 566 3426 ἀπώλεσε,
584 3392 631 3422 καὶ
651 3394 838 3431 πραγμάτων
858 3389 866 3429 J

1151 201 1191 230 L.
1231 201 1363 230 xvlu.
1406 187 1466 231 al.
1506 203 1618 232 xvu.

1509 453 1719 493 HOMILIA
1740 455 1880 496 XVIII.

1204 574 1268 612 55.
1302 573 1446 612 Altera
1474 575 1536 613 die
1565 577 1698 614 iterum
1722 579 1848 615 stabat
1868 579 2068 629 Jonnnes,
2092 589 2127 618 et
2145 596 2192 619 et·

1258 635 1460 687 discipulis
1480 638 1561 689 ejus
1578 638 1666 676 duo.
1688 638 1753 676 56.
1770 639 1823 677 Et
1838 641 2041 690 respiciens
2057 642 2190 680 Jesum

1256 697 1536 746 ambulantem,
1557 700 1647 736 dicit
1666 716 1678 737 .·
1696 701 1798 738 Ecce
1812 715 1935 753 agnus
1951 703 2039 740 Dei.
2058 706 2121 742 57.
2138 706 2191 742 Et
2217 732 2222 740 .

1255 759 1462 797 audierunt
1481 773 1565 797 eum
1587 760 1664 798 dae
1693 762 1873 813 discipuli
1893 763 2128 815 loquentem,
2156 774 2191 803 et

1254 821 1408 871 sequuti
1427 830 1516 858 sune
1534 821 1682 859 Jesum.

1254 946 1288 981 1.
1311 944 1437 996 Segnis
1455 944 1559 997 plane
1575 954 1625 983 est
1644 945 1798 984 humana
1822 956 1948 985 natura
1960 977 1972 998 ,
1994 956 2027 986 et
2042 948 2087 986 ad
2110 964 2190 1002 per-

1199 1005 1326 1044 niciem
1346 1020 1476 1059 prona,
1493 1020 1563 1044 non
1583 1021 1629 1045 ex
1645 1007 1721 1060 ipsa
1741 1018 1874 1047 naturae
1892 1008 2110 1060 conditione,
2130 1010 2192 1049 sed

1199 1082 1244 1105 ex
1262 1068 1457 1107 voluntatis
1476 1067 1621 1120 ignavia
1639 1084 1646 1105 :
1662 1079 1876 1122 quapropter
1886 1070 1999 1108 multa
2016 1086 2105 1124 opus
2120 1072 2188 1109 ha-

1198 1129 1257 1167 bet
1268 1130 1472 1170 monitione.
1485 1132 1570 1172 Ideo
1581 1132 1713 1171 Paulus
1726 1131 2019 1184 Philippensibus
2028 1133 2185 1171 scribens

1197 1190 1338 1229 dicebat
1353 1208 1360 1228 :
1373 1194 1524 1231 Eadem
1535 1197 1714 1242 scribere,
1727 1195 1824 1231 mihi
1838 1195 1993 1245 quidem
2011 1208 2088 1231 non
2099 1209 2186 1247 gra-

1201 1266 1257 1298 ve,
1274 1255 1387 1296 vobis
1404 1264 1530 1293 aulem
1549 1264 1684 1292 tutum.
1706 1255 1797 1292 Nam
1813 1263 1905 1291 terra
1915 1255 2060 1305 quidem
2079 1257 2185 1294 semel

1195 1324 1356 1366 suscepto
1369 1316 1513 1365 semine,
1527 1317 1646 1354 statim
1658 1317 1795 1354 fructus
1806 1316 1953 1368 profert,
1969 1330 2081 1367 neque
2098 1318 2184 1356 alte-

1195 1389 1233 1411 ra
1244 1384 1322 1425 eget
1332 1377 1465 1414 satione
1478 1393 1485 1413 :
1499 1378 1534 1415 in
1546 1378 1663 1415 anima
1674 1386 1792 1415 autem
1806 1385 1923 1414 nostra
1935 1391 2004 1414 non
2015 1377 2063 1415 ita
2079 1392 2134 1416 res
2149 1393 2186 1417 sc

1194 1435 1319 1485 hahet5
1334 1437 1395 1475 sed
1410 1438 1567 1490 optabile
1583 1448 1633 1476 est
1648 1448 1687 1475 ut
1702 1447 1890 1490 postquam
1914 1439 2113 1488 frequenter
2128 1440 2184 1491 ja-

1196 1505 1292 1534 ctum
1306 1506 1357 1534 est
1373 1512 1509 1545 semen,
1529 1507 1562 1536 et
1587 1507 1666 1550 post
1687 1512 1854 1548 magnam
1877 1499 2076 1537 exhibitam
2098 1501 2183 1538 dili-

1195 1557 1368 1608 gentiam,
1389 1559 1496 1596 semel
1524 1559 1648 1597 saltem
1678 1559 1790 1611 possit
1820 1560 1977 1596 fructum
2004 1562 2178 1613 excipere.

1195 1618 1316 1657 Primo
1331 1619 1477 1670 quidem
1495 1634 1572 1671 quae
1587 1620 1758 1658 dicuntur
1771 1634 1839 1658 11011
1855 1621 1958 1657 facile
1972 1621 2182 1673 imprimun-

1194 1688 1252 1718 tur
1270 1681 1307 1720 in
1320 1681 1497 1731 animum,
1521 1681 1616 1733 quod
1635 1683 1748 1721 multa
1758 1683 1933 1720 substrata
1953 1683 1998 1721 sit
2016 1683 2180 1736 durities,

1192 1740 1387 1780 innumeris
1404 1743 1515 1795 spinis
1528 1743 1734 1781 obstruatur
1754 1743 1893 1793 anima,
1907 1744 2108 1795 multosque
2129 1746 2181 1785 in-

1192 1802 1377 1841 sidiatores
1387 1803 1516 1841 habeat
1527 1803 1591 1854 qui
1605 1818 1722 1841 semen
1736 1804 1926 1856 abripiant.
1939 1805 2076 1843 Deinde
2084 1817 2182 1859 post-

1191 1877 1299 1913 quam
1323 1863 1479 1902 infixum
1505 1879 1624 1903 semen
1648 1863 1785 1903 radices
1815 1864 1943 1916 egerit,
1978 1866 2101 1904 eadem
2132 1877 2182 1906 est

1191 1937 1280 1976 opus
1315 1924 1522 1976 diligentia,
1553 1935 1593 1963 ut
1623 1924 1669 1963 ad
1697 1925 1856 1976 vigorem
1886 1927 2094 1978 perveniant
2127 1944 2181 1967 se-

1190 1985 1306 2033 mina,
1327 1985 1509 2037 illaesaqne
1522 1995 1701 2035 maneant,
1722 2001 1835 2037 neque
1850 1986 2026 2026 laedantur
2047 1991 2092 2028 ab
2115 1991 2181 2029 ali-

1189 2061 1270 2097 quo.
1291 2048 1333 2085 In
1352 2048 1548 2086 seminibus
1566 2048 1660 2086 enim
1673 2062 1755 2085 eum
1781 2048 1876 2100 spica
1894 2050 2048 2102 perfecta
2061 2052 2178 2091 virtu-

1188 2117 1258 2146 tem
1276 2123 1378 2147 suam
1397 2109 1554 2162 accepit,
1578 2119 1703 2148 aestum
1721 2119 1932 2162 caeterasque
1949 2121 2063 2164 pestes
2093 2128 2176 2152 con-

1185 2169 1311 2207 temnit
1325 2185 1333 2205 :
1347 2169 1382 2207 in
1395 2169 1623 2222 dogmatibus
1639 2185 1724 2209 vero
1739 2184 1807 2209 non
1823 2171 1873 2209 sic
1881 2187 1893 2222 3
1915 2172 1978 2210 sed
1988 2183 2176 2224 postquam

1185 2239 1298 2268 totum
1317 2246 1406 2283 opus
1425 2231 1626 2284 impensum
1645 2241 1696 2270 est
1703 2263 1714 2283 7
1737 2233 1989 2285 superveniens
2012 2234 2125 2273 hiems
2135 2251 2176 2273 ac

1183 2300 1390 2345 tempestas,
1415 2292 1628 2330 difficultate
1655 2303 1944 2345 praeoccupante,
1964 2303 1997 2332 et
2024 2295 2173 2333 fraudu-

1183 2352 1287 2391 lentis
1296 2353 1505 2391 hominibus
1520 2352 1789 2398 insidiantibus,
1802 2353 2049 2404 ingruentibus
2065 2355 2173 2394 variis

1182 2413 1456 2464 tentationibus,
1479 2423 1594 2451 totum
1607 2413 1852 2451 labefactatur.
1876 2414 1960 2451 Haec
1977 2428 2083 2466 porro
2103 2430 2172 2454 non

1181 2474 1255 2512 sine
1274 2489 1379 2512 causa
1397 2489 1418 2511 a
1447 2473 1549 2512 nobis
1568 2473 1664 2511 dicta
1683 2482 1782 2522 sunt3
1802 2473 1865 2511 sed
1883 2483 1923 2511 ut
1950 2473 2039 2512 dum
2066 2476 2172 2515 audis

1180 2536 1353 2573 Joannem
1368 2533 1491 2571 eadem
1509 2533 1587 2585 ipsa
1607 2542 1841 2584 repetentem,
1861 2547 1905 2571 ne
1928 2536 2030 2585 quasi
2058 2550 2170 2588 nuga-

1179 2609 1256 2633 cem
1267 2595 1412 2633 damnes
1421 2625 1433 2644 ,
1449 2608 1561 2644 neque
1577 2593 1719 2631 inanem
1731 2608 1964 2634 onerosumve
1974 2597 2166 2637 existimes.

1120 2638 1167 2703 1324
1179 2656 1365 2696 Voluisset
1385 2655 1517 2707 quippe
1531 2655 1639 2692 semel
1649 2655 1816 2707 loquutus
1827 2655 1947 2695 audiri
1961 2658 2066 2708 :quia
2085 2675 2169 2699 vero

1177 2730 1247 2754 11011
1266 2716 1372 2753 multi
1390 2725 1490 2753 erant
1508 2715 1571 2766 qui
1602 2715 1708 2753 dictis
1735 2717 1856 2755 statim
1884 2719 2105 2759 attenderent
2123 2723 2168 2760 oh

1175 2776 1466 2824 somnolentiam,
1503 2776 1653 2828 repetita
1680 2791 1768 2816 voce
1800 2777 1881 2816 illos
1914 2782 2164 2832 expergefacit.

1174 2839 1195 2877 J
1199 2852 1255 2875 am
1291 2837 1351 2875 hic
1380 2836 1543 2875 attende:
1577 2836 1692 2888 dixit,
1730 2839 1808 2890 Qui
1833 2849 1920 2891 post
1943 2856 2002 2880 me
2038 2847 2140 2882 venit
2156 2875 2164 2891 ,

1174 2908 1266 2937 ante
1282 2899 1488 2952 mefaetus
1507 2907 1587 2944 est;
1610 2907 1659 2947 et,
1688 2900 1779 2937 Non
1809 2914 1892 2938 sum
1925 2904 2066 2955 dignus
2090 2907 2165 2943 sol-

1178 2974 1260 2997 vere
1277 2962 1482 3010 corrigiam
1511 2959 1767 2998 calceamenti
1795 2963 1898 3013 ejus;
1930 2972 1974 3011 et,
1994 2967 2081 3015 Ipse
2102 2981 2165 3005 νος

1176 3022 1388 3072 baptizabit
1407 3023 1446 3058 in
1471 3020 1612 3073 Spiritu
1639 3030 1774 3059 sancto
1803 3031 1839 3061 et
1868 3025 1970 3076 igni,
1999 3027 2164 3078 quodque

1174 3081 1306 3120 viderit
1325 3081 1502 3134 Spiritum
1539 3082 1812 3121 descendentem
1835 3084 1925 3123 sieut
1943 3087 2159 3136 columbam,

1149 1325 1174 1354 D

1174 3159 1207 3187 et
1235 3158 1435 3188 manentem
1454 3164 1559 3203 super
1578 3164 1659 3188 eum
1668 3166 1680 3202 3
1699 3160 1733 3189 et
1752 3152 1960 3192 testificatus
1989 3164 2039 3192 cst
2068 3156 2164 3206 quod

1175 3216 1249 3268 ipse
1267 3225 1354 3254 esset
1374 3215 1489 3254 Filius
1507 3216 1573 3254 Dei
1594 3232 1600 3252 :
1624 3230 1725 3255 nemo
1744 3219 1912 3268 attendit,
1935 3234 2036 3259 nemo
2056 3221 2162 3260 inter-

1196 3348 1209 3363 ῑ·
1227 3337 1341 3370 Morcl.
1359 3344 1401 3379 μὴ
1420 3342 1631 3381 ἀπειροκαλίαν·
1650 3342 1739 3372 αὐτοῦ
1756 3350 1916 3382 καταγυῲς,

1178 3390 1191 3404 ‘
1210 3391 1219 3431 Ῐ
1239 3396 1296 3431 εἰμί
1314 3388 1415 3422 Sat-il.
1433 3396 1464 3421 et
1481 3388 1590 3421 Codd.
1615 3390 1752 3431 nostri]

2201 1216 2294 1255 1⁷71qu

2203 1267 2214 1287 1
2223 1280 2230 1287 .

2298 1228 2336 1255 ψ.
2355 1216 2385 1246 3.

2211 2562 2271 2589 Cur
2281 2563 2373 2591 ,105111-

2184 2614 2234 2631 nes
2285 2605 2369 2642 Bapt.

2184 2647 2285 2674 eadem
2311 2647 2371 2684 ipsa

2185 2694 2305 2725 repetat.

2184 2977 2293 3004 Jlaelllh.
2315 2978 2330 3005 3

2185 3025 2229 3044 Ιῐ.
