2481 3678
722 173 763 201 m
796 174 1004 204 JOANJxEM
1045 175 1198 205 11031112.
1236 177 1357 205 xmv.
1397 160 1458 204 al.
1498 177 1619 206 xt1111.

2117 185 2203 230 207

131 253 188 296 τῆς
218 254 350 302 φωνῆς,
384 253 579 302 τρυφῶντες
606 253 681 302 εἰκῇ
714 254 772 291 καὶ
805 254 931 303 μάτην,
956 255 1014 292 καὶ
1037 255 1208 293 mxxv-'³⁹³
1220 256 1302 304 tias,
1327 264 1527 292 accuratam
1558 255 1822 307 philosophiam
1854 267 2037 307 sectemur,
2060 271 2098 297 ut
2125 276 2206 312 pro-

126 311 331 361 συνοίγοντες
351 314 484 354 ἑαυτοῖς
503 311 742 362 ἁμαρτήματα
760 342 768 358 ,
788 315 845 351 τὸν
863 317 974 361 ἀληθῆ
1002 317 1151 352 πλοῦτον

125 371 286 422 ἑλώμεθα
306 371 364 409 καὶ
385 371 448 418 τὴν
465 372 592 424 ἀκριθῆ
606 374 821 426 φιλοσοφίαν,
841 369 932 412 ὥστε
952 381 1069 426 τυχεῖν
1082 378 1152 412 τῶν

124 432 393 483 ἐπηγγελμένων
426 433 575 482 ἀγαθῶν·
604 426 652 470 ὦν
670 434 803 484 γένοιτο
828 435 960 478 πάντας
977 438 1071 484 ἡμᾶς
1091 450 1153 484 με·

123 499 278 544 τασχεῖν,
301 492 420 544 χάριτι
448 493 505 530 καὶ
533 495 774 546 φιλανθρωπίᾳ
804 498 863 531 τοῦ
896 494 1024 545 Κυρίου
1051 496 1151 543 ἡμῶν

124 551 239 598 Ἰησοῦ
262 554 428 602 Χριστοῦ,
451 555 492 590 δι’
513 548 550 590 οῧ
571 555 629 591 καὶ
653 556 728 604 μεθ’
748 550 787 592 οῧ
806 557 855 604 τῷ
874 553 990 604 Πατρὶ
1008 556 1029 598 ἡ
1053 553 1150 600 δόξα,

122 612 197 661 ἅμα
222 615 271 664 τῷ
301 612 390 665 ἁγίῳ
416 613 617 663 Πνεύματι,
638 618 694 651 νῦν
716 615 774 652 καὶ
803 614 878 660 ἀεὶ,
908 613 966 650 καὶ
996 615 1043 656 εἷς
1073 612 1150 656 τοὺς

124 674 254 716 αἰῶνας
275 677 342 711 τῶν
366 673 512 712 αἰώνων.
537 674 657 724 Ἀμήν.

1175 291 1199 319 Α

1221 316 1325 353 missa
1358 330 1614 366 consequamur
1644 317 1761 365 hona;
1786 332 1939 368 quorum
1970 320 2105 358 utinam
2127 336 2207 360 con-

1222 385 1331 413 sortes
1351 375 1478 425 simus,
1500 377 1613 427 gratia
1635 386 1667 414 et
1693 377 1913 429 benignitate
1934 381 2081 418 Domini
2098 385 2207 420 nostri

1220 437 1303 474 Jesu
1326 435 1471 484 Christi,
1488 451 1550 488 per
1571 452 1676 488 quem
1705 447 1738 475 ct
1763 453 1845 476 cum
1864 454 1935 490 quo
1960 440 2055 478 Patri
2082 442 2208 491 gloria,

1221 510 1360 546 unaque
1379 505 1501 534 sancto
1522 497 1686 549 Spiritui,
1703 513 1797 537 nunc
1816 509 1850 537 et
1869 514 2021 553 semper,
2039 502 2123 540 etin
2141 518 2206 541 εοε-

1222 556 1301 593 cula
1321 556 1545 594 saeculorum.
1564 560 1689 595 Amen.

491 946 667 984 OMtAlA
699 944 767 995 με.

1530 950 1739 989 HOMILIA
1762 951 1896 991 XLIV.

120 1065 306 1118 Ἀπεκρίθη
330 1069 444 1111 αὐτοῖς
463 1072 480 1105 ὁ
508 1068 642 1114 Ἰησοῦς
659 1097 668 1114 ,
694 1069 753 1106 καὶ
775 1062 868 1105 εἶπεν
888 1085 894 1091 ·
916 1069 1025 1120 ἀμὴν,
1055 1070 1150 1120 ἀμὴν
1177 1077 1199 1106 Β
1224 1071 1314 1109 CAP.
1338 1073 1403 1111 VI.
1426 1087 1462 1109 v.
1484 1074 1546 1111 96.
1569 1075 1778 1126 Respondit
1805 1078 1857 1112 eis
1878 1076 1991 1112 Jeszes
2015 1084 2051 1112 et
2081 1076 2178 1113 dixit
2198 1092 2208 1111 .·

171 1128 263 1179 λέγω
281 1131 376 1178 ὑμῖν,
402 1128 537 1175 ζητεῖτε’
557 1145 613 1179 με,
633 1130 699 1180 οὐχ
714 1129 767 1166 ὅτι
783 1129 889 1166 εἴδετε
910 1136 1053 1180 σημεῖα,
1073 1133 1150 1168 ἀλλ’

171 1188 225 1225 ὅτι
245 1189 392 1240 ἐφάγετε
411 1191 449 1227 ἐκ
469 1193 537 1227 τῶν
558 1190 688 1241 ἀρτων,
717 1189 775 1227 καὶ
799 1190 1045 1242 ἐχορτάσθητε.
1064 1191 1152 1244 Ἐρ-

172 1250 315 1300 γάζεσθε
343 1251 390 1300 μὴ
418 1251 480 1297 τὴν
517 1254 646 1302 βρῶσιν
669 1252 732 1298 τὴν
767 1252 1029 1301 ἀπολλυμένην,
1062 1253 1151 1290 ἀλλὰ

170 1311 234 1357 τὴν
258 1313 388 1362 βρῶσιν
407 1311 470 1358 τὴν
493 1311 662 1361 μένουσαν
685 1314 732 1355 εἷς
755 1312 846 1358 ζωὴν
868 1312 1017 1350 αἰώνιον.

169 1508 221 1546 Τὸ
233 1507 405 1560 προσηνὲς
420 1508 479 1546 καὶ
497 1511 589 1546 λεῖον
608 1508 644 1546 οὐ
661 1512 843 1559 πανταχοῦ
861 1508 1049 1560 ιχνρήσιμον,
1068 1510 1144 1546 ἀλλ’

114 1569 207 1606 ἔστιν
232 1568 288 1606 ὅτε
315 1569 373 1606 καὶ
393 1572 452 1606 τοῦ
472 1568 760 1620 πληκτικωτέρου
783 1570 832 1606 δεῖ
857 1574 906 1621 τῷ
927 1570 1146 1621 διδασκάλῳ.

114 1629 229 1668 εὈταν
248 1630 315 1682 γὰρ
345 1631 454 1677 νωθὴς
480 1625 502 1682 ᾗ
522 1633 538 1668 ὃ
559 1630 717 1680 μαθητὴς
744 1630 802 1667 καὶ
828 1629 960 1682 παχὺς,
984 1636 998 1651 ¹²
1013 1630 1144 1683 κέντρῳ

114 1694 267 1742 χρῆσθαι
286 1691 370 1742 πρὸς
387 1691 486 1728 αὐτὸν
502 1691 623 1729 λοιπὸν
639 1690 708 1742 χρὴ
723 1720 732 1734 ,
750 1690 841 1728 ὥστε
857 1693 918 1736 τῆς
934 1693 1066 1737 πολλῆς
1083 1707 1145 1729 κα-

113 1751 269 1789 θικέσθαι
288 1751 441 1794 νωθείας.
462 1753 577 1789 Τοῦτο
597 1751 687 1789 καὶὸ
711 1751 790 1794 Υἱὸς
808 1755 868 1788 τοῦ
888 1753 980 1789 Θεοῦ
996 1751 1145 1798 πεποίη-

113 1828 185 1860 κεν,
203 1813 357 1864 ἀλλαχοῦ
375 1828 412 1849 τε
434 1814 613 1864 πολλαχοῦ
629 1843 639 1859 ,
660 1812 719 1849 καὶ
739 1813 772 1849 ἐν
792 1814 841 1864 τῷ
860 1813 1008 1864 παρόντι
1028 1812 1142 1865 τόπῳ.

1275 1132 1420 1179 Amen,
1448 1148 1563 1171 amen
1581 1136 1667 1171 dico
1687 1137 1813 1182 vobis,
1833 1138 2004 1188 quoeritis
2031 1151 2102 1182 me,
2133 1150 2211 1173 non

1276 1196 1370 1244 quia
1406 1195 1560 1232 vidistis
1590 1198 1715 1247 signa,
1739 1197 1807 1234 sed
1824 1199 1915 1248 quia
1947 1198 2210 1235 manducastis

1275 1269 1322 1292 ex
1339 1257 1519 1306 panibus,
1540 1265 1574 1294 et
1589 1260 1756 1294 saturati
1769 1260 1872 1295 estis.
1898 1259 1963 1295 2⁵27.
1993 1260 2211 1310 operemini

1275 1328 1352 1351 non
1379 1317 1506 1353 cibum
1541 1319 1607 1368 qui
1623 1320 1736 1369 perit,
1759 1318 1827 1356 sed
1857 1321 1924 1369 qui
1943 1328 2144 1370 permanet
2169 1322 2210 1356 in

1279 1379 1408 1414 vitam
1429 1386 1624 1415 (eternam.

1273 1507 1308 1544 1.
1329 1506 1523 1546 Clementia
1542 1517 1575 1546 et
1600 1507 1727 1548 lenitas
1756 1524 1825 1548 non
1856 1511 1990 1562 ubique
2011 1512 2110 1550 utilis
2133 1522 2183 1551 est
2199 1544 2207 1554 .,

1217 1567 1277 1606 sed
1286 1568 1465 1606 interdum
1482 1569 1649 1621 magister
1664 1572 1798 1609 acriore
1813 1586 1901 1624 opus
1914 1573 2021 1610 habet
2037 1588 2206 1612 sermone.

1216 1631 1309 1667 Nam
1324 1645 1406 1668 cum
1417 1631 1568 1682 ignavus
1583 1632 1802 1684 crassiorque
1819 1643 1870 1671 est
1884 1633 2097 1686 discipulus,
2112 1645 2210 1673 uten-

1216 1691 1303 1729 dum
1319 1692 1478 1742 stimulo,
1496 1693 1558 1744 qui
1576 1703 1710 1732 tantam
1730 1695 1912 1746 ignaviam
1926 1706 2074 1748 pungat.
2091 1697 2132 1734 ld
2151 1698 2210 1735 hic

1216 1761 1250 1790 et
1268 1752 1354 1790 alibi
1377 1767 1472 1805 saepe
1489 1755 1571 1792 fecit
1594 1755 1708 1792 Filius
1737 1756 1814 1794 Dei.
1838 1757 2096 1795 Accedentibus
2115 1759 2210 1796 enim

1215 1812 1258 1851 ad
1296 1815 1420 1853 Jesum
1452 1815 1582 1865 turbis,
1623 1816 1875 1866 adulantibus,
1908 1817 2182 1870 dicentibusque
2198 1836 2205 1855 z

113 1873 308 1912 Ἐλθόντων
331 1873 398 1924 γὰρ
422 1876 490 1911 τῶν
513 1874 628 1924 ὄχλων
653 1873 712 1911 καὶ
728 1873 896 1925 εὑρόντων
913 1874 971 1911 τὸν
993 1874 1144 1921 Ἰησοῦν,
1172 1881 1195 1912 C
1218 1877 1359 1923 Rabbi,
1383 1878 1540 1929 quando
1560 1880 1634 1916 huc
1662 1882 1823 1918 venisti?
1841 1888 1879 1916 ut
1901 1880 2061 1918 ostendat
2081 1895 2116 1918 se
2137 1881 2206 1919 ho—

112 1935 171 1972 καὶ
188 1934 445 1973 κολακευόντων
463 1934 578 1979 αὐτὸν,
596 1934 654 1971 καὶ
673 1934 844 1985 λεγόντων
860 1949 867 1957 ·
890 1934 1038 1981 εΡαῧὸὶ,
1060 1935 1146 1974 πότε

112 1990 179 2033 ὧδε
211 1996 376 2047 γέγονας,
411 1994 542 2037 δεικνὺς
568 1994 620 2032 ὅτι
650 1998 713 2040 τῆς
745 1995 842 2046 παρὰ
872 1995 1062 2048 ἀνθρώπων
1083 1999 1145 2034 οὐκ

113 2057 247 2109 ἐφίεται
272 2059 376 2107 τιμῆς
390 2086 398 2102 ,
423 2058 498 2094 ἀλλ’
520 2056 555 2093 ἓν
576 2056 677 2105 μόνον
694 2059 770 2107 ὁρᾷ,
790 2056 853 2102 τὴν
881 2056 1056 2108 σωτηρίαν
1077 2059 1143 2095 αὖ-

111 2121 193 2164 τῶν,
228 2119 490 2163 ε’πιπληκτικῶς
522 2117 637 2159 αὐτοῖς
672 2116 918 2168 ἀποκρίνεται·
953 2119 990 2155 οὗ
1028 2118 1138 2169 ταύτῃ

113 2179 216 2229 μόνον
247 2180 432 2229 διορθῶσαι
454 2177 681 2229 βουλόμενος,
708 2178 798 2215 ἀλλὰ
826 2178 884 2215 καὶ
910 2182 960 2230 τῷ
979 2179 1043 2226 τὴν
1064 2178 1141 2217 διοί-

111 2255 206 2277 νοιαν
223 2241 335 2277 αὐτῶν
355 2238 551 2290 ἐκκαλύψαι
569 2238 628 2276 καὶ
645 2240 691 2280 εἷς
709 2238 814 2288 μέσον
835 2241 990 2290 ἀγαγεῖν.
1006 2239 1054 2277 Τί
1074 2239 1141 2290 γάρ

113 2316 240 2352 φησιν,
281 2300 401 2351 Ἀμὴν,
440 2299 534 2350 ἀμὴν
562 2299 654 2351 λέγω
693 2302 794 2349 ὑμῖν·
835 2300 924 2350 μετὰ
959 2302 1140 2352 διορισμοῦ

113 2366 172 2399 καὶ
193 2361 434 2413 βεὲαιιῖηεως·
470 2361 605 2407 ζητεῖτέ
636 2377 702 2412 με,
739 2363 804 2413 οὐχ
839 2361 892 2399 ὅτι
930 2361 1038 2400 εἴδετε
1072 2378 1141 2408 ση-

115 2429 221 2472 μεῖα,
251 2425 327 2460 ἀλλ’
349 2422 402 2461 ὅτι
432 2423 579 2473 ἐφάγετε
610 2424 648 2459 ἐκ
684 2425 753 2459 τῶν
793 2422 919 2473 ἄρτων,
952 2423 1010 2460 καὶ
1034 2425 1141 2476 ἐχορ-

113 2483 277 2530 τάσθητε.
297 2483 456 2528 Πληττει
492 2482 552 2532 μὲν
574 2481 735 2533 τῷλόγῳ
773 2482 832 2519 καὶ
871 2482 1032 2534 ἐλέγχει,
1064 2485 1141 2520 ἀλλ’

114 2546 176 2581 οὐκ
204 2543 389 2593 ἀποτόμως
414 2543 474 2580 καὶ
494 2542 628 2594 σφόδρα
643 2571 652 2588 ,
692 2541 782 2579 ἀλλὰ
816 2542 906 2592 μετὰ
923 2545 1060 2589 πολλῆς
1079 2546 1141 2588 τῆς

114 2606 249 2656 φειδοῦς
269 2609 370 2642 τοῦτο
405 2606 528 2642 ποιῶν.
552 2604 605 2641 Οὔ
641 2603 707 2654 γὰρ
748 2597 856 2649 εἶπεν,
888 2597 916 2641 ‹T›
951 2605 1141 2656 λαίμαργοι

1218 1952 1318 1976 nores
1340 1948 1562 1978 contemnere
1577 1941 1779 1991 hominum,
1801 1950 1834 1979 et
1857 1956 1981 1979 eorum
1996 1951 2134 1981 tantum
2152 1958 2206 1981 sa-

1216 1997 1327 2037 lutem
1339 2009 1511 2052 spectare,
1525 2002 1684 2054 asperius
1698 2003 1898 2055 respondet,
1913 2018 1982 2041 non
1999 2013 2037 2041 ut
2052 2005 2206 2057 corrigat

1216 2061 1322 2098 modo
1329 2076 1339 2110 3
1355 2061 1413 2098 sed
1436 2071 1476 2098 ut
1493 2076 1617 2100 eorum
1637 2073 1791 2101 mentem
1806 2065 1935 2102 revelet
1952 2065 2031 2102 etin
2045 2066 2206 2104 medium

1214 2122 1352 2159 referat.
1372 2122 1472 2168 Quid
1494 2123 1589 2161 enim
1611 2124 1660 2161 ait
1674 2125 1692 2161 ‚³
1715 2125 1861 2172 Amen,
1886 2140 2000 2163 amen
2026 2128 2111 2165 dico
2138 2142 2205 2166 vo-

1215 2184 1285 2228 bis,
1303 2182 1507 2221 definientis
1522 2193 1555 2221 et
1570 2185 1784 2223 affirmantis
1807 2200 1917 2235 more,
1939 2190 2109 2239 quaeritis
2129 2204 2200 2236 me,

1214 2257 1292 2280 non
1312 2247 1405 2296 quia
1419 2246 1575 2283 vidistis
1588 2248 1713 2297 signa,
1736 2247 1804 2284 sed
1815 2249 1908 2298 quia
1924 2250 2142 2287 comedistis
2156 2251 2203 2287 de

1208 2306 1390 2355 panibus,
1414 2314 1450 2342 et
1469 2309 1638 2343 saturati
1657 2309 1759 2344 estis.
1784 2308 1862 2344 Non
1885 2308 1931 2344 ita
1954 2309 2199 2357 vehementer,

1212 2364 1273 2401 sed
1292 2379 1373 2402 eum
1390 2365 1612 2417 indulgentia
1632 2367 1717 2417 agit.
1734 2369 1814 2404 Non
1837 2368 1930 2404 enim
1945 2368 2061 2406 dixit:
2077 2371 2108 2407 Ο
2124 2371 2201 2408 lur—

1211 2439 1325 2474 cones,
1344 2440 1364 2462 o
1384 2426 1550 2466 voraces!
1580 2436 1628 2464 tot
1650 2428 1819 2465 miracula
1842 2428 1953 2474 cdidj‚
1978 2444 2040 2467 nec
2061 2433 2199 2482 sequuti

1211 2501 1286 2535 me,
1309 2500 1372 2523 nec
1388 2487 1553 2538 prodigia
1579 2487 1744 2525 admirati
1773 2488 1876 2537 estis,
1897 2489 1959 2527 sed
1984 2491 2199 2530 moderatius

1211 2556 1244 2583 et
1273 2547 1494 2596 clementius,
1521 2548 1699 2597 Quaeritis
1726 2563 1798 2595 me,
1826 2564 1903 2587 non
1932 2554 2025 2603 quia
2043 2554 2199 2591 vidistis

1210 2611 1334 2659 signa,
1358 2610 1426 2647 sed
1457 2611 1550 2659 quia
1570 2611 1785 2648 comedistis
1809 2612 1856 2648 de
1881 2615 2062 2663 panibus,
2085 2623 2121 2652 et
2136 2629 2198 2653 sa-

113 2666 172 2703 καὶ
191 2666 433 2717 γαστρίδουλοι
446 2696 454 2712 ,
474 2669 627 2702 τοσαῦτα
647 2664 980 2716 ε’θαυματούργησα,
1001 2665 1059 2703 καὶ
1080 2669 1141 2701 οὐ-
1166 2666 1190 2694 D
1212 2671 1331 2706 turati
1356 2672 1460 2719 estis,
1484 2683 1553 2707 non
1581 2669 1626 2707 de
1656 2672 1845 2723 praeteritis
1864 2673 1991 2723 solum,
2012 2675 2073 2713 sed
2093 2676 2199 2714 etiam

114 2728 224 2777 δαμοῦ
254 2725 331 2764 οὔτε
360 2724 640 2772 ἦκολουθησατε,
660 2724 737 2762 οὔτε
758 2725 978 2776 ἐθαυμάσατε
1010 2725 1054 2762 τὰ
1079 2741 1138 2776 γε-

113 2787 303 2838 γενημένα·
325 2787 414 2825 ἀλλὰ
433 2788 615 2838 προσηνῶς
635 2785 725 2823 οὕτω
741 2802 814 2829 πως
833 2787 893 2824 καὶ
909 2786 1047 2838 ἠρέμα,
1066 2788 1141 2832 Ζη-

113 2849 205 2886 τεῖτέ
230 2865 294 2899 με,
313 2851 377 2900 οὐχ
391 2848 444 2886 ὅτι
465 2847 574 2886 εἴδετε
591 2852 722 2898 σημεῖα
735 2875 744 2892 ,
765 2849 841 2885 ἀλλ’
862 2847 916 2886 ὅτι
937 2849 1082 2899 ἐφάγετε
1102 2848 1142 2883 ἐκ

114 2912 182 2947 τῶν
200 2910 325 2962 ἄρτων,
345 2910 404 2947 καὶ
419 2908 655 2961 ἐχορτάσθητε
671 2924 678 2930 ·
699 2910 736 2946 οὐ
760 2909 838 2960 περὶ
857 2911 926 2946 τῶν
947 2907 1140 2960 παρελθόν-

114 2986 183 3007 των
204 2971 319 3021 μόνον,
349 2969 439 3008 ἀλλὰ
471 2969 530 3007 καὶ
561 2969 642 3021 περὶ
673 2974 734 3007 τοῦ
763 2969 932 3021 παρόντος
962 2968 1140 3019 ι)σημείου

115 3030 303 3083 ἐμφαίνων.
335 3030 529 3082 Μονονουχὶ
555 3030 622 3082 γὰρ
648 3034 749 3068 τοῦτο
767 3030 882 3082 λέγει,
919 3031 961 3067 δι’
991 3023 1038 3066 ὧν
1059 3029 1142 3080 πρὸς

116 3097 238 3141 αὐτοὺς
258 3097 497 3136 ἀποτείνεται·
519 3101 556 3135 οὐ
582 3096 621 3134 τὸ
648 3101 764 3147 θαῦμα
793 3099 882 3148 ὑμᾶς
911 3095 1076 3143 ἐξέπληξε
1102 3095 1142 3133 τὸ

116 3161 173 3202 ἐπὶ
201 3171 272 3209 τοῖς
300 3165 438 3218 ἄρτοις,
460 3165 550 3203 ἀλλὰ
580 3165 619 3203 τὸ
648 3166 907 3215 ἐμπλησθῆναι.
933 3163 1002 3202 Καὶ
1020 3163 1074 3202 ὅτι
1099 3165 1137 3201 οὗ

160 3300 173 3314 ²·
198 3290 301 3324 Savil.
326 3297 437 3338 κέντρῳ
463 3297 610 3338 διεγείρειν
636 3298 724 3329 αὐτόν
750 3298 778 3328 λ.
797 3310 828 3337 χ.
849 3293 915 3335 [Et
941 3293 987 3326 ita
1009 3291 1118 3326 Codd.

115 3343 248 3384 nostri]

1209 2729 1253 2767 de
1274 2730 1435 2781 praesenti
1457 2730 1556 2781 signo
1573 2731 1743 2782 loquens;
1760 2747 1801 2771 ac
1816 2733 1845 2771 si
1867 2734 1999 2773 diceret
2016 2752 2023 2772 z
2041 2738 2119 2775 'Non
2135 2753 2198 2777 vos

1209 2790 1422 2828 miraculum
1440 2792 1609 2843 perculit,
1632 2793 1695 2831 sed
1711 2794 1796 2845 quia
1812 2796 1961 2833 saturati
1983 2797 2065 2836 estis
2077 2828 2086 2845 ‚
2101 2813 2198 2837 acce-

1208 2852 1304 2890 ditis.
1329 2852 1438 2899 Quod
1455 2863 1572 2892 autem
1594 2854 1684 2893 illud
1704 2870 1774 2893 non
1794 2871 1857 2908 per
1878 2859 2115 2910 conjecturam
2135 2860 2195 2898 di—

1210 2923 1321 2963 ceret,
1341 2914 1463 2952 statim
1484 2915 1539 2952 illi
1567 2916 1808 2956 ostenderunt.
1831 2920 1924 2957 Nam
1950 2920 2029 2959 ideo
2051 2937 2196 2960 rursum

1209 2985 1442 3026 accesserunt,
1460 2985 1499 3013 ut
1515 2976 1638 3015 eodem
1653 2979 1853 3018 fruerentur
1871 2981 1975 3019 bono.
1997 2983 2080 3021 Ideo
2096 2999 2196 3022 nam-

1209 3051 1276 3088 que
1291 3036 1472 3075 dicebant:
1487 3040 1626 3077 Patres
1647 3043 1768 3078 nostri
1787 3044 2033 3081 comederunt
2049 3059 2195 3084 manna
2209 3072 2239 3091 v,
2256 3062 2306 3091 3,,

1209 3101 1252 3135 in
1280 3099 1442 3136 deserto.
1473 3099 1610 3138 Rursus
1642 3102 1819 3139 carnalem
1849 3103 1971 3141 cibum
2001 3115 2193 3157 expetunt,

1210 3173 1285 3197 rem
1311 3173 1393 3198 sane
1421 3160 1535 3198 multa
1566 3163 1836 3214 reprehensione
1867 3163 2026 3215 dignam.
2058 3168 2194 3205 Verum

1233 3292 1248 3315 ¹¹
1272 3290 1373 3323 Sav'll·
1390 3292 1446 3333 [et
1469 3289 1578 3324 Codd.
1598 3295 1724 3336 nostri]
1748 3301 1867 3337 σημείου
1897 3299 1997 3337 λέγων.
2024 3299 2054 3329 οὗ
2078 3303 2135 3342 γὰρ
2161 3305 2194 3332 τὸ

1190 3348 1288 3386 θαῦμα
1303 3347 1329 3376 θ.
1346 3347 1386 3382 ἐξ.
1406 3350 1484 3387 φησί.
