2522 3683
79 356 258 395 Luat-‚1244

80 466 188 492 Mam.
211 474 259 493 ει,

81 515 124 533 io.

75 1884 186 1913 alaim.
210 1891 259 1911 21.

79 1933 123 1951 ιι,

79 2624 168 2649 Jmm.
181 2621 266 2659 5-39.

84 2832 219 2870 Z11(ll.9.
237 2841 265 2870 9.

90 3462 170 3490 Pml.
191 3459 219 3487 ὃ.
240 3458 267 3487 3.

189 903 201 923 ἡ,
234 909 238 913 ,
276 883 430 911 maverat
456 874 580 924 Isaias,
611 875 757 915 dicens:

191 939 213 952 Ἠ
234 951 237 954 -
276 929 406 963 visum
424 930 593 978 recipite.
617 930 671 965 Et
691 931 776 980 quis
802 944 948 977 czecus,
971 932 1138 983 nisisilii
1155 935 1259 969 mei?

274 270 365 314 010

275 357 403 391 cerent,
422 350 651 387 Benedictus
669 354 734 402 qni
749 354 859 388 venit
884 354 924 387 in
953 355 1106 390 nomino
1120 354 1254 390 Domi-

276 403 316 437 ni
332 417 344 445 ,·
363 404 403 437 in
429 402 589 439 excelsis
604 403 743 453 gloria,
764 413 797 440 et
815 406 856 440 in
877 413 979 441 terra
1001 418 1107 456 paxu
1129 405 1256 443 civitas

275 453 564 491 commovebatur
578 454 699 492 dicens
715 471 722 491 z
746 458 838 506 Quis
851 465 904 494 est
923 458 985 494 hic
1001 462 1017 494 P
1038 466 1077 494 ut
1091 471 1135 495 ex
1154 458 1257 495 caeci—

275 515 343 542 tate
370 506 545 544 invidiam
568 517 687 545 contra
710 508 853 546 Domini
881 509 1032 559 gloriam
1052 510 1255 548 concitaret.

275 558 464 596 Civitatem
493 574 574 597 cum
600 560 722 608 audis,
753 570 906 598 veterem
938 562 1038 599 illam
1069 577 1258 615 synagogae

274 611 490 649 inconditam
510 613 650 649 turbam
672 613 841 663 intellige.
864 614 999 665 Ingrati
1029 614 1082 652 illi
1103 616 1256 653 interro-

274 673 356 711 gant
376 693 385 711 ‚
409 667 502 714 Quis
518 673 571 702 est
596 667 657 702 lzic
672 670 688 702 Ρ
707 680 747 702 ae.
769 667 796 703 si
819 666 975 704 nondum
1001 667 1174 706 vidissent
1192 669 1257 706 Be-

274 717 485 753 nefactorem
505 716 638 754 divinis
659 718 839 755 miraculis
864 719 1050 757 celebrem.
1065 722 1144 758 Non
1164 720 1257 759 enim

273 768 614 820 comprehendebant
634 770 783 808 tenebrae
800 772 916 809 lucem
935 773 969 810 in
987 773 1096 825 adyto
1120 775 1258 825 fulgen-

274 830 354 859 tem.
375 822 617 868 Quamobrem
631 822 764 861 directe
782 824 829 862 ad
848 825 927 862 illos
940 826 1016 878 jam
1036 826 1121 864 olim
1143 827 1257 864 excla-

783 877 932 915 Andite
959 880 1080 921 surdi,
1105 889 1141 916 et
1169 883 1260 916 coeci

274 987 311 1015 et
336 982 402 1030 qui
426 981 533 1017 surdi
544 1010 554 1026 ‚
582 983 656 1018 nisi
674 984 740 1034 qui
770 984 1024 1021 dominantur
1046 998 1177 1022 eorum
1192 989 1208 1020 P
1223 993 1259 1020 et

276 1035 455 1069 occoecati
467 1042 555 1070 sunt
577 1036 677 1070 servi
692 1035 777 1072 Dei.
802 1036 960 1072 Vidistis
981 1050 1077 1087 scepe
1091 1067 1098 1079 ‚
1126 1045 1162 1073 et
1183 1050 1259 1072 non

276 1086 523 1123 observastis:
539 1089 679 1136 apertis
695 1089 852 1124 auribus
869 1102 946 1123 non
964 1089 1137 1126 (uidistis.
1152 1088 1260 1127 Vide-

274 1136 319 1173 tis
335 1166 344 1184 ,
368 1138 494 1174 fratres
509 1168 518 1184 ,
544 1138 735 1175 verborum
766 1139 1052 1176 accurationem?
1083 1140 1259 1191 quomodo

274 1189 460 1241 perspicax
471 1189 531 1227 ille
546 1189 691 1227 divinus
701 1190 857 1242 Spiritus
871 1206 933 1242 per
946 1201 1081 1231 sanctos
1094 1207 1175 1230 suos
1191 1193 1260 1230 sic-

273 1250 312 1278 ut
338 1242 522 1292 praesentia
550 1242 669 1279 futura
684 1243 882 1294 prcedicat?
901 1243 1081 1283 Videbant
1097 1246 1192 1283 enim
1207 1245 1259 1283 in-

274 1295 379 1344 grati,
395 1303 427 1330 et
446 1309 509 1346 per
523 1295 622 1346 signa
639 1296 892 1333 miraculorum
911 1306 1127 1348 patratorem
1145 1300 1260 1336 Deum

273 1347 374 1397 quasi
390 1348 554 1385 manibus
573 1348 776 1398 tangebant,
790 1358 823 1386 ct
845 1349 881 1386 in
898 1349 1144 1388 incredulitate
1160 1365 1260 1389 man—

273 1404 392 1436 serunt
411 1415 417 1435 :
434 1400 597 1438 viderant
623 1415 755 1438 caccum
792 1410 927 1451 natum,
944 1402 1063 1441 visum
1090 1404 1262 1455 recepisse

273 1461 306 1489 et
321 1453 515 1490 Dominum
531 1453 780 1505 preedicavissc
799 1470 805 1490 ε
825 1453 985 1492 viderant
1006 1456 1259 1508 paralyticum,

273 1505 334 1555 qui
357 1505 392 1542 in
414 1505 480 1543 hac
500 1506 708 1543 infirmitate
723 1506 831 1544 vitam
853 1508 1067 1547 contriverat
1085 1509 1159 1546 solo
1181 1511 1256 1561 jus-

1249 273 1423 302 sptium.

1326 369 1408 399 των,
1429 352 1671 418 Εὐλογημένος
1692 356 1709 390 ὁ
1730 352 1916 405 ἐρχόμενος
1932 354 1967 390 ἐν
1984 353 2128 403 ὀνόματι
2149 353 2276 405 Κυρίου
2293 370 2298 376 ·
2319 357 2351 392 ἐν

1326 405 1482 457 ὑψίστοις
1499 404 1578 448 δοξα
1591 435 1599 449 ,
1618 405 1676 442 καὶ
1691 405 1746 442 ἐπὶ
1763 408 1826 456 γῆς
1843 405 1963 458 εἰρήνη
1978 421 1985 428 ·
1999 408 2020 451 ἡ
2037 405 2136 448 πόλις
2153 405 2280 443 ἐσείετο
2295 407 2353 444 λέ-

1329 472 1450 509 γουσα·
1471 457 1535 500 Τίς
1563 459 1654 495 ἐστιν
1686 451 1799 505 οὗτος,
1829 457 2086 509 πεπωρωμένον
2117 458 2236 509 φθόνον
2264 458 2354 496 κατὰ

1329 513 1390 555 τῆς
1420 515 1479 548 τοῦ
1505 509 1683 548 Δεσπότου
1715 508 1812 556 δόξης
1831 514 1985 547 κινοῦσα.
2007 510 2116 548 Πόλιν
2142 509 2177 548 δὲ
2208 510 2353 559 ἀκούων,

1329 562 1391 608 τὴν
1415 562 1568 601 παλαιὰν
1591 565 1653 608 τῆς
1678 566 1882 614 συναγωγῆς
1911 563 2057 600 ἄτακτον
2078 561 2212 609 πληθὺν
2240 563 2356 618 ἐπιγί-

1330 631 1452 653 νωσκε.
1480 617 1700 666 Διερωτῶσιν
1729 617 1760 652 οἳ
1783 614 2001 666 ἀγνώμονες,
2021 615 2085 659 Τίς
2116 618 2207 653 ἐστιν
2236 620 2356 662 οὗτος,

1329 671 1374 710 ὡς
1395 668 1503 718 μήπω
1536 667 1728 717 ἑωρακότες
1760 667 1817 706 τὸν
1852 667 2035 719 εὐεργέτην
2065 669 2126 706 καὶ
2147 668 2354 721 περιὸόητον

1330 727 1398 763 τοῖς
1426 720 1631 773 θεοπρεπέσι
1654 720 1839 771 θαύμασιν.
1861 722 1914 758 Οὔ
1933 720 2000 771 γὰρ
2023 720 2214 758 κατέλαὸεν
2230 724 2251 766 ἡ
2274 721 2356 759 σκιὰ

1328 773 1367 810 τὸ
1387 776 1419 811 ἐν
1445 775 1531 823 αὐτῇ
1565 773 1765 825 ἐπιλοίμψαν
1786 773 1907 810 ἄδυτον
1931 776 2016 824 φῶς.
2039 772 2144 811 ἰὈθεν
2165 772 2355 816 εὐθυὲόλως

1329 825 1613 878 προανακέκραγε
1635 826 1720 879 πρὸς
1742 825 1862 868 αὐτοὺς
1881 824 2031 868 Ἡσαΐας
2049 825 2159 876 λέγων
2179 840 2186 848 ·
2208 827 2254 864 Οἱ
2281 842 2355 863 κω-

1329 878 1384 929 φοὶ
1401 878 1585 924 ἀκούσατε,
1603 878 1662 916 καὶ
1682 882 1712 917 οἱ
1726 878 1846 930 τυφλοὶ
1868 877 2088 929 ἀναὸλέψατε
2105 878 2199 915 ἰδεῖν.
2220 878 2290 916 Καὶ
2306 877 2357 922 τίς

1329 931 1455 982 τυφλὸς
1468 961 1477 979 ,
1500 932 1577 968 ἀλλ’
1599 929 1621 977 ἢ
1647 933 1678 969 οἱ
1694 931 1816 974 παῖδές
1838 946 1927 981 μου,
1948 931 2007 968 καὶ
2028 930 2136 982 κωφοὶ
2153 959 2162 976 ,
2184 932 2260 968 ἀλλ’
2281 929 2303 976 ἢ
2326 933 2357 968 οἱ

1329 982 1541 1034 κυριεύοντες
1573 985 1708 1032 αὐτῶν,
1736 983 1804 1021 Καὶ
1834 983 2080 1035 ἐτυφλώθησαν
2102 986 2133 1021 οἱ
2164 984 2277 1020 δοῦλοι
2297 988 2357 1022 τοῦ

1329 1036 1431 1072 Θεοῦ.
1459 1033 1583 1073 Εἴδετε
1603 1035 1790 1082 πολλάκις,
1811 1035 1871 1073 καὶ
1898 1038 1959 1074 οὐκ
1988 1035 2220 1088 ἐφυλάξασθε·
2244 1038 2357 1093 ἠνεῳ-

1328 1087 1439 1136 γμένα
1458 1086 1502 1124 τὰ
1519 1080 1592 1124 &noe
1606 1118 1615 1135 ,
1636 1087 1696 1125 καὶ
1709 1090 1770 1125 οὐκ
1784 1087 1966 1133 ἠκούσατε.
1983 1088 2114 1139 εΟρὶῑίτε
2126 1117 2136 1134 ,
2158 1090 2333 1138 ἀγαπητοὶ
2347 1117 2356 1134 ,

1329 1138 1508 1190 ἀκρίὸειαν
1524 1139 1655 1190 λόγων,
1671 1139 1764 1183 ὅπως
1784 1140 1822 1177 τὸ
1841 1140 2119 1193 προθεωρητικὸν
2134 1144 2221 1178 θεῖον
2242 1142 2359 1178 Πνεῦ-

1330 1207 1379 1241 μα
1401 1191 1457 1228 διὰ
1475 1193 1544 1229 τῶν
1569 1191 1676 1243 ἁγίων
1700 1194 1803 1230 αὐτοῦ
1818 1223 1827 1240 ,
1848 1195 1894 1235 ὡς
1918 1192 2092 1245 παρόντα,
2114 1192 2157 1230 τὰ
2187 1192 2357 1242 μέλλοντα

1328 1243 1598 1297 προεκήρυττεν,
1622 1239 1722 1283 Εἶδον
1742 1244 1809 1297 γὰρ
1823 1248 1853 1283 οἱ
1875 1245 2073 1297 ἀχάριστοι,
2090 1244 2149 1283 καὶ
2170 1244 2356 1297 ἐψηλάφη-

1329 1312 1391 1334 σαν
1407 1296 1463 1334 διὰ
1474 1300 1540 1335 τῶν
1558 1297 1741 1348 θαυμάτων
1756 1297 1813 1335 τὸν
1833 1297 2090 1350 θαυματουργὸν
2111 1296 2218 1344 Θεὸν,
2238 1297 2296 1335 καὶ
2313 1300 2356 1349 τῇ

1329 1348 1474 1401 ἀπιστίᾳ
1490 1349 1678 1401 ἐνέμειναν·
1695 1344 1781 1388 εἶδον
1798 1350 1854 1388 τὸν
1868 1350 1994 1403 τυφλὸν
2012 1353 2201 1406 ἐκωνενετῆς
2214 1350 2271 1388 τὸν
2284 1366 2358 1402 φω-

1327 1402 1585 1454 ταγωγήσαντα
1614 1403 1740 1455 Κύριον
1768 1402 2006 1454 κηρύττοντα·
2037 1404 2123 1441 εἶδον
2170 1402 2356 1455 σύγχρονον

1328 1455 1386 1493 καὶ
1407 1455 1547 1507 σύζυγον
1562 1458 1605 1505 τῇ
1624 1455 1783 1508 ἀσθενείᾳ
1797 1456 1995 1507 παράλυτον
2015 1455 2260 1508 προστάγματι
2281 1456 2357 1492 δια-

1328 1508 1513 1560 ζευχθέντα
1533 1510 1594 1553 τῆς
1607 1508 1797 1560 κακουχίας
1813 1524 1820 1531 ·
1838 1508 2022 1547 ἐθεάσαντο
2040 1508 2198 1559 Λάζαρον
2220 1508 2356 1559 φυγάδα

273 1572 311 1595 su
334 1571 353 1594 a
376 1559 498 1596 morbo
517 1568 679 1596 sanatum
698 1575 705 1595 :
729 1558 891 1597 viderant
912 1562 1084 1598 Lazarum
1100 1576 1119 1599 a
1148 1571 1259 1600 morte
1272 1578 1318 1600 2:55
1330 1559 1475 1598 θανάτου
1490 1560 1666 1612 γεγονότα·
1684 1561 1839 1607 ἤκουσαν
1853 1560 1910 1598 τὸν
1924 1563 1958 1599 ἐν
1977 1561 2133 1610 Θαλάσσῃ
2150 1560 2354 1613 περίπατον,

272 1611 437 1662 effugisse
458 1627 464 1647 :
491 1611 676 1649 audierant
698 1612 1021 1650 deambulationem
1046 1629 1151 1666 supra
1179 1629 1256 1652 ma-
1284 1615 1306 1643 Α
1329 1613 1391 1658 τὴν
1408 1612 1627 1664 ἀγεώργητον
1645 1614 1845 1658 οἷνοδοσίαν,
1862 1613 1925 1659 τὴν
1946 1614 2098 1665 ἅμοχθον
2114 1613 2356 1677 ἀρτρτροφίαν,

272 1677 334 1710 rc,
366 1664 491 1701 vinum
519 1664 644 1701 datum
675 1664 749 1702 sine
778 1664 864 1703 vitis
896 1665 1022 1716 cultu,
1047 1681 1155 1718 panes
1187 1667 1261 1705 sine

271 1717 392 1755 labore
423 1717 681 1769 suppeditatos‚
701 1718 879 1755 daemonas
907 1718 1044 1769 pulsos,
1065 1733 1176 1769 aegros
1206 1735 1261 1758 sa-

273 1779 371 1808 natos
393 1785 399 1805 :
418 1769 575 1820 ipsorum
593 1769 718 1821 plateae
738 1769 889 1807 virtutes
909 1771 984 1821 ejus
1000 1772 1257 1823 praedicabant,

274 1824 341 1860 viae
359 1822 556 1859 curationes
569 1822 767 1860 viatoribus
791 1823 1000 1860 nuntiabant
1021 1840 1027 1860 ε
1045 1833 1116 1861 tota
1136 1825 1260 1864 Jndaea

276 1873 455 1913 beneficiis
485 1874 616 1926 repleta
640 1884 730 1923 erat,
752 1883 785 1911 ct
804 1889 897 1912 nunc
913 1875 1142 1927 interrogant,
1168 1879 1260 1928 Quis

276 1937 331 1967 est
348 1929 410 1964 hic
425 1931 440 1963 P
456 1928 487 1965 Ο
508 1927 681 1964 insaniam
696 1941 818 1965 eorum
837 1927 898 1977 qui
919 1928 1006 1966 falso
1022 1929 1182 1967 doctores
1198 1946 1261 1983 ap-

274 1977 472 2033 pellantur!
492 1994 512 2017 o
534 1979 733 2031 pervicaces
763 1978 898 2031 patres!
918 1994 938 2017 o
960 1981 1058 2019 stulti
1090 1982 1261 2021 seniores!

275 2050 294 2070 o
310 2046 427 2071 semen
454 2031 653 2069 Chanaanis
675 2031 906 2084 impudentis,
926 2047 994 2071 non
1020 2043 1138 2071 autem
1160 2035 1261 2074 Judae

276 2084 346 2137 pii!
374 2085 479 2121 Pueri
508 2085 709 2122 Creatorem
739 2095 979 2135 agnoverunt,
1007 2096 1040 2124 et
1060 2088 1262 2139 pervicaces

275 2148 391 2190 latres
425 2137 608 2186 dicebant,
640 2139 733 2187 Quis
762 2146 816 2175 est
847 2139 939 2175 hic?
966 2140 1144 2178 Juvcnilis
1178 2151 1262 2179 aetas

276 2194 392 2229 Deum
412 2190 627 2235 celebravit,
656 2199 688 2227 et
711 2190 895 2228 inveterati
922 2190 1060 2231 dierum
1086 2193 1262 2232 malorum

276 2243 562 2294 interrogabant,
598 2245 692 2293 Quis
721 2251 777 2279 est
802 2244 893 2280 hic?
921 2244 1104 2282 Laetentes
1128 2246 1262 2284 theolo-

276 2297 353 2346 gice
384 2296 599 2346 loquuntur,
621 2304 654 2333 et
673 2295 825 2332 seniores
855 2295 1129 2348 blasphemant?
1161 2300 1261 2350 pueri

276 2350 333 2401 pic
349 2348 517 2386 laudibus
543 2362 639 2385 saera
664 2356 859 2399 peragunt,
880 2357 912 2386 et
927 2350 1133 2388 exsecrandi
1149 2365 1262 2389 sacer-

277 2402 376 2439 dotes
400 2401 509 2453 impie
527 2400 789 2451 indignantur?
810 2402 841 2438 O
860 2400 1034 2439 increduli
1055 2403 1089 2440 in
1107 2404 1262 2454 pruden-

277 2455 325 2492 tia
348 2455 528 2506 justorum
551 2453 772 2491 :convertite
803 2452 908 2491 corda
946 2464 1060 2493 vestra
1093 2455 1140 2493 ad
1169 2456 1263 2495 filios

280 2516 428 2556 vestros,
454 2506 579 2544 discite
594 2505 662 2543 Dei
677 2505 860 2558 mysteria.
884 2506 1047 2558 Idipsum
1066 2508 1163 2558 quod
1181 2523 1261 2561 per—

280 2560 418 2603 ficitur,
446 2559 654 2597 testificatur
682 2560 799 2596 Deum
829 2572 904 2596 esse
926 2559 1051 2609 illum,
1070 2561 1132 2611 qui
1151 2575 1171 2598 a
1193 2575 1263 2600 non

280 2611 412 2649 edoctis
441 2610 575 2662 linguis
593 2611 642 2648 ita
662 2611 870 2648 celebratur.
905 2612 1140 2650 Scrutamini
1163 2614 1263 2652 Scri-

278 2673 426 2716 pturas,
446 2673 485 2701 ut
500 2663 649 2701 audistis
667 2677 687 2701 a
702 2663 870 2710 Domino,
888 2664 971 2714 quia
985 2665 1068 2717 ipsae
1087 2676 1169 2704 sunt
1185 2681 1263 2717 quae

281 2717 514 2754 testificantur
545 2716 591 2753 de
617 2716 696 2763 illo,
734 2730 796 2754 nce
831 2716 1001 2767 ignoratis
1033 2718 1259 2758 miraculum.

282 2768 424 2816 Audite,
452 2768 597 2818 ingrati,
626 2768 713 2819 quid
731 2769 915 2806 annuntiet
942 2770 1044 2808 vobis
1077 2770 1266 2811 Zacharias

282 2821 474 2874 propheta3
495 2821 544 2857 ait
557 2821 651 2858 enim
669 2838 676 2858 t
698 2822 836 2859 Gaude
849 2823 1130 2874 multtum-filia
1145 2824 1237 2862 Sion
1253 2842 1262 2862 :

283 2888 367 2911 ecce
391 2875 469 2910 Rex
491 2881 576 2910 tuus
598 2876 707 2910 venit
728 2876 797 2910 tibi
812 2876 941 2925 justus
959 2884 995 2912 et
1015 2877 1184 2914 insidens
1203 2891 1264 2916 szc-

280 2941 349 2978 μοι’
364 2926 516 2977 pullum
541 2928 671 2962 (tsinoe.
693 2926 766 2962 Cur
797 2926 969 2975 gaudium
991 2928 1181 2967 excutitis?
1201 2944 1263 2967 cur

283 2980 439 3029 fulgente
459 2978 547 3021 sole,
567 2978 725 3013 tenebras
741 2978 917 3028 diligitis?
936 2994 999 3017 cur
1021 2990 1139 3018 contra
1162 2981 1261 3020 inex-

284 3030 513 3083 pugnabilem
537 3043 658 3081 pacem
679 3029 811 3067 bellum
829 3031 1072 3070 meditamini?
1090 3034 1127 3071 Si
1148 3034 1266 3084 itaque

285 3085 350 3122 filii
381 3083 465 3121 Sion
493 3083 595 3128 estis,
616 3096 697 3118 cum
723 3082 807 3118 filiis
828 3084 954 3120 vestris
977 3086 1119 3123 choreas
1138 3087 1231 3136 agite
1253 3104 1259 3124 :

284 3137 405 3187 gaudii
433 3134 568 3173 occasio
597 3134 642 3171 sit
672 3134 774 3171 vobis
801 3134 956 3172 liliorum
982 3138 1104 3188 pictas.
1126 3136 1180 3176 Ab
1200 3140 1261 3178 illo

282 3191 421 3238 discite,
440 3187 520 3238 quis
542 3186 686 3233 docuit,
701 3186 780 3236 quis
805 3186 963 3236 collegit,
980 3204 1082 3239 aquo
1102 3191 1260 3229 doctrina

282 3243 441 3294 prodeat,
462 3254 540 3290 quae
557 3239 600 3277 sit
620 3252 709 3277 nova
736 3239 925 3290 theologia,
942 3250 1089 3278 etvetus
1108 3245 1259 3300 prophe-

284 3296 344 3333 tia.
370 3293 477 3342 Quod
506 3292 534 3329 si
563 3292 682 3329 nullus
708 3291 814 3328 homo
838 3305 959 3328 corum
990 3293 1174 3344 quidplam
1199 3295 1260 3332 do-

284 3349 355 3385 cuit
373 3378 381 3392 ,
399 3340 401 3342 .
417 3346 479 3384 sed
510 3359 555 3381 ez
596 3358 631 3381 sc
670 3353 703 3381 ct
740 3353 863 3395 sponte
906 3358 966 3380 sua
1004 3345 1143 3382 laudem
1188 3362 1260 3383 mo-

283 3401 466 3443 dulantur,
497 3397 674 3447 agnoseitc
707 3397 771 3433 Dei
804 3410 891 3448 opus
924 3410 1011 3445 esse,
1044 3407 1081 3435 ut
1118 3399 1151 3436 in
1186 3399 1261 3449 lege

284 3454 456 3504 scriptum
475 3458 522 3487 cst
544 3466 550 3485 ς
568 3451 631 3487 Er
652 3463 715 3486 ore
743 3450 956 3499 insanu'wn
975 3459 1009 3487 et
1037 3451 1261 3489 lactentium

1286 2465 1306 2493 Β

1328 1665 1389 1712 τὴν
1407 1669 1475 1703 τῶν
1497 1665 1669 1716 δαιμόνων
1688 1666 1893 1714 ἀπελασίαν,
1911 1666 1973 1713 τὴν
1994 1671 2061 1704 τῶν
2077 1681 2279 1716 καμνοντων
2303 1667 2359 1703 εὐ-

1332 1717 1480 1770 ρωστίαν
1493 1733 1500 1741 ·
1520 1722 1554 1756 αἱ
1573 1720 1738 1756 πλατεῖαι
1764 1721 1876 1756 αὐτῶν
1896 1719 1956 1761 τὰς
1981 1718 2142 1769 δυνάμεις
2158 1718 2357 1770 ἐκήρυττον,

1330 1770 1452 1808 αἵὸδοὶ
1475 1773 1587 1808 αὐτῶν
1607 1771 1669 1815 τὰς
1690 1771 1798 1814 ἰάσεις
1816 1777 1885 1815 τοῖς
1902 1771 2092 1822 ὁδοιπόροις
2109 1770 2336 1822 κατήγγειλον
2350 1786 2357 1793 ·

1329 1829 1426 1861 πᾶσα
1447 1827 1468 1870 ἡ
1490 1823 1643 1862 Ἰουδαῖοι
1665 1822 1851 1876 ἐπληρώθη
1873 1826 1941 1862 τῶν
1972 1826 2191 1877 εὐεργεσιῶν,
2221 1823 2280 1860 καὶ
2300 1828 2356 1862 νῦν

1329 1875 1578 1922 πυνθάνονται,
1604 1875 1669 1919 Τίς
1700 1877 1791 1915 ἐστιν
1823 1871 1919 1919 οὗτος
1937 1891 1945 1923 ;
1966 1876 2014 1914 *Ω
2047 1880 2109 1922 τῆς
2137 1875 2253 1919 ἀνοίας
2288 1879 2357 1913 τῶν

1329 1928 1564 1980 ψευδωνύμων
1588 1928 1819 1977 διδασκάλων,
1837 1929 1865 1966 ὢ
1881 1932 1949 1967 τῶν
1972 1931 2123 1967 ἀπειθῶν
2138 1928 2313 1980 πατέρων,
2329 1928 2359 1965 ὣ

1329 1984 1396 2018 τῶν
1432 1980 1588 2034 ἀφρόνων
1611 1981 1869 2034 πρεσὸυτέρων,
1896 1981 1924 2019 ὦ
1954 1981 2095 2035 σπέρμα
2127 1982 2271 2019 Χαναὰν
2299 1986 2358 2020 τοῦ

1330 2035 1488 2077 ἀναιδοῦς
1501 2062 1509 2078 ,
1530 2034 1588 2071 καὶ
1604 2035 1664 2072 οὐκ
1679 2034 1791 2073 Ἰούδα
1812 2038 1871 2072 τοῦ
1890 2034 2065 2077 εὐλαέοῦς.
2082 2034 2139 2072 Τὰ
2153 2034 2257 2072 τέκνα
2273 2033 2357 2072 ἕπε’-

1329 2102 1466 2136 γνωσαν
1489 2086 1547 2125 τὸν
1575 2087 1732 2133 κτίστην,
1751 2087 1811 2125 καὶ
1835 2091 1866 2126 οἳ
1885 2090 2037 2130 ἀπειθεῖς
2057 2087 2205 2139 πατέρες
2227 2087 2357 2138 ἔλεγον,

1330 2139 1393 2183 Τίς
1417 2143 1509 2178 ἐστιν
1532 2136 1648 2188 οὗτος,
1673 2139 1718 2177 cH
1739 2139 1800 2177 νέα
1822 2140 1942 2187 ἡλικία
1962 2139 2019 2178 τὸν
2040 2139 2130 2179 Θεὸν
2155 2138 2330 2190 ἀνύμνησε
2347 2169 2356 2184 ,

1330 2192 1389 2230 καὶ
1405 2195 1435 2231 οἱ
1454 2191 1741 2243 πεπαλαιωμένοι
1755 2195 1895 2246 ἡμερῶν
1911 2196 2027 2231 κακῶν
2043 2191 2283 2240 ἐπυνθάνοντο,
2294 2191 2358 2235 Τίς

1331 2247 1422 2283 ἐστιν
1443 2241 1558 2292 οὗτος
1590 2248 1636 2283 Οἱ
1665 2245 1870 2291 θηλάζοντες
1889 2247 2086 2297 θεολογοῦσι
2101 2276 2110 2293 ,
2132 2245 2192 2283 καὶ
2215 2248 2246 2284 οἱ
2265 2260 2358 2298 πρε-

1332 2298 1492 2350 σδύτεροι
1530 2301 1795 2350 βλασφημοῦσι,
1823 2300 1943 2341 παῖδες
1962 2298 2110 2341 εὐσεὸῶς
2126 2301 2358 2350 ἱερουργοῦσιν

1332 2343 1437 2397 αἶνον,
1456 2350 1514 2387 καὶ
1532 2351 1661 2401 ἀνίεροι
1689 2353 1790 2402 ἱερεῖς
1806 2350 1978 2393 δυσσεδῶς
2007 2352 2280 2402 ἀγανακτοῦσιν,
2311 2352 2358 2387 Οἱ

1332 2405 1482 2446 ἀπειθεῖς
1505 2405 1538 2440 ἐν
1568 2402 1731 2455 φρονήσει
1752 2401 1907 2449 δικαίων,
1932 2402 2162 2455 ἐπιστρέψατε
2182 2402 2243 2445 τὰς
2270 2418 2357 2454 καρ-

1333 2455 1405 2499 δίας
1417 2457 1514 2505 ὑμῶν
1530 2457 1588 2494 ἐπὶ
1609 2455 1652 2493 τὰ
1670 2454 1775 2497 τέκνα
1793 2458 1902 2505 ὑμῶν,
1920 2455 2046 2506 μάθετε
2060 2457 2150 2493 Θεοῦ
2170 2454 2356 2506 μυστήρια.

1332 2508 1426 2546 Αὐτὸ
1444 2508 1483 2546 τὸ
1503 2508 1706 2559 τελούμενον
1730 2513 1920 2559 μαρτυρεῖ,
1935 2507 1986 2545 ὅτι
2001 2506 2090 2550 Θεός
2105 2510 2197 2545 ἐστιν
2215 2511 2233 2545 ὃ
2250 2507 2358 2550 οὕτως

1332 2561 1585 2613 ἀνυμνούμενος
1601 2560 1666 2599 ὑπὸ
1687 2560 1879 2598 ἀδιδάκτων
1896 2562 2076 2612 γλωσσῶν.
2095 2559 2282 2611 Ἐρευνᾶτε
2296 2558 2359 2602 τὰς

1334 2613 1498 2665 Γραφὰς,
1529 2612 1642 2657 καθὼς
1665 2612 1835 2660 ἠκούσατε
1864 2612 1960 2667 παρὰ
1989 2616 2048 2650 τοῦ
2082 2612 2272 2660 Δεσπότου,
2305 2611 2358 2650 ὅτι

1333 2661 1435 2704 αὗταί
1456 2669 1540 2705 εἰσιν
1554 2669 1588 2705 αἱ
1607 2668 1844 2731 μαρτυροῦσαι
1867 2666 1946 2718 περὶ
1959 2666 2074 2713 αὐτοῦ,
2094 2665 2153 2702 καὶ
2173 2667 2235 2702 οὐκ
2255 2667 2358 2717 ἀγνο-

1334 2725 1401 2757 εῖτε
1427 2720 1466 2758 τὸ
1484 2723 1614 2770 θαῦμα.
1634 2718 1820 2757 Ἀκουσατε
1858 2721 1888 2757 οἱ
1915 2717 2114 2770 ἀχάριστοι,
2147 2717 2180 2754 τί
2209 2719 2358 2768 εὐαγγε-

1332 2771 1465 2816 λίζεται
1484 2775 1564 2823 ὑμῖν
1581 2776 1598 2810 ὃ
1617 2771 1797 2824 προφήτης
1815 2770 2007 2823 Ζαχαρίας.
2026 2770 2125 2815 Φησὶ
2142 2769 2228 2824 γὰρ,
2246 2772 2357 2824 Χαῖρε

1335 2824 1484 2877 σφόδρα,
1514 2823 1659 2876 θύγατερ
1689 2822 1801 2860 Σιών·
1827 2823 1897 2861 ἰδοὺ
1917 2826 1934 2861 ὁ
1953 2821 2113 2874 βασιλεύς
2135 2838 2193 2860 σου
2217 2822 2358 2874 ἔρχεταί

1335 2892 1388 2914 σοι
1415 2877 1546 2920 δίκαιος
1565 2877 1625 2914 καὶ
1659 2875 1876 2922 ἐπιὸεὸηκὼς
1897 2876 1954 2913 ἐπὶ
1973 2877 2090 2913 πῶλον
2119 2874 2207 2913 ὄνου.
2235 2874 2304 2913 Διὰ
2323 2875 2358 2912 τί

1335 2929 1397 2977 τὴν
1417 2929 1528 2983 χαρὰν
1561 2928 1783 2975 &maesto-053
1806 2928 1862 2965 διὰ
1888 2927 1922 2965 τί
1956 2928 2055 2974 ἡλίου
2084 2927 2302 2978 λάμποντος,
2319 2928 2358 2966 τὸ

1335 2975 1454 3024 σκότος
1469 2985 1647 3033 ἀγαπᾶτε,
1669 2981 1724 3019 διὰ
1743 2980 1777 3018 τί
1797 2980 1881 3031 πρὸς
1899 2979 1961 3026 τὴν
1983 2980 2200 3029 ἀπολέμητον
2218 2980 2356 3031 εἰρήνην

1335 3036 1503 3084 μελετᾶτε
1518 3034 1691 3085 πόλεμον,
1707 3035 1750 3071 Εἰ
1770 3032 1881 3070 τοίνυν
1900 3033 1967 3070 υἱοὶ
1987 3032 2079 3070 Σιών
2102 3035 2178 3070 ἐστε
2191 3060 2200 3077 ,
2224 3047 2356 3084 συγχο-

1337 3087 1478 3140 ρεύσατε
1501 3093 1571 3130 τοῖς
1590 3087 1720 3128 τέκνοις
1739 3087 1852 3136 ὑμῶν·
1876 3092 1988 3138 χαρᾶς
2012 3084 2152 3137 ἀφορμὴ
2174 3085 2262 3123 ἔστω
2277 3089 2356 3134 ὑμῖν

1333 3144 1353 3186 ἡ
1386 3142 1454 3177 τῶν
1481 3139 1610 3177 τέκνων
1634 3138 1821 3178 θεοσέὸεια.
1846 3139 1980 3175 Μάθετε
2006 3141 2091 3189 παρ’
2115 3140 2238 3183 αὐτῶν,
2268 3137 2318 3180 τίς
2339 3141 2356 3175 ὁ

1337 3192 1428 3208 mxl?

1334 3208 1471 3236 οιοαςας
1485 3223 1493 3238 ,
1510 3191 1561 3235 τίς
1579 3195 1596 3230 ὃ
1618 3190 1841 3242 συναθροίσας
1856 3220 1865 3238 ,
1883 3190 1985 3229 πόθεν
2002 3189 2046 3228 τὰ
2069 3190 2283 3240 διδάγματα,
2307 3189 2357 3232 τίς

1302 3275 1308 3283 ,
1333 3250 1353 3291 ἡ
1372 3244 1476 3288 καινὴ
1493 3244 1665 3295 θεολογία,
1682 3244 1739 3280 καὶ
1756 3242 1890 3280 παλαιὰ
1904 3242 2108 3295 προφητεία.
2122 3244 2166 3280 Εἰ
2183 3242 2218 3280 δὲ
2232 3241 2356 3293 ἀνθρώ-

1332 3313 1406 3335 πων
1427 3297 1490 3352 μὲν
1512 3297 1621 3340 οὐδεὶς
1639 3295 1734 3334 οὐδὲν
1759 3294 1887 3333 τούτων
1909 3293 2294 3349 ἐδίδαξεν,ωαύτόματον
2314 3294 2349 3331 δὲ

1333 3349 1387 3386 τὸν
1413 3354 1503 3386 αἰνον
1525 3348 1782 3398 ἀναμέλπουσι,
1812 3351 1921 3397 γνῶτε
1949 3350 2040 3384 (θεοῦ
2069 3346 2213 3384 εἶναιτὸ
2243 3346 2353 3397 ἔργον,

1332 3405 1376 3444 ὡς
1395 3403 1427 3437 ἐν
1445 3404 1494 3452 τῷ
1513 3401 1607 3453 νόμῳ
1625 3401 1838 3454 γέγραπταιω·
1862 3400 1927 3437 'Ex
1951 3399 2122 3450 στόματος
2144 3398 2276 3452 νηπίων
2294 3400 2352 3435 καὶ

1332 3453 1546 3498 θηλαζόντων
1574 3452 1774 3503 κατηρτίσω
1799 3456 1901 3490 αἶνον.
1924 3451 2187 3490 Διπλασιάσατε
2214 3454 2270 3488 οὖν
2290 3450 2353 3497 τὴν
