2507 3673
943 225 999 254 DF.
1036 225 1185 254 Cinco.

31 303 172 355 νούχου,
191 295 218 342 ὦ
235 305 414 352 Φίλιππε,
435 307 493 342 τοῦ
520 305 790 355 ἀπηλλαγμένου
813 307 874 351 τῆς
899 308 1054 355 ἀκαθαρ-

29 356 105 399 σίας
119 358 234 404 ποίσης
245 373 251 380 ·
264 357 412 403 &vote-aot
423 356 480 395 ἐπὶ
492 357 531 395 τὸ
545 357 657 408 ἅρμα·
671 358 934 411 ἀμετεωρίστως
950 359 966 377 *
978 357 1055 396 ἀτέ-

27 411 96 452 νιζε
122 410 179 447 τὸν
193 412 242 462 τῷ
264 412 328 448 ἀνα
371 408 510 460 ώσματι
528 413 587 448 τοῦ
606 411 804 461 εὐαγγελίου
833 413 1054 449 διακονοῦντα

28 462 246 513 μαμποίριον.
281 465 397 508 Μητις
431 479 474 513 με
503 463 581 515 δόξῃ
610 463 831 514 γελοιοίζοντα
859 463 986 515 λέγειν·
1015 464 1052 499 οὐ

26 513 207 564 ψεύδομαι.
245 514 306 558 Ὡς
337 514 406 566 γὰρ
434 517 469 552 ἐν
505 518 553 568 τῷ
593 516 814 568 ἱπποδρομίῳ
847 515 987 554 πάντων
1021 517 1052 552 οἱ

26 566 198 617 ὀφθαλμοὶ
231 567 288 604 ἐπὶ
320 568 378 605 τὸν
419 569 641 621 μαμπάριον,
673 568 868 619 πεπηγότος
898 572 958 605 τοῦ
990 583 1052 613 ση-

28 618 203 670 μάντρου,
238 620 464 667 ἀτενίζουσιν,
503 621 739 673 ἐκδεχομένων
768 623 803 658 ἐν
840 623 883 670 τῇ
916 619 1050 671 ι’βουλῇ

26 670 156 709 ἐκείνου
175 671 214 708 τὸ
236 673 403 724 ἄνοιγμα·
421 673 518 711 οὐδὲν
534 669 637 720 ἧττον
659 674 717 711 καὶ
734 677 764 712 οἱ
783 673 840 712 ἐπὶ
855 672 917 719 τὴν
931 674 1051 718 ἐκκλη-

26 723 209 770 σιαστικὴν
229 726 375 778 Θεωρίαν
392 729 438 769 εἷς
453 727 492 765 τὸ
518 728 600 765 αὐτὸ
623 726 876 778 ἀθροιζόμενοι,
895 728 954 764 τοῦ
970 726 1050 762 δια-

26 775 125 814 κόνου
149 777 296 829 ἀνοίγειν
319 778 502 829 μέλλοντος
515 780 554 817 τὸ
573 783 634 817 τοῦ
650 777 866 830 Εὐαγγελίου
887 778 1053 830 τετράθυ-

28 830 262 878 ρον,,πάντες
290 834 382 883 αὐτῷ
411 832 607 882 ἀτενίζομεν
643 832 792 882 ἡσυχίαν
822 831 1050 884 παρέχοντες,

26 881 85 918 καὶ
113 882 216 928 ἡνίκα
235 888 295 921 τοῦ
320 884 446 934 δρόμου
471 887 533 930 τῆς
559 883 783 935 ἀναγνώσεως
804 883 969 936 ἄρξηται,
991 886 1051 922 εὖ·-

26 933 110 977 Οέως
142 935 390 986 διανιστάμεθα
411 939 530 987 ἡμεῖς,
558 939 822 988 ἐπιφωνοῦντες·
857 937 947 976 ἀλλὰ
972 936 1052 981 δόξα

27 1001 101 1031 σοι,
129 987 246 1041 Κύριε.
267 988 429 1034 Ἀνάὸηθι
461 990 519 1028 ἐπὶ
547 990 586 1028 τὸ
613 989 728 1040 ἅρμα,
755 989 933 1042 Οῆρευσον,
961 993 1052 1028 ἀπο-

26 1039 213 1091 δρόμησον,
232 1041 457 1080 κατάστειλον
469 1073 478 1090 ,
495 1041 641 1088 ἕκὲαλε,
661 1041 894 1096 ἀπόστρεψον,
910 1043 1050 1091 πίασον,

25 1091 84 1128 καὶ
104 1091 248 1139 ποίησον
277 1095 316 1132 ἐκ
340 1100 400 1133 τοῦ
423 1096 594 1146 στόματος
612 1095 675 1142 τὴν
708 1096 819 1142 καλὴν
847 1097 1052 1148 ὁμολογίαν,

25 1144 269 1198 ἀποδρόμησον
288 1147 379 1185 κατὰ
399 1153 457 1186 τοῦ
485 1148 656 1187 ἐναντίου·
676 1148 720 1187 ‘O
736 1148 802 1200 γὰρ
826 1149 1054 1201 πορευόμενος

25 1198 165 1246 ἁπλῶς,
188 1199 373 1252 πορεύεται
397 1201 581 1245 πεποιθώς.
598 1201 835 1239 Καταστειλον
853 1202 952 1240 αὐτὸν
973 1205 1018 1245 ὡς
1035 1207 1053 1242 ὁ

24 1251 133 1288 Δαυὶδ
151 1252 208 1290 τὸν
226 1253 372 1301 ΓολιὰΟ,
391 1252 541 1292 ἔκὸαλλε
561 1254 660 1292 αὐτὸν
674 1256 720 1297 ὡς
742 1258 758 1292 ὁ
779 1253 979 1298 ζΕλιο-σαῖος
994 1256 1051 1294 τὸν

25 1304 139 1351 Γιεζὶ,
162 1304 287 1344 πίασον
311 1306 412 1344 αὐτὸν
443 1310 488 1350 ὡς
516 1310 534 1345 ὃ
560 1306 683 1350 Ἠλίας
712 1308 770 1345 τὸν
792 1307 927 1358 Ἀχαὰὸ
949 1310 982 1345 ἐν
1002 1311 1052 1361 τῷ

25 1358 207 1406 ἀμπελῶνι
229 1363 288 1396 τοῦ
321 1358 521 1406 mamad,
554 1359 770 1411 ἀπόστςεψον
800 1360 902 1398 αὐτὸν
937 1362 983 1403 εἷς
1013 1362 1053 1400 τὸ

23 1410 144 1452 σκότος
161 1411 200 1448 τὸ
219 1410 396 1463 ἐξώτερον,
417 1411 503 1450 ὅπου
524 1416 540 1450 ὁ
562 1411 738 1461 κλαυθμὸς
762 1413 821 1449 καὶ
849 1415 866 1450 ὃ
898 1414 1052 1464 βρυγμὸς

23 1465 90 1499 τῶν
111 1462 277 1501 ὀδόντων·
303 1463 456 1515 πρόσεχε
485 1467 635 1515 σεαυτῷ.
658 1464 858 1516 Προσέχετε
880 1465 966 1516 γὰρ,
987 1482 1051 1517 φη-

23 1514 88 1562 σὶν,
109 1517 264 1564 ἑαυτοῖς,
286 1517 422 1568 μήποτε
444 1519 656 1570 βαρυνῡῶσιν
673 1520 770 1568 ὑμῶν
796 1521 831 1555 αἱ
858 1519 1000 1570 καρδίαι
1017 1522 1051 1557 ἐν

21 1568 199 1620 κραιπάλῃ
221 1570 278 1607 καὶ
302 1569 403 1621 μέθῃ.
420 1571 545 1608 Πάντα
563 1570 752 1621 βάστασον·
771 1569 947 1616 Ἀλλήλων
965 1571 1050 1624 γὰρ,

22 1621 124 1670 φησὶ,
144 1621 188 1659 τὰ
225 1622 316 1676 βάρη
354 1624 556 1674 βαστάζετε.
576 1622 699 1661 Ἄνοδα
731 1623 819 1675 ἔχων
855 1625 1050 1676 φυλάττου,

20 1674 83 1719 Μή
110 1690 193 1712 ποτε
220 1675 422 1728 προσκόψῃς
451 1676 537 1728 πρὸς
572 1675 665 1714 λίθον
695 1675 753 1714 τὸν
776 1676 865 1714 πόδα
893 1693 971 1715 σου·
998 1678 1047 1728 μὴ

21 1727 323 1779 ἀποστρεφόμενος
347 1731 394 1772 εἷς
419 1728 462 1766 τὰ
492 1728 626 1775 ὀπίσω,
654 1728 878 1779 μνημονεύων
898 1733 960 1777 τῆς
989 1748 1049 1783 γυ-

20 1779 135 1822 ναικὸς
155 1780 250 1819 Λώτ.
275 1782 393 1820 Μέσον
421 1781 481 1833 ἔχε
510 1782 585 1820 ὁδὸν
607 1781 844 1830 δικαιοσύνης,
864 1782 912 1833 μὴ
932 1784 1047 1822 ἐκκλί-

19 1847 79 1882 νῃς
103 1834 149 1876 εἰς
168 1833 212 1871 τὰ
237 1833 352 1882 δεξιὰ,
374 1836 455 1885 μηδ’
481 1837 527 1877 εἷς
550 1834 727 1887 ἀριστερά.
760 1833 918 1873 Ἔσωθεν
951 1837 1046 1884 ζήτει

19 1886 58 1922 ἐκ
75 1890 135 1923 τοῦ
161 1886 392 1940 παραδείσου,
410 1887 534 1925 ἔσωθεν
556 1887 666 1933 ζήτει.
701 1886 769 1925 Ἕκ
786 1887 855 1940 γὰρ
875 1891 938 1935 τῆς
963 1906 1046 1942 καρ-

19 1937 94 1981 δίας
109 1938 304 1992 ἐξέρχονται
319 1940 538 1991 διαλογισμοὶ
553 1939 718 1991 πονηροὶ,
735 1940 853 1992 φόνοι,
872 1948 1044 1994 μοιχεῖαι,

18 1991 166 2039 κλοπαὶ,
191 1993 504 2047 ψευδομαρτυρίαι,
536 1993 768 2041 καταλαλιαὶ,
801 1995 1044 2046 βλασφημίαι,

18 2043 62 2080 τὰ
86 2050 264 2084 κοινοῦντα
291 2047 348 2084 τὸν
374 2047 567 2098 ἄνθρωπον.
596 2045 683 2091 εΜὴ
712 2046 907 2098 συνανοίίῃς
929 2051 1045 2101 αὐτῷ,

18 2099 64 2139 ὡς
84 2098 159 2136 οὐδὲ
174 2102 191 2137 ὅ
205 2099 292 2141 Θεὸς
311 2102 361 2151 τῷ
379 2099 540 2152 Ἰσραὴλ,
555 2098 608 2137 ὅτι
625 2099 932 2152 σκληροτροίχηλός
951 2102 1023 2140 ἔστι
1037 2117 1044 2125 ·

20 2149 67 2199 μὴ
90 2151 286 2202 συνανάὸῃς
318 2154 431 2203 αὐτῷ·
453 2154 500 2196 εἷς
523 2152 696 2203 ἁμαρτίαν
725 2168 763 2189 σε
792 2155 902 2190 καλεῖ.
934 2154 1044 2198 Αὐτός

18 2217 58 2239 σε
67 2204 211 2256 κοίμψει.
231 2205 300 2242 Καὶ
318 2205 416 2256 γε’νου
432 2205 499 2257 πρὸ
515 2208 634 2251 αὐτοῦ,
653 2204 763 2257 λέγων
781 2207 890 2257 αὐτῷ·
902 2205 1043 2258 “Υπαγε

14 2255 126 2294 ὀπίσω
143 2274 207 2307 μου
218 2287 227 2303 ,
243 2265 377 2296 σατανᾶ
388 2289 396 2305 ,
413 2257 465 2296 ὅτι
485 2260 522 2296 οὗ
538 2264 672 2310 φρονεῖς
689 2258 730 2296 τὰ
747 2261 805 2296 τοῦ
819 2260 910 2297 Θεοῦ
924 2289 933 2306 ,
953 2260 1042 2298 ἀλλὰ

13 2309 57 2348 τὰ
76 2314 143 2348 τῶν
157 2311 465 2363 οἷνθρώπων.Ἰζξω
486 2310 804 2361 μεῖνον,(ἵ)ςἬλίας
824 2312 957 2363 φεύγων
978 2313 1040 2361 τὴν

15 2362 186 2406 Ἰεζαὸέλ·
208 2366 332 2403 σπεῦδε
361 2366 408 2407 εἷς
433 2364 473 2402 τὸ
495 2365 656 2415 βραέεῖον
685 2367 747 2410 τῆς
773 2364 845 2402 ἄνω
867 2365 1037 2411 κλήσεως.

13 2416 75 2462 Μή
106 2432 142 2454 σε
172 2417 376 2463 καταλάέη,
395 2420 441 2459 ὡς
465 2417 541 2455 οὐδὲ
566 2416 794 2466 Ἀἕεσσαλὼμ
815 2419 936 2461 παῖδες
963 2419 1041 2463 τοὺς

12 2469 92 2520 περὶ
114 2469 290 2515 Ἰωναῡὰν,
311 2462 369 2507 καὶ
389 2469 560 2520 Ἀχιμαὰς
592 2469 669 2512 τοὺς
693 2472 795 2520 ἱερεῖς
823 2473 882 2507 τοῦ
908 2471 1038 2524 Κυρίου

11 2521 215 2572 φεύγοντας·
239 2522 287 2572 μή
309 2538 347 2560 σε
362 2521 502 2568 πιάσει,
532 2524 578 2565 ὡς
607 2521 684 2560 οὐδὲ
710 2521 880 2572 βασιλέως
900 2521 1038 2575 Ἱεριχὼ

10 2574 131 2618 παῖδες
156 2573 233 2617 τοὺς
265 2573 526 2618 κατασκόπους·
548 2576 644 2622 ἀλλ’,
666 2576 696 2611 εἷ
722 2574 876 2620 δυνατὸν,
897 2576 1038 2622 ἀπάτη-

10 2641 68 2663 σον
90 2626 189 2664 αὖτζν
211 2630 257 2670 ὡς
281 2626 396 2665 Ῥαὰὸ
433 2625 510 2671 τοὺς
543 2629 751 2678 ἐρευνῶντας
771 2629 793 2672 ἡ
816 2626 940 2679 πόρνη.
975 2630 1036 2676 Μή

9 2693 48 2716 σε
77 2678 321 2730 καθυποτοίξῃ,
354 2682 400 2724 ὡς
420 2680 494 2718 οὐδὲ
513 2679 651 2733 Φαραὼ
678 2678 754 2723 τοὺς
779 2679 859 2730 περὶ
882 2681 1036 2720 moino-52

7 2732 66 2769 καὶ
91 2731 240 2783 Ἀαρών·
270 2732 359 2770 ἀλλὰ
392 2732 613 2784 περίκαμψον
642 2733 768 2778 αὐτὸν,
793 2734 839 2775 ὡς
867 2735 897 2770 οἳ
930 2734 1034 2784 μοίγοι

7 2783 179 2835 (Ηρώδην.
211 2784 271 2831 Μὴ
296 2785 492 2837 ἀγωνιάσης
510 2801 517 2808 ·
543 2785 634 2837 ἔχεις
656 2785 723 2837 γὰρ
752 2785 809 2823 τὸν
844 2785 1033 2833 διατάκτην

5 2838 106 2882 Θεὸν,
128 2837 186 2874 καὶ
210 2838 324 2888 ἰατρὸν
340 2837 582 2890 τὸνγΧριστλον.
615 2837 736 2885 Μηδὲν
754 2841 923 2888 πτοηθῇς·
943 2838 1034 2890 ἔχεις

3 2889 70 2941 γὰρ
92 2890 260 2936 ἀλείπτην
279 2890 318 2928 τὸ
336 2891 482 2941 Πνεῦμα
504 2890 543 2928 τὸ
571 2889 681 2942 ἅγιον,
700 2891 758 2928 τὸν
783 2895 843 2927 τοῦ
869 2892 1033 2941 Σαμουῆ-

3 2943 60 2986 λος
89 2946 246 2994 μυστικῷ
266 2942 387 2995 κέρατι
419 2943 564 2995 χρίοντοί
591 2959 629 2981 σε
647 2946 696 2995 τῷ
722 2942 832 2996 μύρῳ.
860 2943 961 2989 Μηδὲ
993 2944 1032 2982 τὸ

2 2994 97 3046 δίψος
117 2995 290 3048 ’ροὲ-ηθῇς·
324 2995 414 3047 ἔχεις
440 2995 508 3048 γὰρ
537 2996 576 3033 τὸ
599 2995 691 3048 ὕδωρ
716 2996 773 3034 ἐπὶ
804 2995 843 3034 σὲ
864 2998 926 3041 τῆς
949 2998 1031 3034 ἀνα-

0 3047 162 3090 παύσεως
185 3053 244 3086 τοῦ
275 3047 516 3098 βαπτίσματος
545 3047 602 3086 διὰ
634 3052 696 3094 τῆς
726 3048 954 3096 κολοκύνθης,
973 3047 1031 3087 ἵνα

0 3100 256 3152 προερχόμενόν
277 3116 352 3147 σοι,
381 3101 556 3149 τουτέστι,
578 3100 634 3138 διὰ
668 3104 730 3147 τῆς
756 3101 942 3154 κηρυκείας
971 3106 1031 3139 τοῦ

0 3151 8 3164 2

2009 218 2098 277 72⁹⁷»

1125 303 1182 351 tis,
1201 313 1234 341 et
1256 305 1437 355 flagellum
1462 306 1496 342 in
1519 318 1624 343 manu
1647 315 1726 355 tua,
1751 308 1846 357 quod
1871 323 1952 347 cum
1979 312 2101 349 Demi—

1124 370 1189 393 nus
1209 366 1324 394 noster
1342 358 1443 396 Jesus
1463 372 1507 394 ex
1533 367 1652 410 sparto
1677 359 1827 407 fecisset,
1845 360 1976 399 diaboli
1997 378 2102 414 nego-

1123 408 1265 446 tiatores
1293 423 1338 447 ex
1365 410 1497 461 templo
1522 410 1636 460 ejecit.
1655 411 1717 448 Sta
1738 411 1887 450 firmiter
1908 428 2012 466 supra
2044 431 2103 453 vas

1121 460 1487 500 electionistascende
1517 463 1552 500 in
1585 476 1730 500 currum
1761 465 1937 514 eunuchi,
1965 481 1985 504 ο
2018 468 2104 505 Phi-

1121 512 1227 564 lippe,
1241 514 1286 551 ab
1304 515 1399 552 omni
1417 515 1643 553 immunditia
1663 516 1803 554 liberati
1818 533 1825 553 :
1841 518 2004 557 inscende
2024 535 2099 557 cur-

1121 579 1201 602 rum
1224 582 1231 602 ε
1251 566 1327 604 sine
1344 567 1454 605 animi
1474 569 1642 606 electione
1660 579 1778 621 specta
1801 585 1898 620 eum,
1916 573 1977 622 qui
1999 573 2034 611 in
2055 574 2104 611 le-

1121 617 1236 656 ctione
1246 619 1435 671 Evangelii
1455 635 1622 673 mappam
1636 622 1826 660 ministrat.
1842 625 1893 662 Ne
1909 625 1988 674 quis
2005 636 2104 678 putet

1122 684 1177 708 me
1207 671 1346 710 ridendi
1373 687 1477 711 causa
1503 674 1578 712 hate
1603 674 1736 724 dicere3
1761 689 1829 714 non
1855 678 2017 715 mentior.
2056 682 2104 718 L't

1120 723 1213 761 enim
1234 724 1270 762 in
1286 725 1377 763 circo
1396 726 1557 764 omnium
1573 727 1666 764 oculi
1683 727 1717 765 in
1735 742 1915 781 mappam,
1934 731 2034 782 signo
2049 734 2106 770 af-

1123 776 1210 824 fixo,
1226 777 1498 825 feruntur,dum
1511 789 1713 833 exspectant
1721 795 1763 818 ex
1777 781 1913 820 consilii
1923 785 2107 823 voluntate

1123 829 1330 881 aperiendos
1349 831 1452 869 ludos
1474 847 1546 870 esse
1567 848 1574 868 :
1595 833 1718 871 eodem
1746 834 1851 872 modo
1877 849 1957 873 cum
1984 837 2028 875 ad
2050 853 2105 877 ec-

1123 883 1357 921 clesiasticum
1384 886 1624 936 spectaculum
1643 887 1888 934 convenimus,
1923 903 2005 928 cum
2029 891 2106 928 dia-

1124 949 1232 974 conus
1242 936 1430 989 Evangelii
1443 938 1532 976 fores
1546 948 1697 990 quatuor
1710 949 1895 991 aperturus
1912 952 1975 990 est,
1988 957 2106 982 omncs

1124 988 1241 1040 ipsum
1264 1003 1346 1026 cum
1371 991 1488 1041 quiete
1506 992 1619 1029 multa
1645 993 1873 1044 respicimus;
1888 1009 1968 1033 cum
1989 1007 2106 1035 autem

1124 1056 1269 1079 cursum
1290 1041 1450 1081 lectionis
1475 1044 1620 1097 incepit,
1640 1048 1758 1083 statim
1784 1047 1956 1097 erigimur
1976 1051 2107 1087 vocife-

1123 1104 1241 1132 rantes
1257 1096 1404 1133 :Gloria
1428 1097 1514 1145 tihi,
1534 1098 1695 1135 Domine.
1717 1099 1870 1137 Currum
1895 1103 2104 1153 conscende,

1123 1161 1264 1192 venare,
1287 1149 1480 1199 excurrite,
1510 1151 1688 1199 contrahe,
1718 1152 1818 1202 ejice,
1849 1164 1981 1203 averte,
2009 1169 2105 1194 com-

1123 1200 1313 1252 prehende,
1335 1211 1368 1239 et
1392 1216 1452 1240 ore
1476 1203 1665 1255 pulchram
1691 1205 1941 1245 consessionem
1968 1209 2105 1258 emitte;

1123 1267 1224 1291 curre
1257 1264 1377 1292 contra
1406 1255 1654 1294 adversarium
1675 1273 1682 1293 :
1702 1271 1785 1294 nam
1822 1259 1896 1309 Qui
1929 1263 2106 1300 ambulat
2122 1272 2304 1309 P1·0v.12..9.

1122 1307 1348 1358 simpliciter
1360 1337 1372 1353 ,
1411 1310 1587 1346 ambulat
1618 1310 1866 1361 corfidenter.
1903 1313 2106 1366 Comprime

1122 1357 1256 1409 ipsum,
1282 1369 1320 1397 ut
1336 1360 1455 1398 David
1479 1361 1706 1410 Goliathum3
1731 1363 1817 1414 ejice
1840 1364 1955 1412 illum,
1970 1376 2008 1404 ut
2028 1367 2104 1405 Eli-

1121 1425 1212 1448 saeus
1225 1412 1345 1460 Giezi,
1361 1414 1618 1465 comprehende
1629 1415 1745 1463 illum,
1758 1425 1795 1452 ut
1808 1416 1905 1454 Elias
1917 1419 2106 1458 Aeliahum

1121 1463 1158 1500 in
1174 1464 1277 1501 vinea
1294 1465 1492 1515 Nabuthae,
1514 1476 1633 1504 averte
1647 1467 1751 1504 illum
1772 1467 1807 1505 in
1828 1470 1987 1508 tenebras
2006 1483 2103 1510 exte·
2118 1481 2230 1509 Matfh.
2262 1480 2292 1510 8.

1121 1516 1242 1564 riores,
1264 1518 1324 1554 uhi
1348 1517 1451 1556 fletus
1468 1528 1501 1556 et
1521 1519 1651 1556 stridor
1669 1519 1828 1557 dentium
1841 1537 1849 1566 ;
1862 1523 2001 1561 attende
2019 1525 2100 1563 tibi.
2123 1530 2169 1548 ¹²·

1122 1568 1263 1607 Etenim
1285 1571 1333 1608 ait
1350 1570 1412 1608 ille
1433 1587 1440 1607 :
1456 1572 1663 1609 Attendite
1681 1575 1809 1618 vobis,
1828 1589 1875 1611 ne
1893 1586 2105 1625 graventur
2122 1596 2231 1623 Luca:
2253 1597 2304 1633 34,

1121 1624 1240 1660 corda
1263 1632 1397 1661 vestra
1429 1626 1471 1661 in
1499 1625 1662 1676 crapula
1689 1635 1726 1663 et
1752 1628 1948 1665 ebrietate.
1975 1630 2106 1667 Omnia

1121 1675 1282 1713 sustine:
1302 1677 1422 1714 Alter
1448 1678 1624 1719 alterius,
1649 1677 1774 1729 inquit,
1795 1692 1914 1717 onera
1937 1691 2101 1732 portate.
2124 1697 2284 1725 Gal.(›·.2.

1119 1727 1160 1764 In
1179 1728 1273 1766 invia
1291 1729 1454 1767 incedens
1469 1745 1568 1780 cave,
1589 1732 1647 1768 Ne
1658 1733 1764 1783 sorte
1780 1733 1964 1784 q[sendas
1978 1736 2031 1772 ad
2047 1736 2104 1773 la-
2120 1752 2207 1779 Psal.
2232 1763 2282 1792 90·

1072 1795 1096 1824 D
1115 1782 1245 1832 pidem
1265 1784 1400 1833 pedem
1423 1791 1544 1821 tuum.
1565 1785 1617 1821 Ne
1641 1793 1733 1822 retro
1761 1785 1947 1835 avertaris,
1970 1801 2105 1826 memor
2124 1800 2169 1820 ¹2·

1118 1834 1241 1872 uxoris
1259 1835 1351 1873 Loti.
1373 1835 1687 1889 Mcdiamjustitiae
1701 1837 1798 1876 viam
1813 1847 1943 1888 teneas,
1962 1853 2024 1878 nec
2040 1841 2103 1879 de-

1117 1886 1226 1924 clines
1255 1888 1301 1925 ad
1321 1888 1506 1926 dexteram
1527 1889 1585 1926 vel
1602 1890 1795 1928 sinistram.
1816 1891 1970 1929 Interius
1987 1907 2105 1943 quaere

1116 1939 1162 1977 de
1189 1941 1355 1992 paradiso
1388 1957 1396 1977 ε
1432 1942 1579 1979 interius
1608 1956 1738 1992 quaere.
1773 1945 1838 1980 Ea·
1862 1946 1978 1983 corde
2002 1950 2232 1991 enim31011h‚
2258 1962 2304 1992 ,5,

1114 2002 1252 2030 exeunt
1285 1997 1537 2046 cogitationes
1570 1996 1698 2041 malfe,
1732 1997 1866 2041 coedes,
1891 1998 2098 2047 adulteria,
2122 2012 2167 2042 ¹9-

1106 2047 1365 2099 surta,salsa
1379 2050 1611 2094 testimonia,
1629 2047 1912 2098 obloquutiones,
1928 2051 2103 2102 blasphe-

1115 2101 1214 2145 mioe,
1236 2113 1314 2150 quae
1334 2099 1563 2150 coinquinant
1578 2100 1769 2138 hominem.
1786 2102 1838 2138 Ne
1853 2115 1934 2139 cum
1955 2102 2100 2142 diabolo

1113 2151 1614 2203 ascendas,quemadmodum
1645 2168 1707 2190 nec
1734 2154 1829 2191 Deus
1855 2168 1934 2191 cum
1957 2156 2099 2203 Israele,

1113 2204 1195 2254 quia
1218 2204 1316 2242 durae
1339 2205 1485 2243 cervicis
1503 2215 1578 2243 erat
1596 2221 1603 2241 z
1621 2220 1664 2243 ne
1678 2206 1830 2243 cumillo
1845 2207 2010 2246 ascendas
2029 2225 2036 2244 :
2053 2209 2099 2247 ad

1112 2266 1296 2309 peecatum
1314 2267 1347 2295 te
1365 2268 1481 2296 vocat.
1498 2259 1575 2310 lpse
1592 2267 1625 2295 te
1642 2259 1765 2296 flectet.
1779 2261 1903 2311 Ipsum
1923 2262 2094 2312 praeveni,

1112 2324 1152 2347 ac
1169 2309 1228 2348 dic
1244 2311 1295 2347 illi
1310 2326 1317 2346 :
1341 2313 1448 2348 Vade
1465 2320 1580 2357 retro,
1604 2320 1760 2357 satana,
1779 2315 1884 2363 quia,
1905 2328 1981 2350 non
1994 2318 2097 2365 sapis
2113 2325 2210 2354 Marc.
2234 2326 2264 2356 8.

1113 2377 1158 2400 ea
1179 2378 1263 2416 quoe
1276 2365 1352 2401 Dei
1371 2373 1475 2410 sunt,
1498 2365 1566 2402 sed
1580 2377 1665 2416 quse
1678 2373 1767 2401 sunt
1788 2366 2000 2403 hominum.
2021 2367 2095 2404 Ex·
2110 2367 2162 2397 33.

1110 2424 1165 2453 tra
1191 2430 1303 2465 mane,
1322 2425 1361 2453 ut
1381 2416 1479 2454 Elias
1506 2417 1644 2468 fugiens
1675 2417 1873 2455 Jezahelem
1895 2433 1902 2454 :
1926 2433 2026 2456 curre
2051 2420 2097 2458 ad

1110 2468 1278 2506 bravium
1297 2483 1456 2520 supernae
1480 2469 1686 2507 vocationis.
1708 2471 1736 2507 B
1743 2483 1786 2507 on
1807 2479 1840 2507 te
1860 2471 2096 2523 comprehen-

1111 2520 1184 2568 det,
1199 2531 1238 2558 ut
1261 2535 1374 2571 neque
1388 2521 1489 2573 pueri
1507 2521 1695 2559 Ahsalonis
1713 2522 1918 2573 Jonatham,
1942 2533 1975 2561 et
1990 2525 2096 2563 Achi-

1111 2587 1227 2611 maam
1253 2574 1450 2611 sacerdotes
1469 2574 1613 2611 Domini
1630 2574 1802 2625 fugientes
1818 2577 2097 2628 comprehende-

1109 2635 1204 2663 runt.
1221 2628 1298 2664 Non
1318 2635 1351 2664 te
1371 2626 1656 2678 comprehendet,
1678 2636 1717 2664 ut
1736 2641 1849 2677 neque
1873 2630 1977 2680 pueri
2000 2631 2095 2681 regis

1107 2679 1249 2717 Jericho
1269 2679 1507 2731 exploratores
1527 2688 1693 2731 ceperunt
1701 2695 1711 2728 ;
1732 2680 1794 2717 sed
1812 2680 1842 2717 si
1865 2682 1943 2719 fieri
1965 2683 2092 2734 possit,

1107 2731 1231 2783 decipe
1253 2732 1371 2778 illum,
1389 2741 1427 2768 ut
1448 2732 1574 2769 Bahal)
1594 2732 1761 2769 meretrix
1778 2734 2017 2785 perquirentes
2031 2735 2093 2773 de-

1107 2784 1212 2835 cepit.
1233 2785 1285 2822 Ne
1301 2793 1334 2821 te
1349 2784 1526 2835 subjiciat,
1541 2794 1579 2821 ut
1599 2798 1709 2835 neque
1724 2785 1862 2823 Pharao
1878 2789 2043 2840 Moysem
2060 2798 2093 2826 et

1106 2839 1293 2886 Aaronem,
1315 2836 1374 2874 sed
1389 2837 1643 2874 circumvenito
1662 2837 1778 2884 illum,
1798 2847 1836 2876 ut
1861 2841 1957 2892 magi
1979 2841 2093 2878 Hero-

1103 2889 1197 2926 dem.
1221 2890 1274 2927 Ne
1302 2889 1337 2925 in
1367 2903 1478 2940 agone
1504 2889 1649 2927 deficias
1675 2906 1682 2926 :
1708 2890 1818 2928 hahes
1841 2891 1936 2929 enim
1958 2907 2091 2945 praece-

1103 2952 1241 2994 ptorem
1271 2943 1409 2992 Deum,
1446 2941 1624 2979 medicum
1663 2942 1858 2981 Christum.
1896 2946 1950 2982 Ne
1975 2945 2090 2983 deter-

1102 2994 1357 3032 reariszhahes
1389 2994 1483 3032 enim
1513 3004 1697 3036 unctorem
1716 2996 1891 3048 Spiritum
1917 3007 2089 3046 sanctum,

1102 3047 1166 3098 qui
1185 3062 1229 3084 ex
1251 3061 1359 3085 cornu
1381 3047 1557 3086 Samuelis
1574 3056 1617 3099 ¹te
1636 3049 1789 3100 mystico
1816 3059 1994 3100 unguento
2020 3065 2090 3088 un-

1103 3109 1170 3151 get.
1191 3101 1311 3150 Neque
1327 3100 1424 3137 sitim
1439 3109 1575 3138 metuas
1593 3117 1600 3137 :
1616 3101 1724 3139 habes
1744 3101 1837 3139 enim
1858 3103 1893 3139 in
1914 3111 1947 3140 te
1961 3117 2087 3152 aquam

12 3153 118 3200 Ιωνᾶ,
142 3153 301 3198 &valde-r,
322 3168 370 3191 σε.
389 3153 544 3205 Στρέψον
564 3153 604 3191 τὸ
632 3153 727 3204 ἅρμα
745 3157 809 3199 τῆς
832 3153 1030 3204 τυραννίδος
1053 3181 1084 3205 90
1102 3152 1233 3203 quietis
1246 3152 1414 3204 baptismi
1433 3167 1557 3205 nempe
1568 3168 1632 3205 per
1648 3154 1879 3203 cucurbitam,
1901 3164 1940 3191 ut
1957 3169 2088 3211 praeve-

0 3206 100 3242 αὐτοῦ
118 3221 124 3228 ·
146 3205 232 3256 βάλε
248 3197 351 3244 αὐτὸν
367 3207 413 3249 εἷς
433 3206 569 3258 βόθρον,
591 3205 626 3244 ὃν
642 3206 847 3258 εἰργάσατο·
865 3207 949 3257 βάλε
967 3207 1029 3243 αὖ·
1056 3217 1082 3247 A
1103 3205 1202 3243 niens
1223 3205 1353 3244 scilicet
1368 3220 1431 3258 per
1449 3205 1737 3258 praedicationem
1756 3208 1865 3253 Jonae,
1879 3216 1913 3243 te
1926 3207 2083 3264 recipiat.

0 3257 53 3304 τὸν
72 3260 119 3301 εἷς
138 3258 201 3304 τὴν
225 3260 365 3309 βαθεῖαν
385 3260 468 3298 ἐκεῖ.
496 3259 700 3309 ιΓαλμικῶς
729 3258 937 3307 ἀναὸόησον,
955 3258 1020 3296 Ἐκ

40 3365 56 3378 ⁸
83 3365 220 3406 [ἀτέ-ιιζε
240 3370 278 3403 εἰς
294 3372 343 3399 τόν
361 3364 482 3407 savit]

37 3417 53 3440 ¹³
78 3417 328 3461 [lest-'rssconjecit
349 3418 467 3461 savit]

1104 3257 1234 3296 Ererte
1255 3272 1401 3298 currum
1427 3258 1629 3311 tyrannidis
1658 3273 1733 3310 ejus
1751 3274 1757 3295 :
1777 3259 1908 3310 conjice
1929 3258 2033 3295 illum
2052 3272 2087 3295 m

1128 3374 1138 3387 ⁰
1163 3368 1215 3400 Sic
1226 3367 1348 3399 Mcsjn
1361 3365 1467 3398 Ediiis
1481 3365 1632 3409 quaedam
1648 3364 1785 3397 deerant
1799 3368 1833 3399 131*
1852 3369 2085 3407 ἁμαρτίαι-υτον.
