2481 3678
709 225 748 253 {N
786 224 896 253 JOAN
908 224 998 253 NEM
1035 225 1187 254 HOMIL.

89 304 408 358 προσκεκρούκεσαν
437 307 486 355 τῷ
512 306 604 356 Θεῷ.
634 303 704 342 Καὶ
726 309 825 343 τοῦτο
853 308 870 342 ὁ
890 305 1028 348 Παῦλος
1050 306 1108 351 δη-

89 366 157 402 λῶν
177 365 310 417 ἔλεγεν·
335 367 388 403 Οὐ
412 365 480 417 γάρ
503 366 574 402 ἐστι
602 363 765 411 διαστολὴ
787 364 954 403 Ἰουδαίου
985 381 1022 403 τε
1052 366 1111 403 καὶ

86 424 278 473 ἽΞλληνος·
298 426 424 468 πάντες
445 425 513 476 γὰρ
530 424 701 478 ἥμαρτον,
721 426 781 463 καὶ
809 429 1030 479 ὑστεροῦνται
1051 429 1112 472 τῆς

90 485 189 533 δόξης
206 490 264 525 τοῦ
284 488 396 534 Θεοῦ,
419 485 651 536 δικαιούμενοι
678 486 809 539 δωρεὰν
837 490 879 537 τῇ
914 489 1017 525 αὐτοῦ
1049 487 1114 539 χά-

94 563 172 600 ριτι.
189 547 259 585 Καὶ
275 551 375 585 τοῦτο
396 546 457 598 μὲν
489 547 580 585 ἅπαν
597 548 636 585 τὸ
649 548 836 598 κεφάλαιον
854 547 1038 600 χρησίμως
1057 548 1116 586 καὶ

91 609 223 661 σφόδρα
238 611 385 652 συνετῶς
396 610 473 646 κατ’
494 609 627 656 ἐκείνην
648 609 815 660 γυμνάζει
833 613 895 655 τὴν
919 610 1116 656 ἐπιστολήν.

91 668 269 721 Ἀνωτέρω
296 668 333 706 δὲ
358 670 418 708 καὶ
453 670 604 721 μείζονος
635 669 785 707 δείκνυσι
807 669 983 713 κολάσεως
1009 669 1119 714 ἀξίους

92 724 181 768 εἶναι
195 746 202 754 ·
224 729 332 770 ςΌσοι
351 731 419 785 γὰρ
441 734 474 769 ἐν
491 731 589 784 νόμῳ
614 730 784 783 ἥμαρτον,
802 730 859 768 διὰ
877 730 983 781 νόμου
1002 731 1119 783 κριθή·
1151 741 1157 751 ¹

94 808 232 840 σονται,
255 792 357 844 φησί·
374 792 547 840 τουτέστι,
573 791 833 845 χαλεπώτερον·
859 792 948 843 μετὰ
975 795 1037 838 τῆς
1060 792 1121 843 φύ-

95 869 181 896 σεως
197 852 255 891 καὶ
275 853 332 891 τὸν
349 853 453 903 νόμον
483 853 676 905 κατήγορον
705 851 852 905 ἔχοντες.
871 855 924 891 Οὐ
952 852 1062 904 ταύτῃ
1083 852 1119 891 δὲ

97 913 220 965 μόνον,
251 913 340 952 ἀλλὰ
370 917 420 967 τῷ
459 913 557 967 παρὰ
593 920 663 957 τοῖς
701 913 812 953 ἔθνεσι
847 918 906 953 τοῦ
944 914 1002 952 τὸν
1032 914 1121 953 Θεὸν

98 977 266 1027 βλασφημ
269 979 381 1014 sto-0022
399 978 604 1027 γεγενησθαι
621 975 743 1014 αἴτιοι·
758 975 1017 1029 ’1ὸ··”(ὰρονοαά
1034 991 1098 1025 μου
1114 1006 1123 1022 ,

96 1037 198 1090 φησὶ,
220 1039 261 1075 δι’
282 1040 371 1088 υμᾶς
399 1039 658 1089 βλασφημεῖται
687 1040 720 1076 ἐν
746 1042 817 1081 τοῖς
846 1038 987 1076 ἔθνεσιν.
1023 1037 1126 1076 Ἐπεὶ

1228 224 1288 253 tx.
1328 208 1386 252 al.
1429 222 1526 252 vm.
1633 224 1635 226 ·
2105 210 2163 255 (3⁷,

1181 304 1279 342 cebat
1303 303 1424 340 :Non
1455 305 1554 340 enim
1596 311 1649 339 est
1685 303 1878 341 distinctio
1910 306 2024 343 Jndaei
2062 318 2165 357 atque
2181 325 2268 352 mm,

1183 364 1301 403 Graeci
1328 380 1334 400 :
1358 377 1487 402 omnes
1503 367 1601 401 enim
1619 374 1888 414 peccaverunt,
1911 374 1946 403 et
1965 376 2074 417 egent
2086 369 2166 417 glo-
2179 364 2270 404 -²i·

1182 429 1242 465 ria
1272 427 1359 471 Dei,
1383 426 1587 478 justificati
1609 428 1729 477 gratis
1751 440 1820 476 per
1846 429 2012 477 graciam
2035 430 2166 478 ipsius.

1184 488 1260 526 Hoc
1282 502 1368 525 vero
1389 497 1495 539 caput
1523 497 1634 525 totuin
1661 488 1797 525 utiliter
1815 497 1848 525 et
1871 488 2065 527 admodum
2086 505 2171 542 pru-

1184 551 1307 590 denter
1327 551 1361 588 in
1383 550 1530 603 epistola
1551 551 1612 588 illa
1631 560 1833 602 pertractat.
1859 551 2033 603 Superius
2056 563 2173 590 autem

1185 613 1265 650 illos
1282 612 1409 664 majori
1428 611 1605 664 supplicio
1638 612 1765 663 dignos
1788 613 1943 650 ostendit
1965 629 1972 649 ε
1994 615 2173 663 Quicum-
2191 630 2313 658 Roma.
2327 638 2370 658 12,

1187 689 1261 727 que
1279 676 1380 713 enim
1398 677 1438 711 in
1459 675 1541 726 lege
1557 683 1828 726 peccaverunt,
1849 689 1917 726 per
1936 676 2055 727 legem
2069 678 2175 728 jndi-

1189 740 1382 775 cabantur
1399 751 1408 773 ε
1430 735 1471 773 id
1485 745 1550 785 est,
1573 736 1718 787 gravius
1734 752 1743 785 ;
1765 737 1847 787 quia
1866 746 1995 788 practer
2013 747 2176 775 naturam

1188 799 1303 850 legem
1324 812 1464 849 quoque
1487 807 1710 835 accusantem
1736 798 1929 836 habebunt.
1954 799 2075 849 Neque
2094 799 2177 837 hinc

1188 869 1342 909 tantum,
1363 859 1427 897 sed
1450 869 1484 897 et
1507 859 1605 910 quod
1630 860 1665 898 in
1692 875 1796 898 causa
1820 861 1952 898 fuerint
1975 875 2037 898 cur
2061 872 2178 913 gentes

1190 923 1308 959 Deum
1326 921 1612 974 blasphemarent
1636 938 1643 958 ι
1666 924 1813 960 Nomen
1841 925 1943 960 enim
1973 938 2109 967 meum,
2125 924 2179 961 in-
2195 934 2268 963 [sat.
2282 933 2330 962 52.
2349 934 2378 960 5.

1190 983 1282 1034 quit,
1307 996 1374 1034 per
1398 996 1470 1020 vos
1497 984 1787 1034 blasphematur
1811 985 1850 1019 in
1875 985 2064 1035 gentibus.
2091 985 2181 1022 Cum
2199 1002 2271 1029 Rom
2296 1010 2312 1028 2
2331 1002 2379 1036 2'1·

1192 1045 1303 1097 igitur
1321 1045 1389 1083 hoc
1407 1045 1564 1083 maxime
1581 1045 1759 1083 morderet
1777 1045 1876 1095 illos,
1893 1045 2023 1083 etenim
2036 1046 2181 1084 meden-

2276 325 2363 352 Ἆρα.

97 1101 154 1136 Οὖν
181 1114 282 1137 τουτο
309 1098 497 1150 μάλιστα
480 1115 522 1144 ην
542 1115 581 1137 ’ῖο
601 1099 723 1137 θακνῡν
745 1098 866 1143 αὐτούς
881 1099 892 1150 (
906 1099 965 1137 καὶ
984 1098 1051 1151 γὰρ
1066 1099 1155 1136 mh
1144 1121 1174 1144 55
1193 1106 1289 1144 tibus
1307 1120 1448 1157 quoque
1470 1120 1515 1144 ex
1532 1107 1801 1145 ciicumcisione
1820 1121 1873 1145 ies
1890 1107 2063 1159 stupenda
2082 1108 2182 1146 xide-

97 1165 168 1203 τοῖς
186 1159 452 1198 πεπιστευκόσιν
479 1162 517 1198 ἐκ
538 1176 616 1212 περ’
611 1176 730 1211 τομης
756 1160 948 1213 παράδοξον
976 1160 1016 1198 τὸ
1037 1176 1126 1212 πρα-

97 1237 172 1272 γμα
195 1214 283 1258 εἶναι
302 1220 432 1259 ἐδόκει·
451 1221 579 1258 διὸκαὶ
605 1221 785 1259 ἐνεκάλουν
810 1224 861 1272 τῷ
885 1221 1014 1272 Πέτρῳ
1041 1236 1127 1272 προς

100 1282 222 1326 αὐτοὺς
242 1282 311 1320 ἀπὸ
326 1282 540 1335 Καισαρείας
556 1281 798 1330 ἐπανελθόντι,
816 1281 869 1320 ὅτι
895 1282 980 1335 πρὸς
1003 1282 1129 1333 ἄνδρας

99 1342 331 1396 ἀκροὲυστίαν
349 1343 492 1395 ἔχοντας
512 1345 671 1390 εἰσ-ἦλθε,
686 1343 745 1381 καὶ
779 1343 966 1395 συνέφαγεν
998 1345 1128 1386 αὐτοῖς·

100 1404 160 1442 καὶ
186 1404 275 1455 μετὰ
299 1405 339 1442 τὸ
362 1409 484 1455 μαθεῖν
518 1404 581 1451 τὴν
612 1403 811 1455 οἰκονομίαν
836 1404 900 1450 τὴν
930 1408 989 1442 τοῦ
1016 1407 1129 1452 Θεοῦ,

100 1465 226 1503 ὅπάλιν
242 1465 303 1503 καὶ
324 1464 433 1508 οὕτως
453 1465 660 1515 ἐθαύμαζον,
681 1469 756 1509 πῶς
772 1465 832 1502 καὶ
862 1467 908 1509 εἷς
927 1464 972 1504 τὰ
1000 1465 1080 1512 ἔθνη
1107 1469 1128 1511 ἡ

102 1524 214 1578 δωρεὰ
236 1530 295 1563 τοῦ
317 1525 416 1577 ἁγίου
441 1525 648 1576 Πνεύματος
671 1525 878 1577 ἐκκέχυται,
897 1528 948 1578 τῷ
976 1525 1131 1571 ἐκπλήτ-

100 1589 220 1624 τεσθαι
247 1585 517 1637 ἐνδεικνύμενοι,
533 1589 579 1630 ὡς
601 1589 661 1624 οὐκ
678 1587 719 1624 ἅν
741 1602 826 1624 ποτε
841 1591 943 1625 τοῦτο
963 1586 1130 1639 προσεδό-

101 1663 212 1694 κησαν
234 1663 274 1685 το
297 1616 532 1700 παράδοξον)·
549 1648 624 1686 ἐπεὶ
640 1652 696 1686 οὖν
721 1647 797 1699 ῃδει
819 1664 872 1685 οτι
889 1647 1043 1699 μάλιστα
1069 1650 1131 1686 αὒ-

101 1711 169 1746 τῶν
199 1712 298 1747 τοῦτο
332 1708 577 1757 ι’·καθήτι-τετο,
613 1709 729 1748 πάντα
762 1716 855 1748 ποιεῖ
889 1708 984 1753 ὅπως
1019 1711 1130 1747 αὐτων

102 1768 160 1807 τὸν
174 1774 277 1821 τῦφον
295 1768 431 1820 κενώσῃ
443 1800 452 1817 ,
472 1770 532 1808 καὶ
551 1771 614 1817 τὴν
635 1770 836 1815 ἀλαζονείαν
853 1770 979 1822 ἐκλύση
1001 1771 1133 1823 σφόδρα

103 1831 274 1868 οἰδοῦσαν.
296 1830 367 1868 Καὶ
393 1830 458 1883 ὅρα
477 1835 553 1875 πῶς
573 1835 674 1870 τοῦτο
695 1838 799 1870 ποιεῖ.
819 1832 1024 1884 Διαλεχθεὶς
1051 1832 1133 1885 περὶ

103 1894 171 1929 τῶν
191 1890 423 1940 Ἑλληνικῶν,
439 1892 500 1930 καὶ
531 1891 642 1937 δείξας
667 1892 789 1937 αὐτοὺς
807 1893 971 1944 οὐδεμίαν
993 1893 1135 1945 ἔχοντας
1157 1902 1179 1931 Β

104 1951 292 2003 οὐδαμόθεν
327 1952 530 2004 ἀπολογίαν,
550 1952 628 1991 οὐδὲ
663 1953 787 1992 ἐλπίδα
812 1953 1006 2007 σωτηρίας,
1026 1970 1134 2001 κατη-

105 2012 259 2064 γορήσας
290 2029 327 2051 τε
349 2013 503 2066 ἀκριὸῶς
528 2013 590 2052 καὶ
616 2016 678 2060 τῆς
703 2017 772 2052 τῶν
806 2014 989 2066 δογμάτων
1024 2017 1135 2054 αὐτῶν

107 2074 336 2127 διαστροφῆς,
356 2074 417 2112 καὶ
436 2077 499 2121 τῆς
526 2075 606 2129 περὶ
626 2076 683 2114 τὸν
716 2075 788 2127 βίον
821 2076 1056 2129 ἀκαθαρσίας,
1077 2093 1137 2127 με-

105 2134 321 2181 τατίθησιν
306 2134 364 2173 επὶ
379 2151 456 2179 τους
477 2135 663 2180 Ἰουδαίους
683 2152 740 2174 τον
759 2136 881 2188 λόγον·
901 2137 983 2174 Εκαὶ
998 2137 1043 2176 τὰ
1069 2138 1138 2191 ἀπὸ

103 2200 164 2234 τοῦ
181 2195 359 2272 napozpvfirou
382 2196 575 2241 καταλέξας
607 2197 746 2235 ἅπαντα
763 2198 806 2235 δι’
830 2201 877 2236 ὡν
905 2197 1020 2250 ἔλεγεν
1043 2201 1135 2237 ἐκεῖ-

105 2272 181 2303 νος,
199 2255 254 2295 ὅτι
279 2255 399 2309 μιαροί
419 2273 509 2301 τινες
535 2262 623 2304 ἦσαν
644 2258 704 2296 καὶ
733 2258 864 2312 δολεροὶ
894 2259 954 2297 καὶ
973 2258 1137 2308 υπουλοι,

106 2318 166 2356 καὶ
186 2318 312 2362 πάντες
348 2318 423 2369 ἅμα
450 2319 708 2372 ἦχρειώθησαν,
736 2337 796 2359 και
827 2321 935 2364 οὐδεὶς
962 2323 996 2360 ἐν
1025 2323 1138 2366 αὐτοῖς

107 2381 243 2426 ἓκζητεῖ
274 2379 332 2418 τὸν
367 2355 470 2428 Θεὸν,
493 2382 568 2419 ἀλλ’
603 2381 777 2426 ἐξέκλιναν
810 2382 957 2430 πάντες,
988 2382 1048 2421 καὶ
1073 2382 1137 2422 ὅσα

106 2446 269 2488 τοιαῦτα,
293 2440 487 2493 ἐπήγαγεν·
509 2442 666 2493 Οἴδαμεν
689 2442 724 2481 δὲ
749 2442 803 2482 ὅτι
830 2443 896 2482 ὅσα
916 2447 934 2482 ὃ
954 2443 1055 2494 νόμος
1080 2444 1139 2483 λε’-

107 2518 180 2553 γει,
200 2508 270 2546 τοῖς
299 2505 332 2540 ἐν
352 2505 402 2553 τῷ
432 2502 529 2555 νόμῳ
546 2505 663 2552 λαλεῖ,
686 2503 742 2542 ἵνα
768 2510 838 2542 πᾶν
867 2504 980 2555 στόμα
1000 2508 1139 2556 φραγῇ,

109 2562 169 2600 καὶ
188 2562 348 2605 υπόδικος
366 2562 509 2614 γένηται
529 2580 596 2607 πας
622 2568 640 2602 ὁ
669 2563 801 2614 κόσμος
819 2567 868 2617 τῷ
889 2567 983 2603 Θει).
1001 2565 1140 2608 Πάντες

111 2621 178 2674 γαρ
201 2638 373 2675 ημαρτον,
394 2638 454 2660 και
485 2640 707 2677 υστερουνται
735 2640 797 2670 της
825 2625 922 2671 δόξης
951 2642 1010 2664 του
1039 2628 1141 2664 Θεου.

112 2682 160 2720 Τί
179 2686 235 2721 οὖν
259 2683 419 2758 ἐπαίρεις
434 2699 572 2731 σαυτον,

163 3252 176 3267 ²
191 3242 307 3277 Morel.
321 3247 410 3278 πάλιν
423 3249 472 3278 καὶ
490 3248 592 3283 οὕτως.
612 3245 714 3278 Savil.
732 3251 779 3280 ὅτι
793 3251 841 3280 καὶ
857 3249 961 3284 οὕτως.

164 3295 183 3319 b
206 3294 306 3327 Savil.
319 3295 367 3337 [et
379 3294 489 3328 Codd.
509 3297 585 3339 705,
603 3298 682 3340 706]
705 3303 887 3337 καθήπτετο,
906 3302 962 3342 ὅρα
972 3305 1033 3336 πῶς
1043 3300 1139 3331 αὐτῶν

123 3351 173 3379 τὸν
189 3353 279 3390 τῦφον
299 3352 430 3389 ἐκένωσε,
449 3353 498 3382 καὶ
515 3354 568 3388 τὴν
585 3353 761 3390 ἀλαζονείαν
777 3353 892 3389 ἐξέλυσε
911 3352 1025 3395 σφόδρα
1045 3353 1139 3383 οἰδοῦ-

121 3411 185 3430 σαν.
203 3401 365 3441 διαλεχθεὶς
382 3406 451 3443 γάρ.
471 3400 554 3440 Quae
571 3408 733 3443 quantum
761 3398 805 3433 ad
821 3411 952 3434 sensum
979 3412 997 3434 a
1014 3401 1129 3434 Morell

1148 1158 1300 1205 A‘batul
1318 1183 1410 1218 esse,
1432 1169 1662 1219 quamobrem
1682 1170 1830 1207 Pet1um
1847 1169 2057 1207 incusabant
2069 1171 2183 1208 Caesa-

1194 1243 1253 1266 rea
1275 1229 1322 1266 ad
1343 1243 1380 1267 se
1404 1229 1624 1276 1edeuntem‚
1653 1230 1751 1280 quod
1776 1231 1823 1268 ad
1847 1231 1944 1268 xiros
1969 1231 2185 1283 piaeputium

1195 1289 1362 1327 habentes
1382 1290 1560 1341 ingressus
1579 1300 1681 1341 esset,
1703 1300 1735 1329 et
1755 1306 1836 1328 cum
1855 1292 1926 1329 illis
1945 1292 2152 1330 comedisset
2174 1309 2180 1328 :

1196 1360 1229 1388 et
1251 1361 1440 1403 postquam
1456 1352 1522 1389 Dei
1537 1352 1766 1390 oeconomiam
1784 1353 2046 1403 intellexerant,
2066 1354 2185 1392 adhuc

1197 1412 1420 1449 mirabantur
1444 1427 1514 1463 quo
1543 1423 1646 1465 paeto
1671 1414 1807 1452 donum
1829 1415 1941 1453 saneti
1965 1416 2122 1468 Spiritus
2149 1417 2185 1454 in

1197 1482 1315 1523 gentes
1338 1473 1490 1510 effusum
1510 1484 1617 1522 esset;
1646 1489 1690 1512 ex
1721 1484 1864 1527 stupore
1886 1476 2124 1527 significantes
2152 1492 2188 1515 se

1198 1535 1395 1584 numquam
1408 1548 1483 1571 rem
1495 1543 1569 1571 tam
1582 1535 1800 1586 inopinatam
1812 1538 2080 1588 exspectavisse.
2095 1539 2189 1585 Quia

1199 1608 1282 1646 ergo
1299 1595 1432 1632 sciebat
1448 1595 1527 1633 illos
1543 1595 1611 1633 hoc
1628 1596 1857 1648 potissimum
1869 1611 1960 1649 aegre
1975 1598 2080 1647 ferre,
2097 1599 2190 1636 nihil

1199 1670 1268 1694 non
1283 1655 1356 1708 agit
1375 1665 1414 1694 ut
1432 1671 1554 1694 eorum
1570 1666 1746 1695 tumorem
1764 1657 1956 1710 deprimat,
1976 1668 2010 1697 et
2021 1674 2189 1711 arrogan-

1200 1717 1250 1755 tia
1278 1717 1417 1756 inflatos
1446 1717 1600 1770 dejiciat.
1631 1718 1678 1755 Et
1702 1718 1785 1757 vide
1821 1718 2001 1770 quomodo
2029 1719 2070 1758 id
2096 1729 2188 1772 agat.

1200 1781 1393 1830 Postquam
1411 1779 1455 1817 de
1473 1780 1666 1831 gentilibus
1691 1780 1899 1833 disputavel
1901 1791 1950 1831 at
1971 1782 2189 1821 ostenderat·
2223 1798 2392 1827 Judaeicar.

1201 1855 1270 1893 que
1305 1841 1384 1879 illos
1420 1842 1558 1880 nullam
1590 1856 1736 1894 pr01sus
1770 1842 2010 1881 defensionem
2042 1843 2186 1894 habere,
2204 1847 2316 1909 {uultur
2378 1852 2391 1868 ³

1202 1903 1409 1953 nullamque
1428 1917 1528 1955 spem
1550 1903 1689 1953 salutis,
1716 1903 1914 1954 acriterque
1942 1904 2024 1943 illos
2052 1905 2191 1943 incusa-
2231 1893 2295 1910 ³¹¹⁰

1201 1973 1301 2004 verat
1320 1964 1364 2002 de
1381 1964 1613 2016 perversitate
1639 1965 1809 2003 doctrinae
1834 1965 1949 2016 deque
1965 1967 2047 2006 vitae
2073 1967 2192 2019 impu-

1201 2026 1325 2076 ritate,
1347 2025 1394 2063 ad
1410 2027 1429 2065 J
1434 2025 1553 2064 uclaeos
1569 2040 1766 2064 sermonem
1778 2027 1943 2064 transfert
1960 2043 1966 2063 ε
1987 2041 2027 2064 ac
2043 2027 2193 2065 recensi-

1201 2087 1248 2126 tis
1285 2087 1328 2125 iis
1356 2087 1521 2125 omnibus
1549 2101 1628 2138 quae
1657 2088 1831 2140 propheta
1860 2088 1905 2126 de
1932 2089 2005 2127 illis
2034 2089 2190 2138 dixerat,

1202 2148 1301 2199 quod
1318 2148 1455 2186 scelesti
1473 2158 1601 2198 essent,
1627 2149 1756 2199 dolosi,
1784 2149 1921 2199 callidi,
1946 2150 2045 2201 quod
2074 2165 2194 2189 omnes

1202 2210 1347 2249 inutiles
1365 2211 1463 2260 facti,
1486 2225 1527 2248 ac
1545 2211 1666 2248 nullus
1685 2211 1721 2248 in
1741 2211 1785 2249 iis
1809 2221 1897 2250 esset
1919 2212 1981 2264 qui
2004 2214 2122 2251 Deum
2138 2227 2193 2250 re-

1203 2273 1374 2325 quii-·eiet,
1396 2272 1459 2310 sed
1475 2286 1595 2310 omnes
1618 2272 1867 2323 declinassent,
1889 2282 1922 2311 et
1939 2274 2085 2323 similia,
2108 2275 2192 2311 sub-

1204 2331 1328 2369 didit.
1347 2331 1494 2369 Scimus
1516 2340 1642 2369 autem
1657 2334 1841 2384 quoniam
1867 2346 2115 2383 quaecumque
2129 2333 2192 2370 lex
2206 2341 2294 2369 Rom
2301 2339 2331 2370 3.
2341 2338 2391 2368 ·8.

1207 2393 1392 2444 loquitur,
1409 2395 1454 2430 iis
1471 2395 1538 2444 qui
1556 2395 1597 2428 in
1619 2393 1698 2443 lege
1711 2400 1800 2429 sunt
1820 2392 2007 2442 loquitur;
2024 2400 2066 2429 ut
2082 2406 2194 2430 omne
2207 2388 2235 2410 ⁰²
2248 2383 2297 2410 23.

1206 2467 1247 2491 os
1267 2455 1504 2500 obstruatur,
1526 2460 1563 2489 et
1581 2454 1755 2490 subditus
1772 2453 1853 2503 fiat
1879 2455 2003 2489 omnis
2027 2454 2194 2491 mundus

1209 2517 1307 2552 Deo.
1331 2516 1471 2551 Omnes
1486 2516 1587 2550 enim
1601 2521 1870 2563 peccaverunt,
1886 2522 1920 2550 et
1938 2522 2054 2564 egent
2070 2514 2196 2565 gloria

1212 2577 1296 2613 Dei.
1311 2574 1412 2620 Quid
1426 2588 1507 2625 ergo
1524 2582 1558 2610 te
1572 2574 1688 2622 effers,
1703 2575 1723 2612 J
1727 2572 1850 2611 udaee‘?
1868 2587 1931 2611 cur
1945 2574 2059 2611 altum
2076 2575 2195 2627 sapis?

1208 2637 1300 2674 Nam
1320 2648 1358 2672 os
1377 2647 1516 2684 quoque
1532 2642 1635 2671 tuum
1653 2634 1876 2672 obstructum
1888 2643 1953 2684 est,
1967 2644 2001 2672 et
2015 2635 2196 2674 confiden-

593 2685 808 2732 ωῙΟυΟαῖεὶ
823 2685 857 2722 τί
889 2685 979 2737 μέγα
993 2692 1143 2738 φρθνῑῖςό
1164 2696 1188 2727 C
1209 2697 1258 2735 tia
1276 2706 1337 2734 tua
1356 2695 1509 2744 sublata,
1531 2708 1572 2732 ac
1587 2708 1669 2732 cum
1686 2694 1853 2733 univelso
1875 2695 2009 2734 mundo
2027 2706 2067 2734 tu
2084 2697 2198 2736 factus

111 2743 182 2782 Καὶ
206 2742 274 2796 γὰρ
301 2744 361 2782 καὶ
388 2745 427 2782 τὸ
460 2745 517 2782 σὸν
538 2744 781 2798 ἐμπεφρακται
813 2745 945 2796 στόμα,
976 2746 1035 2783 καὶ
1053 2750 1075 2793 ἢ
1099 2746 1141 2793 σὴ

112 2804 295 2858 παρρησία
316 2805 508 2858 ἀνῄρηται,
529 2821 589 2843 και
606 2805 695 2856 μετὰ
715 2822 775 2844 του
788 2805 920 2857 κόσμου
935 2823 1063 2850 παντος
1084 2807 1144 2844 καὶ

114 2865 155 2903 σὺ
181 2865 324 2918 γέγονας
344 2866 526 2914 ὑπόδικος,
547 2867 607 2905 καὶ
624 2867 752 2918 ὁμοίως
771 2873 841 2910 τοῖς
857 2867 974 2911 ἄλλοις
990 2870 1023 2906 ἐν
1043 2867 1145 2920 χρεία

115 2926 336 2974 καθέστηκας
369 2932 428 2966 τοῦ
465 2927 596 2980 δωρεὰν
636 2929 878 2974 δικαιωθῆναι.
912 2929 1045 2981 Ἐχρῆν
1083 2929 1143 2980 μὲν

115 2985 172 3030 οὖν
213 2992 302 3043 μηδὲ
329 2995 358 3031 εἷ
388 2993 631 3047 κατωρθωκὼς
653 2989 716 3043 ἧς,
745 2995 805 3033 καὶ
834 2995 1032 3047 παῤῥησίαν
1061 2997 1146 3033 πολ-

115 3057 178 3105 λὴν
224 3053 313 3112 εἶχες
344 3060 430 3113 πρὸς
466 3061 524 3099 τὸν
555 3062 666 3110 Θεὸν,
702 3061 791 3113 μηδὲ
819 3061 909 3101 οὕτω
948 3068 1019 3106 τοῖς
1055 3062 1142 3113 μέλ-

115 3125 232 3162 λουσιν
251 3127 419 3164 ἐλεεῖσθαι
435 3126 495 3164 καὶ
515 3125 684 3170 σώζεσθαι
703 3128 760 3166 διὰ
781 3127 1042 3180 φιλανθρωπίαν
1064 3131 1144 3179 φθο-

1209 2771 1245 2794 es
1274 2755 1454 2804 subditus,
1475 2764 1510 2793 et
1530 2755 1680 2807 perinde
1703 2765 1810 2807 atque
1831 2756 1894 2794 alii
1918 2771 2007 2809 opus
2028 2757 2136 2797 habes
2159 2768 2201 2797 ut

1210 2818 1319 2869 gratis
1340 2816 1559 2869 justificeris.
1587 2817 1784 2869 Oportebat
1813 2827 1904 2856 certe
1928 2818 2067 2856 etiamsi
2090 2820 2201 2871 probe

1209 2879 1376 2928 vixisses,
1397 2887 1431 2916 et
1449 2877 1621 2916 fiduciam
1640 2879 1792 2916 multam
1809 2880 1908 2932 apud
1921 2882 2036 2918 Deum
2056 2881 2201 2920 habuis-

1211 2955 1279 2991 ses,
1305 2940 1377 2978 illis
1406 2953 1475 2978 non
1506 2939 1682 2990 invidere,
1707 2940 1769 2991 qui
1787 2955 1851 2992 per
1861 2941 2114 2993 benignitatem
2136 2943 2205 2980 Dei

1213 3001 1497 3041 misericordiam
1511 3010 1546 3040 et
1559 3002 1708 3040 salutem
1722 3003 1974 3053 consequuturi
1987 3013 2097 3041 erant.
2111 3005 2205 3042 Nam

1213 3074 1380 3104 extremae
1399 3064 1564 3115 nequitiae
1584 3074 1649 3114 est,
1671 3064 1825 3102 aliorum
1845 3065 1940 3103 bona
1958 3065 2079 3116 inique
2097 3066 2201 3115 ferre,

1215 3141 1298 3165 cum
1319 3125 1476 3164 maxime
1491 3125 1566 3163 sine
1584 3126 1658 3162 ullo
1676 3134 1737 3163 tuo
1754 3125 1969 3164 detrimento
1989 3126 2028 3164 id
2044 3127 2207 3165 futurum

1202 3245 1344 3278 lectione
1361 3256 1429 3278 non
1445 3243 1617 3279 differunt.
1643 3243 1775 3277 Ibidem
1795 3243 1961 3283 ὲλληνικῶν
1974 3270 1982 3285 ,
2012 3246 2137 3278 Boisius
2166 3245 2211 3278 le-

1204 3297 1351 3342 gendum
1367 3296 1554 3340 suspicatur
1576 3295 1725 3335 ἑλλήνων.

1251 3360 1264 3375 ⁰
1286 3348 1403 3382 Morel.
1423 3351 1489 3383 εἶτα
1506 3354 1556 3383 τά.
1578 3346 1679 3381 Savil.
1694 3352 1742 3381 καὶ
1758 3352 1808 3381 τά·

1992 3446 2029 3479 6.
