2481 3678
294 215 351 272 ‘78
708 228 745 257 ς.
783 226 965 258 ,ΙΟΑΝΝΙΒ
1000 221 1250 253 CHRYSOST.
1291 221 1495 252 ABCHIEP.
1534 221 1889 253 CONSTANTINOP.

708 249 725 257 Q

290 310 521 359 adoratur055
548 309 755 360 angelorum
793 317 902 346 coetus
931 319 1079 357 magnus
1117 302 1276 352 undique

290 372 423 409 effusus
443 371 595 409 Domino
614 386 678 409 suo
710 369 977 416 ministrabant,
998 366 1187 418 ipsumque
1205 362 1274 414 hy-

291 432 384 470 mnis
403 432 628 470 celebrabant
645 447 656 481 3
672 440 705 469 et
723 429 785 467 alii
805 437 947 481 repente
961 438 1138 478 praecones
1157 422 1275 461 insur-

110 501 217 529 Chrisu
227 502 279 529 ad·
292 493 434 544 gebant,
453 505 642 542 omnesque
657 490 763 528 simul
780 488 849 527 sibi
868 486 1022 525 invicem
1037 493 1273 534 occurrentes,

89 549 191 611 {51:¹¹³
233 553 277 570 ω’
292 568 460 592 arcanum
480 554 545 591 hoe
574 551 782 604 mysterium
813 547 1051 596 nuntiabant,
1074 544 1275 597 pastoribus

291 615 421 665 angeli,
443 615 583 652 civibus
602 621 757 664 pastores
771 626 782 660 3
806 607 955 647 Gabriel
982 605 1107 643 Mariae
1136 614 1169 642 et
1198 604 1276 642 Eli-

291 676 469 723 sabetha‘3
503 674 544 711 iis
573 672 639 722 qui
684 671 719 708 in
752 669 883 721 templo
912 675 1011 704 erant
1039 667 1136 703 Anna
1166 673 1200 702 et
1218 664 1275 703 Si—

292 752 405 776 meon.
428 737 500 773 Nec
522 733 593 772 viri
621 731 854 781 mulieresque
872 728 987 766 solum
1006 726 1129 764 laetitia
1149 740 1275 778 magna

291 808 371 836 sunt
393 797 524 847 affecti,
546 794 735 834 sedetiam
753 791 922 845 puerulus
945 788 1105 827 nondum
1124 802 1169 825 ex
1194 788 1275 826 vul-

291 875 336 897 ττι
353 874 525 911 egressus,
546 857 621 907 ille,
649 857 805 906 inquam,
825 851 955 891 deserti
973 851 1102 901 cultor,
1124 863 1275 901 evange-

290 922 379 960 listae
416 919 660 973 cognominis,
694 915 887 955 exsultavit
919 914 955 951 in
987 922 1086 950 utero
1122 911 1273 949 matris:

290 996 479 1033 omnesque
502 995 563 1034 spe
581 980 627 1018 ad
647 980 808 1017 futurum
835 984 978 1029 partum
1005 973 1205 1011 inhiabant.
1229 973 1276 1010 Et

288 1047 365 1085 haee
393 1045 540 1096 quidem
558 1043 650 1082 circa
668 1051 792 1095 partus
816 1050 951 1091 tempus
963 1054 975 1088 3
999 1036 1140 1088 quando
1158 1045 1275 1073 autem

289 1107 445 1160 seipsum
483 1105 596 1157 magis
634 1102 799 1142 exhibuit
811 1131 822 1151 ,
856 1113 978 1138 rursus
1006 1098 1075 1136 alia
1104 1097 1276 1135 miracula

288 1168 468 1221 prioribus
491 1167 624 1219 majora
655 1163 923 1217 splenduerunt.
946 1160 1026 1197 Non
1056 1159 1150 1194 ultra
1180 1157 1275 1195 enim

288 1230 390 1267 stella
419 1238 453 1267 et
479 1229 619 1276 eaelum,
645 1240 714 1264 non
747 1222 863 1275 angeli
896 1231 929 1259 et
957 1219 1175 1270 archangeli,
1205 1233 1274 1256 non

289 1289 439 1329 Gabriel
457 1298 490 1326 et
508 1287 664 1326 Michael
678 1301 689 1335 3
704 1284 767 1323 sed
789 1284 864 1335 ipse
883 1283 986 1319 Pater
1005 1292 1155 1331 superne
1173 1287 1207 1316 et
1227 1293 1274 1316 ex

287 1353 372 1391 caelo
401 1350 620 1404 praedicabat
637 1348 755 1398 illum,
776 1355 810 1384 et
840 1358 922 1383 eum
951 1344 1054 1380 Patre
1073 1341 1275 1378 Paracletus

286 1413 457 1453 advolans
489 1410 536 1449 ad
564 1410 669 1447 illum
695 1421 778 1446 cum
808 1418 908 1454 voce,
931 1415 1147 1451 manensque
1166 1415 1271 1453 supra

285 1475 417 1527 ipsum.
440 1474 534 1513 Vere
553 1479 740 1524 propterea
759 1466 854 1505 dixit
875 1481 882 1501 :
913 1464 1086 1502 Vidimus
1108 1462 1272 1514 gloriam

285 1541 392 1591 ejus,
414 1537 575 1589 gloriam
606 1534 718 1586 quasi
743 1528 939 1579 Unigeniti
956 1541 981 1564 a
999 1527 1131 1563 Patre.
1151 1525 1272 1576 Neque

285 1608 430 1652 propter
461 1598 523 1635 illa
552 1596 695 1645 solum,
719 1592 782 1631 sed
809 1598 955 1643 propter
988 1602 1027 1625 ea
1058 1586 1165 1624 etiam
1194 1600 1271 1636 quae

285 1669 432 1711 sequuta
466 1667 560 1696 sunt.
586 1658 665 1695 Non
692 1654 785 1691 ultra
813 1651 907 1690 enim
936 1657 1092 1701 pastores
1119 1656 1268 1697 tantum,

286 1722 343 1760 vel
361 1720 496 1770 viduae,
518 1718 576 1757 vel
594 1731 690 1756 senes
713 1712 814 1753 nobis
832 1712 937 1750 illum
955 1708 1165 1747 annuntiant
1176 1723 1188 1758 3
1210 1707 1273 1746 sed

285 1783 392 1822 etiam
411 1783 487 1835 ipsa
505 1794 627 1819 rerum
644 1787 768 1816 natura
787 1775 871 1821 tuba
891 1771 1021 1810 clarius
1040 1770 1195 1808 clamans
1207 1799 1218 1820 ,
1240 1778 1274 1807 et

285 1855 359 1883 tam
377 1845 447 1882 alta
465 1857 566 1892 voce,
582 1850 621 1878 ut
637 1841 710 1892 ejus
729 1851 834 1876 sonus
853 1834 972 1873 statim
989 1833 1173 1883 hucusque
1190 1845 1274 1884 per-

84 1915 199 1943 Mazth.
219 1911 247 1953 4.
287 1905 436 1945 venerit.
460 1901 627 1941 Pervenit
653 1899 762 1950 enim,
789 1897 919 1947 inquit,
942 1893 1105 1944 usquein
1129 1893 1273 1945 Syriam

89 1955 140 1995 ²4·
286 1968 379 2005 fama
401 1955 501 2019 ejus,
513 1978 590 2015 quae
609 1963 728 2015 ipsum
746 1958 911 1998 omnibus
930 1955 1106 1995 revelavit
1123 1970 1130 1990 :
1153 1954 1272 1992 omnia

287 2028 444 2079 undique
470 2025 684 2073 clamabant,
705 2035 822 2073 regem
849 2019 1018 2057 caelorum
1045 2015 1267 2054 adventasse.

287 2092 376 2128 Nam
401 2089 576 2127 daemones
594 2085 753 2135 undique
780 2081 961 2133 fugiebant
987 2087 1020 2116 et
1042 2076 1267 2128 resiliebant,

287 2151 452 2190 diabolus
472 2148 663 2188 obvolutus
682 2144 881 2193 recedebat,
907 2142 982 2193 ipsa
1012 2154 1106 2178 mors
1130 2139 1270 2192 repulsa

288 2213 447 2262 interim,
463 2219 581 2264 postea
603 2208 741 2261 penitus
761 2205 891 2244 abolita
911 2212 981 2240 est:
1002 2215 1104 2239 omne
1118 2201 1269 2238 infirmi-

288 2275 367 2313 tatis
405 2287 514 2325 genus
550 2271 707 2308 solutum
744 2275 820 2317 est,
853 2271 1078 2302 monumenta
1115 2271 1270 2299 mortuos

287 2334 508 2383 emittebant,
530 2331 668 2368 insanos
686 2326 858 2366 daemonia
879 2323 1138 2374 relinquebant,
1156 2322 1271 2359 morbi

290 2397 450 2434 infirmos
477 2393 683 2431 deserebant
692 2406 701 2440 3
725 2389 916 2438 videreque
944 2395 1018 2423 erat
1048 2398 1102 2421 res
1130 2392 1273 2435 stupen-

288 2457 351 2495 das
370 2465 403 2493 ct
420 2453 614 2502 mirabiles,
636 2465 712 2501 quae
727 2451 808 2502 jure
825 2447 1005 2501 prophetae
1024 2444 1274 2482 desiderabant

288 2519 436 2565 videre,
466 2525 500 2553 et
528 2529 595 2552 non
626 2511 807 2550 viderunt.
830 2508 966 2548 Videre
998 2515 1071 2544 erat
1106 2506 1273 2542 formatos

288 2582 422 2629 oculos,
444 2589 477 2616 et
493 2578 583 2615 illud
605 2587 676 2614 tam
692 2573 861 2627 optabile,
880 2572 980 2623 eujus
999 2583 1118 2608 omnes
1138 2578 1271 2621 speeta-

290 2652 380 2681 tores
402 2654 474 2677 esse
493 2637 695 2689 cupiebant,
718 2632 894 2685 quomodo
920 2631 1097 2669 Adamum
1115 2629 1159 2667 de
1179 2639 1270 2667 terra

289 2705 470 2741 formasset
488 2702 597 2748 Deus,
621 2697 659 2734 id
685 2696 785 2733 brevi
806 2704 839 2732 et
870 2694 905 2731 in
924 2691 1165 2746 praestantiore
1195 2705 1272 2728 cor-

292 2765 385 2817 poris
405 2771 504 2815 parte
531 2758 770 2797 ostendentem
789 2755 971 2793 Christum
989 2769 1000 2803 3
1024 2752 1181 2791 membra
1213 2751 1269 2789 in-

290 2840 395 2878 super
413 2822 569 2876 paralysi
592 2820 705 2857 soluta
724 2826 757 2853 et
776 2816 959 2865 (slissoluta,
972 2815 1047 2867 jam
1066 2814 1226 2851 restituta
1238 2822 1271 2850 et

292 2887 427 2927 caeteris
456 2884 635 2937 copulata,
657 2893 781 2917 manus
807 2886 981 2914 emortuas
1002 2884 1097 2913 motu
1114 2874 1271 2927 gauden-

289 2961 350 3000 tes,
365 2948 471 3002 pedes
481 2946 613 2984 solutos
621 2949 763 2994 repente
777 2938 992 2986 exsilientes,
1011 2950 1111 2974 aures
1131 2936 1268 2974 obstru-

287 3021 359 3049 ctas
383 3010 458 3062 jam
483 3014 640 3059 apertaS,
671 3011 704 3040 et
727 3000 887 3051 linguam
916 3011 1042 3048 magno
1068 2997 1186 3034 sonitu
1214 2997 1267 3034 lo-

287 3081 464 3124 quentem,
494 3082 571 3119 quae
601 3065 699 3119 prius
727 3071 824 3100 muta
848 3069 934 3098 erat.
953 3058 1266 3105 Quemadmodum

324 3226 336 3239 c
354 3224 434 3254 πῶς,
453 3218 529 3243 ante
543 3215 638 3253 ἀστήρ
656 3206 749 3239 deest
763 3203 795 3236 ln
812 3201 912 3236 Silxll.
933 3202 980 3244 [ct
997 3199 1081 3233 Cod.
1100 3200 1176 3232 705,
1194 3200 1282 3230 Tum

281 3273 416 3307 uterque
433 3274 508 3295 cum
524 3259 608 3292 Cod.
627 3260 690 3291 706
709 3262 805 3301 ἀστὴρ
821 3260 876 3298 μέν
893 3254 961 3285 sine
975 3250 1062 3297 γάρ.)
1074 3251 1151 3282 Mox
1166 3249 1280 3282 Morel.

278 3321 410 3360 ἀγγέλων
440 3319 468 3348 δὲ
489 3318 576 3356 δῆμοι
603 3316 729 3357 οὐράνιοι
757 3315 924 3353 φαινόμενοι
950 3310 997 3339 ἐπὶ
1013 3313 1064 3346 γῆς
1088 3312 1130 3346 τῷ
1155 3305 1282 3346 δεσπότῃ

279 3372 483 3404 διακονούντων
506 3370 551 3398 καὶ
576 3366 787 3406 ἀνυμνοὺντων.
817 3358 958 3392 §avilius
975 3363 1007 3388 et
1023 3356 1098 3388 Mss.
1120 3362 1155 3386 ut
1183 3366 1233 3396 sul
1246 3365 1279 3385 ra

278 3420 413 3453 habent.

1346 303 1471 350 εΠίῖἆς,
1491 302 1617 356 Ἀστὴρ
1648 302 1708 354 μὲν
1738 303 1805 356 γὰρ
1834 305 1894 341 ἀπ’
1925 305 2066 355 οὐρανοῦ
2089 301 2219 353 μάγους
2247 303 2362 340 καλῶν

1345 363 1647 415 προσκυνήσαντας
1688 364 1790 404 αὐτόν
1804 380 1811 386 ·
1852 363 2006 415 ἀγγέλων
2045 362 2080 400 δὲ
2117 362 2217 414 ὄχλος
2252 361 2358 406 πολὺς

1344 430 1524 476 πανταχοῦ
1540 425 1725 477 κεχυμένος
1740 425 1797 463 τὸν
1821 424 2001 471 Δεσπότην
2031 422 2278 476 περιεπόντων,
2305 422 2365 460 καὶ

1345 485 1583 535 ἀνυμνούντων
1599 486 1698 525 αὐτόν
1713 503 1720 510 ·
1739 486 1798 525 καὶ
1818 485 1928 539 ἕτεροι
1948 484 1983 523 δὲ
2003 484 2164 531 ἐξαπίνης
2182 485 2365 536 ἀνεφύοντο

1344 545 1506 600 κήρυκες,
1530 548 1590 586 καὶ
1619 547 1743 592 πάντες
1763 547 1924 594 ἀλλήλοις
1944 546 2205 592 (ιάπαντῶντες,
2226 547 2366 596 εὐηγγε-

1343 607 1475 652 λίζοντο
1491 609 1530 647 τὸ
1546 610 1740 662 ἀπόρρητον
1767 614 1866 647 τοῦτο
1887 608 2086 660 μυστήριον,
2106 607 2184 651 τοὺς
2201 606 2261 657 μὲν
2281 623 2363 644 ποι-

1295 702 1325 725 68
1345 667 1449 718 μένας
1465 672 1496 708 οἱ
1511 670 1669 722 ἄγγελοι,
1695 669 1772 713 τοὺς
1802 669 1837 706 δὲ
1869 673 1931 715 τῆς
1956 668 2088 712 πόλεως
2125 671 2155 706 οἱ
2185 668 2363 718 ποιμένες·

1300 739 1322 768 Α
1343 731 1402 769 καὶ
1421 731 1482 779 τὴν
1514 732 1577 783 μὲν
1600 732 1740 785 Μαρίαν
1757 735 1774 770 ὃ
1795 729 1956 784 1ἀ6ριὴλ
1983 729 2043 768 καὶ
2069 729 2131 776 τὴν
2154 729 2364 777 Ἰίλισάῧετς

1342 790 1420 836 τοὺς
1434 792 1469 831 δὲ
1486 796 1533 837 εἷς
1551 794 1589 832 τὸ
1603 794 1691 845 ἱερὸν
1706 791 2001 846 παραγινομένους
2020 795 2042 839 ἡ
2071 789 2174 829 Ἄννα
2196 790 2284 841 μετὰ
2305 793 2365 829 τοῦ

1343 852 1500 903 Συμεών.
1521 857 1597 892 Οὐκ
1613 855 1731 907 ἄνδρες
1757 853 1793 891 δὲ
1817 853 1876 891 καὶ
1904 858 2062 904 γυναῖκες
2088 851 2190 902 μόνον
2214 852 2280 890 ὑπὸ
2303 855 2366 898 τῆς

1343 914 1466 960 ἡδονῆς
1483 914 1739 968 ἐπτερώθησαν,
1759 913 1849 953 ἀλλὰ
1864 914 1924 952 καὶ
1942 914 1982 951 τὸ
2001 913 2147 964 μηδέπω
2176 913 2298 966 βρέφος
2319 914 2366 956 εἷς

1344 977 1414 1025 φῶς
1428 973 1572 1023 ἐξελθὸν,
1588 979 1605 1014 ὁ
1622 978 1684 1022 τῆς
1700 976 1829 1028 ἐρήμου
1849 975 2004 1021 πολίτης,
2026 974 2117 1026 λέγω
2129 1004 2138 1019 ,
2166 973 2225 1011 καὶ
2244 973 2365 1012 τούτου

1343 1035 1525 1088 ὁμώνυμος
1550 1043 1609 1076 τοῦ
1635 1040 1894 1090 εὐαγγελιστοῦ,
1915 1037 2114 1090 ἐσκίρτησεν
2143 1038 2177 1074 ἐν
2205 1039 2248 1088 τῇ
2268 1035 2367 1082 νηδύϊ

1344 1100 1405 1144 τῆς
1432 1098 1561 1150 μητρὸς
1580 1098 1626 1136 ὢν
1649 1099 1718 1146 ἔτι,
1744 1098 1803 1136 καὶ
1822 1099 1947 1142 πάντες
1968 1097 2134 1150 μετέωροι
2155 1103 2230 1140 ταῖς
2250 1096 2366 1135 ἐλπίσι

1343 1158 1429 1210 πρὸς
1455 1158 1499 1196 τὰ
1530 1159 1699 1208 μέλλοντα
1730 1153 1831 1205 ἦσαν.
1858 1159 1929 1197 Καὶ
1959 1164 2069 1198 ταῦτα
2097 1158 2157 1209 μὲν
2177 1158 2276 1212 παρὰ
2306 1157 2363 1196 τὸν

1344 1217 1443 1256 τόκον
1465 1219 1606 1262 εὐθέως·
1633 1219 1690 1258 ὅτε
1711 1218 1746 1258 δὲ
1773 1219 1829 1259 ἐπὶ
1848 1220 1951 1258 πλέον
1971 1220 2091 1258 ἑαυτὸν
2113 1219 2271 1271 ἐξέφηνε,
2293 1219 2366 1257 πά-

1343 1279 1396 1315 λιν
1423 1278 1524 1331 ἕτερα
1545 1279 1705 1330 θαύματα
1723 1282 1791 1317 τῶν
1819 1279 1995 1333 προτέρων
2026 1279 2182 1332 ἐφαίνετο
2211 1279 2364 1330 μείζονα.

1344 1340 1420 1377 Οὐκ
1439 1339 1489 1377 ἔτι
1517 1339 1585 1392 γὰρ
1606 1339 1715 1393 ἀστὴρ
1750 1340 1810 1378 καὶ
1840 1341 1997 1394 οὐρανὸς,
2029 1339 2103 1378 οὐδὲ
2133 1339 2274 1391 ἄγγελοι
2303 1338 2363 1376 καὶ

1298 1411 1320 1440 Β
1343 1399 1571 1452 ἀρχάγγελοι,
1601 1400 1678 1439 οὐδὲ
1694 1403 1723 1439 Γ
1726 1400 1855 1455 αὸριὴλ
1881 1401 1940 1439 καὶ
1970 1401 2138 1453 Μιχαὴλ,
2160 1402 2235 1438 ἀλλ’
2264 1399 2364 1442 αὐτὸς

1343 1460 1442 1498 αὐτὸν
1466 1461 1594 1500 ἄνωθεν
1625 1463 1693 1501 ἀπὸ
1713 1466 1780 1501 τῶν
1804 1465 1955 1515 οὐρανῶν
1979 1463 2161 1516 ἐκήρυττεν
2181 1465 2199 1500 ὃ
2215 1461 2361 1514 Πατὴρ,

1341 1521 1400 1558 καὶ
1418 1522 1507 1572 μετὰ
1518 1528 1577 1562 τοῦ
1592 1524 1730 1577 Πατρὸς
1745 1528 1762 1562 ὃ
1776 1524 2007 1578 Παράκλητος
2022 1523 2252 1575 ἐφιπτάμενος
2271 1525 2364 1575 αὐτῷ

1342 1583 1431 1633 μετὰ
1453 1587 1514 1631 τῆς
1543 1589 1678 1637 φωνῆς,
1707 1586 1767 1624 καὶ
1789 1586 1899 1636 μένων
1928 1588 1981 1625 ἐπ’
2002 1585 2115 1624 αὐτόν.
2144 1584 2281 1628 ’Όντως
2303 1584 2360 1622 διὰ

1339 1649 1449 1682 ταῦτα
1468 1645 1598 1698 ἔλεγεν·
1619 1647 1864 1698 Ἐθεασάμεθα
1889 1646 1951 1694 τὴν
1980 1646 2080 1691 δόξαν
2107 1648 2227 1693 αὐτοῦ,
2260 1644 2361 1689 δόξαν

1341 1708 1387 1749 ὣς
1401 1707 1613 1758 Μονογενοῦς
1627 1707 1723 1761 παρὰ
1742 1708 1892 1761 Πατρός.
1913 1710 1965 1747 Οὐ
1980 1707 2037 1746 διὰ
2057 1712 2167 1746 ταῦτα
2192 1705 2227 1745 δὲ
2248 1705 2362 1758 μόνον,

1343 1767 1432 1806 ἀλλὰ
1454 1768 1513 1806 καὶ
1542 1769 1599 1808 διὰ
1619 1770 1658 1808 τὸ
1690 1770 1778 1821 μετὰ
1804 1775 1914 1809 ταῦτα
1938 1769 2039 1808 τοῦτο’
2059 1785 2175 1821 φησιν.
2205 1770 2281 1806 Οὐκ
2311 1768 2363 1806 ἔτι

1341 1827 1409 1882 γὰρ
1435 1829 1597 1881 ποιμένες
1621 1831 1735 1883 μόνον,
1764 1830 1839 1870 οὐδὲ
1867 1833 1977 1884 χῆραι
1995 1836 2174 1882 γυναῖκες,
2196 1829 2272 1868 οὐδὲ
2304 1829 2364 1867 ἄν·

1343 1891 1418 1943 δρες
1432 1893 1623 1944 πρεσὸῧται
1645 1898 1740 1943 ἡμᾶς
1767 1892 2062 1945 εὐαγγελίζονται,
2084 1892 2173 1930 ἀλλὰ
2192 1891 2252 1930 καὶ
2273 1890 2362 1937 αὐτὴ

1340 1955 1408 1989 τῶν
1425 1953 1642 2005 πραγμάτων
1655 1959 1669 1975 ²¹
1680 1958 1701 2001 ἡ
1717 1953 1835 2006 φύσις,
1855 1953 1971 2000 πάσης
1993 1953 2183 2005 σάλπιγγος
2195 1952 2362 2003 λαμπρό-

1339 2029 1435 2066 τερον
1459 2016 1576 2065 βοῶσα
1589 2030 1596 2038 ·
1616 2014 1676 2053 καὶ
1695 2014 1784 2053 οὕτω
1803 2014 1952 2067 γεγωνὸς
1964 2045 1973 2062 ,
1996 2017 2041 2057 ὡς
2055 2013 2115 2052 καὶ
2136 2016 2281 2052 ἐνταῦθα
2303 2015 2363 2050 αὐ-

1339 2076 1400 2120 τῆς
1415 2073 1537 2118 εὐθέως
1556 2077 1764 2122 ἀκουσθῆναι
1780 2076 1837 2114 τὸν
1853 2070 1952 2127 ἦχον.
1973 2075 2121 2121 Ἀπῆλθε
2139 2074 2226 2127 γὰρ,
2246 2072 2362 2126 φησὶν,

1341 2137 1388 2180 εἰς
1401 2135 1463 2183 τὴν
1483 2136 1613 2188 Συρίαν
1630 2140 1652 2183 ἡ
1673 2136 1758 2184 ἀκοὴ
1780 2140 1900 2182 αὐτοῦ,
1916 2136 1976 2174 καὶ
1990 2143 2097 2175 πᾶσιν
2114 2136 2213 2174 αὐτὸν
2231 2135 2363 2174 ἀπεκά-

1294 2200 1318 2230 C
1339 2199 1463 2235 λυπτε·
1486 2198 1545 2236 καὶ
1567 2197 1681 2235 πάντα
1701 2197 1867 2236 πάντοθεν
1895 2198 1995 2245 effla,
2023 2197 2075 2234 ὅτι
2107 2196 2266 2248 βασιλεὺς
2292 2199 2362 2235 τῶν

1340 2261 1491 2310 οὐρανῶν
1516 2259 1763 2310 παραγέγονεν.
1788 2259 1838 2297 Οἵ
1861 2275 1898 2297 τε
1916 2258 1983 2310 γὰρ
2006 2259 2165 2309 δαίμονες
2191 2259 2361 2297 πάντοθεν

1340 2319 1479 2372 ἔφευγον
1509 2319 1568 2357 καὶ
1596 2319 1797 2366 ἀπεπήδων,
1811 2319 1831 2358 δ’
1843 2335 1881 2357 τε
1900 2319 2056 2363 διάῧολος
2077 2320 2360 2371 ἐγκαλυψάμενος

1341 2380 1356 2401 ¹³
1368 2380 1560 2433 ὑπεχώρει,
1584 2380 1683 2423 αὐτός
1701 2396 1738 2418 τε
1757 2384 1774 2418 ὁ
1794 2380 1938 2423 Θάνατος
1956 2380 2162 2423 ὑπεξίστατο
2180 2380 2266 2423 τέως
2278 2411 2287 2428 ,
2305 2380 2365 2419 καὶ

1343 2443 1431 2493 μετὰ
1451 2447 1560 2481 ταῦτα
1578 2441 1691 2480 τέλεον
1710 2441 1909 2494 ἠφανίζετο·
1937 2442 1995 2479 καὶ
2027 2441 2142 2488 πάσης
2168 2441 2364 2495 ἀρρωστίας

1342 2498 1428 2547 εἶδος
1446 2503 1577 2551 ἐλύετο,
1592 2503 1651 2540 καὶ
1672 2501 1749 2546 τοὺς
1766 2502 1826 2553 μὲν
1848 2501 1987 2553 νεκροὺς
2002 2502 2096 2554 ἠφίει
2116 2502 2158 2540 τὰ
2175 2503 2343 2554 μνήματα
2356 2533 2365 2550 ,

1341 2565 1417 2608 τοὺς
1434 2565 1468 2603 δὲ
1487 2564 1684 2616 μεμηνότας
1709 2566 1739 2601 οἳ
1764 2563 1922 2614 δαίμονες
1939 2593 1947 2610 ,
1967 2562 2043 2607 τοὺς
2059 2563 2093 2602 δὲ
2111 2562 2309 2616 ἀρρώστους
2330 2567 2365 2602 αἱ

1341 2626 1451 2664 νόσοι·
1466 2626 1525 2664 καὶ
1538 2620 1580 2673 ἧν
1597 2626 1679 2663 ἰδεῖν
1695 2623 1887 2676 πράγματα
1902 2624 2082 2676 παράδοξα
2096 2625 2154 2662 καὶ
2167 2625 2366 2676 Θαυμαστὰ,

1341 2688 1400 2726 καὶ
1416 2688 1504 2740 ἅπερ
1521 2686 1660 2729 εἰκότως
1680 2684 1901 2735 ἐπεθύμησαν
1918 2689 2094 2738 προφῆται
2114 2688 2208 2734 ἰδεῖν,
2225 2686 2284 2724 καὶ
2302 2689 2364 2724 οὐκ

1341 2743 1441 2786 εἶδον.
1452 2742 1533 2805 -ῗΗν
1547 2747 1614 2799 γὰρ
1635 2748 1716 2784 ἰδεῖν
1731 2746 1926 2798 ὀφθαλμοὺς
1951 2747 2265 2797 διαπλαττομένους
2277 2777 2286 2794 ,
2304 2747 2364 2784 καὶ

1340 2809 1380 2846 τὸ
1394 2808 1548 2847 ποθεινὸν
1565 2811 1685 2856 ἐκεῖνο,
1703 2806 1721 2845 ὃ
1739 2807 1865 2851 πάντες
1880 2807 2101 2857 ἐπεθύμησαν
2114 2807 2153 2844 ἂν
2171 2809 2265 2855 ἰδεῖν,
2289 2810 2364 2852 πῶς

1294 2882 1318 2911 D
1340 2870 1397 2907 τὸν
1419 2868 1530 2919 Ἀδὰμ
1543 2868 1612 2906 ἀπὸ
1626 2870 1687 2914 τῆς
1703 2869 1766 2919 γ’ῆς
1785 2867 1932 2905 ἔπλασεν
1952 2870 1969 2905 ὁ
1986 2869 2073 2911 Θεὸς
2085 2899 2094 2915 ,
2109 2873 2209 2906 τοῦτο
2225 2871 2259 2906 ἐν
2278 2872 2362 2921 βρα-

1339 2934 1394 2981 χεῖ
1407 2935 1511 2967 πᾶσιν
1528 2927 1782 2976 ἐπιδεικνύντα,
1803 2927 1862 2965 καὶ
1876 2930 1911 2966 ἐν
1925 2930 1974 2980 τῷ
1992 2929 2140 2979 βελτίονι
2159 2933 2217 2967 τοῦ
2233 2929 2360 2980 σώμα-

1337 3005 1394 3034 τος
1407 2990 1520 3043 μέρει·
1536 2988 1581 3027 τά
1592 3004 1629 3026 τε
1640 2988 1909 3040 παραλελυμένα
1923 2989 1982 3026 καὶ
1995 2989 2205 3040 διῳκισμένα
2216 2991 2360 3041 συγκολ-

1336 3051 1477 3102 λώμενα
1500 3051 1587 3102 μέλη
1601 3081 1610 3099 ,
1631 3049 1691 3088 καὶ
1710 3048 1873 3095 ἀλλήλοις
1891 3049 2218 3100 συναρμοττόμενα,
2237 3055 2357 3101 χεῖρας

1393 3196 1410 3219 d
1427 3192 1540 3225 Morel.
1554 3198 1704 3228 συνιόντες.
1723 3188 1827 3222 Savil.
1846 3195 2050 3228 &mura-2223.

1393 3258 1406 3273 ³
1421 3243 1534 3279 Morcl.
1551 3249 1568 3282 ἡ
1580 3246 1670 3288 φύσις.
1691 3240 1793 3275 Savil.
1814 3246 1832 3280 ἡ
1849 3249 1942 3285 φωνή.

1393 3301 1409 3323 h
1426 3296 1526 3331 Savil.
1543 3297 1589 3338 [et
1615 3292 1723 3327 Codd.
1745 3293 1819 3334 cib]
1840 3300 2039 3338 ἀνεχώρησεν,
2062 3296 2077 3326 ὅ
2103 3306 2135 3326 τε
2153 3296 2279 3329 θάνατος
2304 3295 2353 3325 ὑπ.

1349 3358 1428 3393 τότε,
1450 3356 1508 3384 azzi.
