2522 3683
176 1000 281 1027 Petrus
299 1005 341 1027 to-

158 1043 215 1069 tius
267 1042 344 1069 orbis

157 1083 270 1111 doctor.

354 154 446 198 600
801 164 839 194 s.
876 161 1062 194 somnus
1097 160 1339 192 cuursoss.

351 251 479 287 futurae
509 246 632 285 mortis
655 245 808 284 modum
831 244 1017 296 significat.
1040 242 1134 290 Quia
1157 240 1253 279 enim
1272 241 1338 277 Pe-

351 320 426 348 trus
442 323 579 361 semper
591 322 655 360 pro
676 307 819 345 Christo
837 304 993 358 pericula
1014 303 1132 341 subire
1152 301 1337 354 cupiebat,

352 371 514 421 Confide,
544 369 679 420 inquit3
707 368 756 406 ita
788 366 1007 405 desiderium
1028 363 1184 416 implebo
1211 372 1336 411 tuum,

351 440 391 469 ut
407 446 461 479 ea,
483 445 561 482 qua:
579 444 649 467 non
661 428 804 481 juvenis
822 440 1010 480 perpessus
1028 439 1076 475 es,
1097 438 1204 463 senex
1225 422 1337 475 patia-

352 492 415 530 ris.
435 492 572 530 Deinde
587 491 786 529 auditorem
805 491 942 540 erigens
958 487 1173 539 evangelista
1188 485 1309 523 intulit
1327 499 1334 520 :

1379 159 1497 188 Anctl
1508 159 1594 188 IEP.
1634 159 1979 190 CONSTANTINOP.

1409 241 1489 277 ὅταν
1508 239 1633 292 ἐπέλθῃ
1656 240 1696 278 τὸ
1715 239 1825 294 γῆρας
1836 271 1845 288 ,
1865 241 1943 280 τότε
1960 244 1981 288 ἡ
2000 240 2159 294 ἀριστεία
2177 240 2402 295 λαμπροτέρα
2418 269 2428 288 ,

1407 301 1485 339 τότε
1501 305 1523 348 ἡ
1541 302 1754 353 ἀνδραγαθία
1773 303 2048 356 περιφανεστέρα
2060 333 2069 351 ,
2086 303 2180 341 οὐδὲν
2196 302 2264 341 ἀπὸ
2279 306 2342 349 τῆς
2360 304 2431 349 ἡλι-

1407 362 1484 405 κίας
1506 362 1724 413 κωλυομένη.
1739 365 1863 403 Ταῦτα
1881 365 1916 403 δὲ
1937 365 2064 417 ἔλεγεν,
2083 367 2120 403 οὐ
2139 363 2431 414 καταπληττόμε-

1411 440 1466 468 νος
1484 424 1599 472 αὐτὸν,
1616 424 1707 462 ἀλλὰ
1723 425 1896 478 διεγείρων
1913 442 1920 450 ·
1940 426 2015 478 ᾔδει
2034 425 2101 478 γὰρ
2116 428 2217 463 αὐτοῦ
2237 425 2292 462 τὸν
2314 423 2431 469 πόθον,

1352 526 1399 550 527
1412 485 1472 523 καὶ
1491 485 1543 523 ὅτι
1564 489 1664 524 τοῦτο
1683 485 1795 524 πάλαι
1810 486 1910 524 ὤδινε
1928 488 1967 526 τὸ
1984 487 2089 526 καλόν
2105 503 2112 509 ·
2130 489 2216 537 ὁμοῦ
2241 485 2276 523 δὲ
2292 484 2352 523 καὶ
2374 483 2432 521 τὸν

354 556 414 592 19.
434 556 528 592 Hoec
544 562 675 591 autem
694 553 858 597 dicebat,
881 550 1106 601 significans
1123 561 1201 601 qua
1218 555 1339 584 morte
1366 562 1391 591 Α
1413 546 1539 600 τρόπον
1561 548 1658 594 δηλοῖ
1675 551 1735 585 τοῦ
1754 547 1913 586 θανάτου.
1936 547 2080 595 Ἐπειδὴ
2101 547 2167 600 γὰρ
2189 550 2207 585 ὁ
2226 545 2358 597 Πέτρος
2378 544 2435 583 διὰ

352 617 641 669 clarificaturus
653 623 749 652 esset
760 614 899 651 Deum.
921 613 1000 650 Non
1015 610 1124 660 dixit,
1142 610 1339 648 Moriturus

352 687 441 715 esset
453 693 464 727 5
485 676 558 726 sed,
570 676 871 728 Clarzficatztrus
886 682 982 712 esset
991 674 1139 710 Deum:
1152 680 1190 708 ut
1207 670 1337 721 discas,

353 739 426 791 pati
440 753 504 790 pro
521 737 676 786 Christo,
692 736 843 788 gloriam
857 749 929 773 6556
945 743 979 772 et
991 734 1172 772 honorem.
1189 734 1225 770 E
1230 741 1242 769 t
1254 745 1340 769 cum

354 801 437 836 lzoec
456 800 634 844 dixisset,
658 800 714 835 ait
731 813 741 833 .·
755 798 918 849 Sequere
937 811 1009 833 me.
1031 795 1095 833 His
1112 792 1264 832 ostendit
1282 807 1341 830 cu-

355 877 431 901 ram
457 872 489 900 et
507 862 674 900 affectum
705 875 875 913 magnum
905 874 986 912 erga
1015 860 1145 912 ipsum.
1177 857 1287 906 Quod
1311 857 1342 894 si

354 927 436 978 quis
460 925 610 973 dixerit,
632 926 704 963 Cur
732 939 814 976 ergo
846 923 1001 963 Jacobus
1034 921 1342 974 Jerosolymorum

356 988 524 1026 thronum
539 987 698 1038 accepit?
716 985 954 1037 respondebo,
974 985 1118 1021 Petrum
1135 997 1205 1020 non
1222 980 1343 1019 throni

358 1049 480 1102 hujus,
504 1048 568 1086 sed
586 1047 693 1084 totius
709 1047 805 1083 orbis
832 1045 1013 1083 doctorem
1030 1058 1049 1080 a
1066 1043 1206 1081 Christo
1233 1051 1344 1079 statu-

357 1119 434 1147 tum
452 1109 572 1147 fuisse.
598 1108 662 1145 ΞΟ.
699 1108 914 1145 Conversus
934 1119 1021 1157 ergo
1052 1106 1210 1151 Petrus,
1241 1103 1344 1140 vidit

358 1172 471 1208 illum
501 1169 745 1220 discipulum,
770 1181 883 1220 quem
910 1167 1096 1218 diligebat
1125 1166 1253 1211 Jews,
1283 1178 1343 1202 se-
1371 1175 1395 1204 Β

358 1240 550 1283 (luentem,
572 1232 638 1281 qui
657 1237 693 1266 et
711 1230 885 1266 recubuit
904 1230 945 1264 in
962 1241 1070 1265 coena
1087 1240 1200 1277 super
1212 1234 1346 1276 peetus

357 1294 455 1344 eju&
476 1300 511 1330 et
527 1291 627 1328 dixit
646 1305 655 1326 .·
675 1290 858 1339 Domine,
877 1289 940 1326 Ιιίε
960 1296 1090 1326 autem
1110 1287 1205 1338 quid
1218 1290 1235 1323 Ρ

410 1721 448 1756 2
483 1719 563 1765 Qua
579 1716 636 1754 [de
661 1730 765 1754 causa
793 1715 991 1753 recubitum
1017 1714 1121 1752 illum
1146 1712 1346 1751 memorat?

357 1779 437 1816 Non
455 1779 518 1816 ahs
535 1792 584 1826 re,
603 1777 664 1816 sed
685 1786 723 1814 ut
742 1776 904 1814 ostendat
919 1785 1089 1827 quantam
1108 1778 1232 1814 Petrus
1254 1775 1347 1812 fidu-

356 1839 448 1876 ciam
462 1840 608 1876 haberet
626 1847 705 1890 post
723 1837 954 1888 negationem.
974 1837 1048 1885 Qui
1067 1836 1162 1874 enim
1180 1845 1261 1873 tunc
1279 1849 1347 1874 non

356 1901 509 1938 audebat
535 1901 765 1951 interrogare,
792 1899 853 1936 sed
881 1899 982 1936 alteri
1010 1907 1048 1936 ut
1068 1897 1106 1935 id
1125 1899 1254 1936 faceret
1285 1912 1347 1936 an-

357 1962 502 2010 nuebat,
524 1961 582 1998 hie
609 1960 857 2012 praefecturam
873 1959 908 1997 in
928 1959 1054 1996 fratres
1069 1958 1207 1996 habuit.
1227 1959 1349 2009 Neque

358 2022 474 2059 solum
488 2036 550 2058 sua
571 2035 639 2058 non
659 2020 758 2058 alteri
779 2019 980 2068 committit,
998 2019 1056 2057 sed
1075 2019 1182 2057 etiam
1195 2034 1260 2072 pro
1278 2020 1349 2057 alio

358 2084 432 2135 ipse
452 2083 666 2135 Magistrum
689 2083 895 2133 interrogat,
922 2091 955 2120 et
971 2083 1107 2121 Joanne
1125 2091 1272 2131 tacente,
1289 2083 1351 2120 ille

359 2144 526 2195 loquitur.
546 2144 614 2181 Hic
638 2152 744 2196 porro
771 2157 929 2181 amorem
959 2142 1111 2181 ostendit
1140 2157 1246 2193 quem
1268 2157 1351 2194 erga

359 2206 464 2243 illum
495 2205 623 2243 habuit
650 2221 658 2241 ι
688 2219 770 2242 nam
798 2207 924 2242 Petrus
952 2206 1125 2244 Joannem
1156 2203 1353 2242 admodum

360 2270 524 2317 amabat,
548 2279 586 2306 ut
605 2284 651 2306 ex
671 2268 895 2319 sequentibus
923 2267 1034 2318 liquet
1050 2283 1060 2317 5
1083 2282 1216 2319 perque
1238 2276 1353 2305 totum

361 2331 604 2381 Evangelium
631 2330 706 2367 haee
734 2329 953 2367 necessitudo
976 2328 1192 2376 ostenditur,
1218 2342 1355 2367 necnon

363 2394 400 2431 in
432 2393 580 2430 Actibus
609 2392 870 2444 Apostolorum.
894 2390 990 2439 Quia
1015 2405 1098 2442 ergo
1131 2404 1259 2441 magna
1286 2390 1355 2442 ipsi

363 2454 598 2508 praedixerat,
618 2454 740 2491 orbem
760 2453 1001 2500 commiserat,
1022 2451 1235 2505 martyrium
1267 2466 1356 2503 prae-

365 2516 560 2562 nuntiarat,
579 2516 749 2567 majorem
763 2529 870 2565 quam
890 2523 1097 2552 caeterorum
1111 2527 1268 2551 amorem
1282 2513 1358 2564 ejus

367 2577 598 2625 indicaverat,
621 2577 742 2615 volens
762 2578 887 2614 Petrus
911 2576 1007 2613 hunc
1034 2583 1231 2613 consortem
1253 2574 1358 2612 habc-

372 2652 420 2685 re,
439 2638 554 2676 dixit:
576 2640 653 2675 Jlic
669 2646 799 2675 autem
819 2637 939 2689 quid?
955 2650 1071 2674 annon
1092 2635 1216 2674 eadem
1241 2635 1361 2673 nobis-

375 2712 456 2735 cum
474 2699 531 2736 via
559 2697 722 2736 incedet?
746 2700 798 2735 Ac
823 2697 1123 2748 quemadmodum
1149 2707 1234 2735 tunc
1249 2728 1259 2747 ,
1281 2712 1362 2735 eum

376 2760 590 2809 interrogare
620 2775 689 2798 non
718 2759 888 2809 auderet,
912 2759 1007 2797 hunc
1037 2759 1186 2811 protulit
1213 2775 1220 2796 ε
1251 2760 1301 2798 sic
1331 2770 1364 2798 et

377 2835 471 2858 nunc
490 2821 605 2858 vicem
626 2820 787 2869 reddens,
809 2829 1007 2872 putansque
1022 2820 1140 2872 ipsum
1160 2820 1205 2858 de
1221 2835 1256 2858 se
1274 2821 1366 2859 velle

379 2880 606 2931 interrogare,
628 2896 689 2918 nec
711 2881 851 2929 audere,
871 2881 948 2934 ipse
966 2881 1175 2919 sciscitatur.
1196 2882 1295 2929 Quid
1312 2896 1366 2920 er-

381 2955 425 2993 go
449 2941 636 2978 Christus?
662 2945 727 2979 5232.
752 2944 791 2979 Si
820 2957 906 2980 eum
933 2944 1026 2980 volo
1058 2957 1215 2981 manere
1246 2944 1367 2981 donec

381 3005 554 3047 veniam,
576 3003 671 3052 quid
692 3003 745 3039 ad
761 3011 795 3039 te
812 3007 827 3039 P
843 3004 937 3049 Quia
954 3017 1082 3055 magno
1099 3013 1216 3041 motus
1230 3003 1368 3041 deside-

383 3063 436 3100 rio
461 3062 498 3100 id
521 3062 663 3099 dicebat
682 3064 820 3111 Petrus,
839 3063 936 3113 quod
953 3064 1060 3101 nollet
1079 3065 1124 3102 ab
1140 3079 1178 3103 eo
1200 3065 1368 3117 separari,

384 3123 570 3162 ostendens
598 3123 763 3161 Clu-istus
799 3125 987 3173 quantavis
1028 3126 1146 3177 ipsum
1183 3126 1370 3165 dilectione

384 3193 667 3237 prosequeretur,
686 3197 753 3221 non
771 3192 885 3221 tamen
906 3199 1006 3222 suam
1025 3186 1195 3237 attingere
1210 3187 1371 3225 dilectio-

385 3261 477 3294 nem,
495 3246 566 3283 ait:
585 3245 625 3284 Si
641 3259 727 3283 eum
743 3246 836 3283 volo
857 3260 1026 3291 manere,
1046 3249 1143 3299 quid
1156 3249 1210 3285 ad
1225 3256 1260 3285 te
1272 3251 1288 3284 P
1316 3248 1371 3286 his

386 3306 548 3345 erudiens
568 3320 630 3344 nos
645 3320 713 3345 non
738 3320 829 3357 segre
849 3306 1032 3345 serendum
1051 3321 1134 3357 csse,
1155 3321 1216 3345 nce
1235 3308 1370 3348 curiose

1414 608 1541 652 παντὸς
1566 600 1838 646 ἐδούλετο”εἷναι
1868 611 1901 646 ἐν
1920 615 1990 652 τοῖς
2008 608 2095 662 ὑπὲρ
2118 611 2221 646 αὐτοῦ
2243 606 2410 649 κινδύνοις
2425 632 2435 650 ,

1416 668 1557 721 θάῤῥει,
1587 669 1690 721 φησίν
1707 686 1714 693 ·
1743 669 1833 708 οὕτω
1854 668 1921 721 γὰρ
1943 669 2113 720 ἐμπλήσω
2142 684 2202 707 σου
2227 667 2291 714 τὴν
2318 669 2435 705 ἐπιθυ-

1418 730 1516 781 μίαν,
1540 730 1629 769 ὥστε
1655 731 1743 784 ἅπερ
1766 733 1827 769 οὐκ
1855 730 1978 774 ἔπαθες
1999 729 2073 774 νέος
2100 729 2160 778 ὢν,
2182 729 2294 767 ταῦτά
2323 744 2361 767 σε
2386 729 2436 765 δεῖ

1415 794 1536 829 παθεῖν
1557 792 1790 844 γεγηρακότα.
1811 786 1900 830 Εἶτα
1916 791 2056 844 ἐγείρων
2074 790 2132 829 τὸν
2149 788 2322 843 ἀκροατὴν
2343 792 2360 826 ὃ
2382 789 2437 825 εὖ·

1417 853 1643 903 αγγελιστὴς,
1676 854 1832 906 ἐπήγαγε
1847 869 1854 876 ·
1879 856 2003 892 Ταῦτα
2037 851 2073 891 δὲ
2110 851 2222 903 ἔλεγε,
2256 849 2436 901 σημαίνων

1417 912 1506 965 ποίῳ
1522 914 1659 967 θανάτῳ
1679 914 1815 959 δοξάσει
1830 915 1886 953 τὸν
1908 914 2015 953 Θεόν.
2037 915 2114 952 Οὐκ
2128 907 2236 960 εἶπεν,
2252 914 2437 949 ἀποθανεῖ-

1416 991 1475 1012 ται
1492 991 1500 998 ·
1520 976 1628 1023 ἀλλὰ,
1651 976 1796 1022 Δοξάσει
1815 976 1873 1014 τὸν
1894 977 1996 1022 Θεὸν,
2014 975 2071 1014 ἵνα
2092 975 2222 1026 μάθῃς,
2242 974 2293 1011 ὅτι
2311 972 2350 1010 τὸ
2371 988 2439 1010 πα-

1418 1039 1486 1074 θεῖν
1503 1036 1589 1090 ὓπὲρ
1607 1041 1666 1075 τοῦ
1682 1039 1854 1090 Χριστοῦ,
1870 1037 1951 1082 δόξα
1970 1042 2029 1076 τοῦ
2050 1037 2245 1088 πάσχοντος
2261 1034 2320 1073 καὶ
2338 1034 2437 1084 τιμή.

1419 1097 1490 1134 Καὶ
1505 1102 1616 1136 ταῦτα
1637 1097 1757 1146 εἰπὼν,
1780 1099 1864 1148 φησὶ
1880 1129 1890 1147 ,
1918 1099 2031 1149 λέγει·
2060 1096 2239 1135 ἀκολούθει
2265 1111 2336 1147 μοι.
2358 1095 2439 1133 Ἔν-

1418 1161 1533 1195 τεῦθεν
1553 1158 1659 1196 πάλιν
1679 1159 1717 1196 τὸ
1733 1159 1959 1210 κηδεμονικὸν
1977 1158 2185 1207 αἰνίττεται,
2205 1157 2264 1196 καὶ
2293 1157 2332 1194 τὸ
2362 1156 2443 1209 σφό-

1422 1219 1486 1270 δρα
1504 1219 1589 1272 πρὸς
1608 1220 1708 1258 αὐτὸν
1727 1219 1862 1262 οἰκείως
1889 1221 2093 1258 διακεῖσθαι.
2117 1220 2161 1256 Εἰ
2190 1218 2224 1257 δὲ
2258 1217 2353 1268 λέγοι
2373 1233 2443 1265 τις,

1422 1281 1496 1323 πῶς
1515 1273 1573 1318 οἶν
1593 1283 1610 1318 ὃ
1632 1280 1800 1324 Ἴάκωθός
1820 1280 1878 1318 τὸν
1899 1280 2016 1333 θρόνον
2037 1279 2140 1319 ἔλαθε
2161 1283 2230 1317 τῶν
2250 1277 2445 1330 Ἱεροσολύ-

1425 1357 1517 1392 μων;
1547 1344 1657 1380 ἐκεῖνο
1680 1342 1720 1380 ἂν
1753 1343 1904 1393 εἴποιμι,
1924 1342 1978 1380 ὅτι
1995 1345 2115 1380 τοῦτον
2148 1343 2185 1380 οὗ
2213 1345 2272 1378 τοῦ
2302 1339 2445 1392 θρόνου,

1426 1403 1516 1441 ἀλλὰ
1564 1407 1626 1451 τῆς
1681 1403 1883 1454 οἰκουμένης
1933 1402 2173 1456 ἐχειροτόνησε
2223 1401 2444 1439 διδάσκαλον.

1423 1464 1597 1517 Στραφεὶς
1641 1459 1698 1503 οὖν
1724 1469 1742 1503 ὃ
1769 1464 1903 1516 Πέτρος
1937 1464 2058 1516 βλέπει
2091 1465 2149 1503 τὸν
2195 1463 2368 1515 μαθητὴν,
2409 1463 2446 1502 ὃν

1422 1526 1544 1577 ἠγάπα
1564 1529 1581 1564 ὃ
1594 1527 1729 1574 Ἰησοῦς
1749 1517 2014 1572 ἀκολουθοῦντα,
2033 1525 2068 1569 ὃς
2083 1525 2142 1563 καὶ
2164 1525 2326 1563 ἀνέπεσεν
2346 1525 2380 1561 ἐν
2396 1526 2446 1575 τῷ

1423 1587 1551 1640 δείπνῳ
1572 1588 1629 1626 ἐπὶ
1649 1587 1689 1626 τὸ
1712 1589 1836 1634 σ’τῆθος
1851 1589 1953 1625 αὐτοῦ
1967 1603 1974 1610 ·
1995 1586 2055 1625 καὶ
2072 1587 2188 1639 λέγει·
2203 1586 2328 1638 Κύριε,
2350 1580 2447 1630 οὗτος

1423 1649 1458 1687 δὲ
1475 1649 1509 1688 τί
1518 1666 1528 1697 ;

1475 1711 1578 1756 Τίνος
1594 1711 1707 1750 ἕνεκεν
1728 1711 1919 1762 ἀνέμνησεν
1940 1714 2034 1762 ἡμᾶς
2050 1713 2112 1756 τῆς
2132 1709 2343 1752 ἀνακλίσεως
2359 1708 2449 1747 ἐκεί-

1421 1788 1499 1820 νης,
1516 1773 1598 1824 Οὐχ
1612 1773 1731 1816 ἁπλῶς
1756 1771 1832 1810 οὐδὲ
1853 1774 1898 1815 ὣς
1919 1771 2051 1823 ἔτυχεν,
2073 1770 2162 1809 ἀλλὰ
2183 1769 2316 1814 δεικνὺς
2331 1769 2414 1815 ὅσην
2431 1771 2449 1806 ὃ

1422 1833 1556 1886 Πέτρος
1583 1833 1645 1881 τὴν
1668 1833 1867 1886 παρρησίαν
1896 1832 1978 1885 ἔσχε
2008 1832 2097 1883 μετὰ
2127 1831 2189 1879 τὴν
2224 1832 2380 1885 ἄρνησιν.
2404 1830 2448 1869 Ὁ

1421 1894 1489 1947 γὰρ
1507 1894 1585 1933 τότε
1599 1894 1647 1945 μὴ
1664 1897 1803 1946 τολμῶν
1821 1897 1993 1946 ἐρωτῆσαι
2007 1924 2016 1941 ,
2033 1894 2109 1931 ἀλλ’
2125 1892 2230 1945 ἑτέρῳ
2245 1897 2357 1931 ταῦτα
2373 1893 2449 1930 ἐπι-

1421 1956 1572 2008 τρέπων,
1599 1951 1695 2001 οὗτος
1722 1956 1780 1995 καὶ
1807 1955 1869 2002 τὴν
1903 1954 2117 2008 προστασίαν
2138 1953 2360 1999 ἐνεπιστεύθη
2381 1957 2450 1991 τῶν

1423 2018 1591 2070 ἀδελφῶν.
1611 2017 1680 2056 Καὶ
1696 2020 1733 2055 οὐ
1753 2017 1855 2069 μόνον
1876 2016 1982 2069 ἑτέρῳ
1999 2016 2043 2054 τὰ
2061 2017 2138 2054 καθ’
2159 2015 2277 2054 ἑαυτὸν
2299 2018 2358 2054 οὐκ
2373 2016 2451 2052 ἔπι-

1422 2078 1560 2130 τρέπει,
1582 2079 1672 2117 ἀλλὰ
1697 2078 1756 2117 καὶ
1781 2079 1883 2123 αὐτὸς
1908 2077 1996 2131 ὑπὲρ
2013 2076 2129 2130 ἑτέρου
2148 2076 2317 2130 προσάγει
2334 2079 2384 2129 τῷ
2402 2078 2452 2114 δι·

1425 2140 1589 2192 δασκάλῳ
1619 2144 1740 2179 πεῦσιν
1782 2139 1927 2178 λοιπόν·
1960 2139 2020 2177 καὶ
2052 2138 2218 2184 Ἰωάννης
2254 2138 2317 2189 μὲν
2345 2145 2452 2189 σιγᾷ,

1426 2204 1552 2245 ἐκεῖνος
1581 2201 1616 2238 δὲ
1647 2200 1854 2252 διαλέγεται.
1886 2199 2049 2238 Δείκνυσι
2080 2199 2116 2238 δὲ
2145 2199 2204 2237 καὶ
2227 2201 2372 2237 ἐνταῦθα
2390 2198 2452 2244 τὴν

1428 2262 1629 2314 ἀγάπην,ἣν
1640 2261 1725 2313 πρὸς
1739 2260 1841 2298 αὐτὸν
1859 2255 1948 2312 εἶχε·
1965 2259 2025 2298 καὶ
2041 2259 2108 2311 γὰρ
2124 2259 2255 2311 σφόδρα
2271 2258 2380 2310 ἐφίλει
2395 2258 2452 2295 τὸν

1429 2323 1593 2369 Ἰωάννην
1614 2326 1631 2360 ὁ
1647 2322 1780 2375 Πέτρος
1792 2337 1800 2344 ·
1817 2321 1877 2359 καὶ
1897 2326 1996 2359 τοῦτο
2012 2321 2071 2358 καὶ
2091 2322 2130 2358 ἐκ
2150 2323 2218 2358 τῶν
2242 2319 2330 2371 μετὰ
2345 2324 2455 2358 ταῦτα

1429 2385 1548 2431 δῆλον·
1572 2382 1632 2421 καὶ
1664 2382 1721 2420 διὰ
1752 2385 1811 2419 τοῦ
1836 2381 2035 2432 εὐαγγελίου
2067 2380 2103 2419 δὲ
2133 2379 2261 2424 παντὸς
2284 2379 2456 2417 δείκνυται

1429 2444 1560 2484 τούτων
1580 2447 1597 2483 ὃ
1617 2444 1821 2495 σύνδεσμος,
1843 2443 1902 2481 καὶ
1923 2446 1956 2481 ἐν
1975 2449 2051 2486 ταῖς
2067 2442 2255 2494 Πράξεσιν.
2280 2441 2382 2480 Ἐπεὶ
2400 2434 2457 2480 οἶν

1432 2506 1570 2558 μεγάλα
1603 2508 1696 2558 αὐτῷ
1726 2511 1890 2558 προεῖπε,
1921 2504 1980 2542 καὶ
2012 2505 2074 2551 τὴν
2103 2503 2305 2555 οἰκουμένην
2331 2502 2459 2555 ἐνεχεί-

1435 2583 1527 2620 ρισε,
1549 2565 1666 2605 καὶτὸ
1697 2563 1885 2618 μαρτύριον
1912 2563 2198 2617 προανεφώνησε,
2232 2564 2291 2602 καὶ
2321 2563 2459 2615 ἀγάπην

1435 2627 1656 2681 ἐμαρτύρησε
1674 2626 1818 2665 πλείονα
1837 2628 1905 2663 τῶν
1924 2626 2052 2673 ἄλλων,
2077 2625 2283 2676 βουλόμενος
2301 2624 2360 2663 καὶ
2381 2628 2460 2662 τοῦ·

1436 2706 1494 2729 τον
1523 2691 1644 2729 λαὸεῖν
1664 2688 1839 2733 κοινωνὸν,
1858 2686 1978 2739 φησίν·
1997 2682 2109 2730 Οῧτος
2129 2686 2164 2724 δὲ
2182 2686 2236 2733 τί,
2256 2687 2293 2724 οὐ
2316 2685 2379 2732 τὴν
2398 2687 2461 2723 αὖ·

1437 2752 1500 2800 τὴν
1516 2751 1600 2802 ἡμῖν
1617 2751 1692 2789 ὁδὸν
1711 2749 1806 2797 ἥξει,
1821 2749 1891 2788 Καὶ
1907 2747 2063 2799 καθάπερ
2079 2747 2157 2786 τότε
2179 2748 2279 2790 αὐτὸς
2296 2746 2344 2798 μὴ
2363 2745 2463 2784 δυνά-

1441 2829 1541 2865 μενος
1562 2816 1762 2865 ἐρωτῆσαι,
1782 2814 1901 2848 τοῦτον
1926 2809 2164 2862 προὸάλλεται
2181 2825 2187 2832 ·
2218 2808 2308 2846 οὕτω
2328 2807 2387 2846 καὶ
2406 2812 2463 2846 νῦν

1441 2874 1621 2917 ἀποδιδοὺς
1642 2875 1735 2925 αὐτῷ
1754 2871 1817 2918 τὴν
1839 2870 2002 2922 ἀμοιὸὴν,
2020 2869 2079 2907 καὶ
2097 2870 2242 2921 νομίσας
2264 2870 2365 2907 αὐτὸν
2385 2869 2464 2920 βού-

1439 2937 1561 2975 λεσθαι
1578 2937 1708 2988 ἐρωτᾷν
1728 2933 1772 2972 τὰ
1795 2934 1871 2971 κατ’
1893 2932 2008 2978 αὐτὸν,
2032 2925 2106 2969 εἶτα
2127 2931 2174 2982 μὴ
2195 2934 2344 2984 Οαῤῥεῑν,
2364 2931 2464 2973 αὐτὸς

1441 2996 1622 3041 ἀνεδέξατο
1636 2995 1698 3042 τὴν
1722 2993 1905 3047 ἐρώτησιν.
1926 2992 1973 3030 Τί
1989 2986 2047 3030 οὖν
2069 2996 2087 3031 ὁ
2109 2992 2279 3045 Χριστός,
2297 2991 2382 3030 Ἐὰν
2402 2992 2466 3028 αὐ-

1441 3059 1499 3097 τὸν
1533 3058 1621 3097 θέλω
1653 3056 1765 3108 μένειν
1797 3055 1859 3098 ἕως
1888 3054 2036 3106 ἔρχομαι
2053 3085 2061 3102 ,
2081 3053 2115 3091 τί
2137 3054 2222 3105 πρὸς
2244 3053 2298 3100 σέ,
2320 3052 2464 3099 Ἐπειδὴ

1443 3120 1575 3174 σφόδρα
1604 3117 1790 3168 κηδόμενος
1820 3115 1935 3166 ἔλεγε,
1966 3115 2025 3154 καὶ
2057 3114 2104 3166 μὴ
2135 3114 2337 3166 βουλόμενος
2364 3115 2467 3151 αὐτοῦ

1444 3182 1718 3226 διασπασθῆναι,
1741 3176 1871 3220 δεικνὺς
1890 3180 1907 3214 ὃ
1928 3176 2079 3228 Χριστὸς
2093 3206 2102 3223 ,
2132 3174 2184 3212 ὅτι
2215 3174 2291 3213 ὅσον
2319 3174 2357 3211 ἂν
2378 3176 2465 3224 ἀγα-

1444 3241 1541 3293 πήσῃ
1557 3271 1566 3289 ,
1585 3239 1647 3287 τὴν
1667 3238 1806 3290 ἀγάπην
1823 3236 1886 3284 τὴν
1907 3239 2010 3275 αὐτοῦ
2027 3239 2064 3274 οὐ
2082 3236 2222 3288 φθάνει,
2239 3235 2342 3287 φησίν
2355 3251 2362 3259 ·
2382 3235 2466 3273 Ἐὰν

1448 3309 1549 3348 αὐτὸν
1571 3309 1659 3348 θέλω
1681 3307 1805 3358 μένειν,
1826 3305 1860 3343 τί
1879 3306 1963 3357 πρὸς
1990 3304 2048 3353 σε’;
2071 3303 2127 3342 διὰ
2147 3303 2276 3343 τούτων
2297 3302 2468 3341 παιδεύων
