2522 3683
113 618 226 645 Imus.
251 624 294 644 11.

115 921 231 949 ll¹i‹I.v.
251 919 296 949 15,

112 990 138 1005 ν.
162 976 207 1007 18.

114 1254 207 1283 V.19-

115 1466 141 1482 V.
160 1463 208 1483 20.
230 1462 278 1482 21.

134 2926 274 2954 Il1i‹l‚to.

133 2964 182 3004 2¹!-

308 190 401 253 6114

310 296 347 323 ut
369 286 396 323 si
414 285 493 336 quis
511 284 542 322 ei
557 283 712 329 dixerit,
733 281 794 332 qui
813 281 849 318 in
879 293 953 318 rem
970 277 1174 330 quampiam
1196 275 1291 315 testi-

310 338 469 376 monium
490 337 535 375 sit
549 337 687 374 laturus
710 351 717 371 :
740 333 876 373 Vidisti
897 346 970 371 rem
995 331 1039 369 de
1057 344 1127 381 qua
1146 328 1291 381 agitur?

310 390 526 428 interfuisti?
545 389 637 427 unde
656 402 730 426 rem
749 387 864 425 nosti?
885 386 940 424 vel
960 385 1035 437 ipsa
1055 385 1167 421 forma
1190 382 1290 420 docet

310 444 413 481 illum
433 457 570 494 negare.
599 442 659 480 Sic
679 450 712 478 et
739 440 791 477 illi
812 456 819 476 ε
842 437 1030 485 Quomodo
1060 437 1176 475 visum
1199 448 1291 472 rece-

311 497 423 548 pisti?
443 496 522 547 quis
541 494 679 547 aperuit
697 493 816 530 oculos
834 492 937 529 tuos?
957 491 1021 528 Ille
1039 489 1153 527 minas
1172 501 1293 525 eorum

311 550 430 587 minus
452 563 597 597 curans,
618 545 757 585 veritati
785 545 898 595 magis
916 543 1118 581 adhaerebat
1131 572 1140 590 ,
1160 550 1193 579 et
1216 540 1265 577 ait
1283 555 1291 575 :

313 604 440 639 Homo
465 600 610 651 quidam
623 629 631 645 ,
652 601 718 650 qui
735 599 877 636 dicitur
895 598 1009 635 Jesus
1020 625 1032 642 ,
1055 608 1142 633 cum
1169 595 1293 631 lutiam

311 657 485 704 fecisset,
515 654 643 690 linivit
665 651 795 688 oculos
825 663 949 696 meos,
980 657 1016 686 et
1037 649 1135 685 dixit
1162 648 1259 684 milii
1279 661 1290 682 .-

307 705 420 744 ¹Vade
431 737 442 752 ,
463 707 555 743 lam
571 708 612 741 in
624 705 784 742 Siloam.
802 705 956 741 Etcum
971 703 1172 746 abiissem,
1195 701 1289 745 lavi,

312 769 348 797 et
370 761 467 796 vidi.
488 759 566 795 Non
595 766 740 795 noverat
767 757 950 794 veritatem
964 785 973 803 ,
1004 753 1064 791 sed
1079 752 1291 790 beneficium

312 813 456 863 agnovit
471 827 477 847 ε
495 810 705 861 dignitatem
719 807 949 847 benefactoris
963 806 1122 844 nondum
1134 814 1290 843 noverat.

313 866 426 902 llomo
454 864 600 915 quidam
630 877 710 900 cum
736 863 852 899 lutum
871 861 1023 909 fecisset,
1046 859 1150 896 unxit
1173 857 1293 895 oculos

312 932 408 955 meos
428 927 461 954 et
484 917 600 956 video.
630 918 718 954 Non
743 916 987 953 crediderunt
1020 912 1168 957 Judoei,
1200 912 1294 962 quia

313 985 434 1008 ccecus
450 972 611 1022 fuisset,
641 978 678 1006 et
706 969 885 1011 vidisset,
909 967 1029 1003 donec
1051 970 1295 1001 vocaverunt

311 1032 490 1075 parentes
510 1025 590 1074 ejus
610 1024 677 1074 qui
692 1022 857 1058 viderat.
874 1017 1116 1069 Improbitatis
1135 1015 1295 1066 exceptio

313 1077 497 1115 veritatem
518 1077 552 1112 iu
567 1073 824 1112 dubitationem
840 1069 1004 1108 adduxit.
1023 1070 1160 1108 Vocant
1176 1080 1296 1118 paren-

313 1138 364 1166 tes
396 1129 477 1165 cccci
507 1144 514 1163 :
545 1125 744 1164 testimonia
779 1124 914 1174 colligit
941 1121 1110 1160 adversus
1145 1120 1295 1171 seipsam

314 1181 538 1232 improbitas.
569 1178 693 1218 Vocati
726 1186 807 1215 sunt
839 1185 998 1228 parentes
1032 1173 1126 1211 caeci.
1160 1173 1296 1209 Rursus

315 1234 438 1271 eadem
458 1234 569 1270 forma
602 1229 886 1282 interrogationis
906 1235 1097 1279 usurpatur
1116 1242 1123 1262 :
1146 1227 1222 1262 Hic
1242 1233 1297 1262 est

304 1287 422 1338 filius
438 1294 583 1331 vester,
601 1298 712 1337 quem
728 1297 798 1321 vos
814 1284 940 1319 dicitis
952 1311 963 1327 ,
984 1282 1077 1332 quia
1091 1292 1212 1317 caecus
1230 1291 1298 1314 na-

317 1348 376 1377 tus
403 1344 478 1376 est?
512 1338 710 1388 Quomodo
741 1350 828 1387 ergo
849 1348 950 1372 nunc
970 1334 1107 1370 videt?
1137 1331 1197 1369 Illi
1218 1344 1299 1367 cum

317 1406 450 1430 morem
482 1390 724 1442 improbitatis
752 1389 862 1441 probe
893 1394 1053 1433 nossent,
1085 1399 1142 1422 eos
1166 1382 1300 1421 scilicet

317 1445 432 1482 minas
452 1443 644 1491 intendere,
655 1443 781 1479 dicunt
799 1441 886 1478 illis:
902 1441 1051 1478 Scimus
1071 1438 1234 1490 quialu'c
1245 1444 1300 1473 est

305 1499 422 1550 filius
444 1506 591 1542 noster,
615 1505 651 1533 et
671 1498 765 1548 quia
785 1507 905 1532 61130115
926 1501 1040 1530 natus
1057 1499 1112 1528 est
1130 1492 1272 1527 scimus
1289 1503 1299 1524 .·

317 1552 508 1602 quomodo
528 1558 657 1586 autem
673 1561 774 1585 nunc
794 1547 945 1592 videat,
965 1553 1034 1582 (tut
1051 1546 1136 1595 quis
1153 1543 1302 1594 aperuit

317 1606 400 1655 ejus
431 1604 580 1649 oculos,
618 1603 806 1638 nescimus
828 1614 838 1634 .·
866 1601 945 1649 ipse
973 1605 1124 1634 <etatem
1157 1596 1298 1640 habet,

318 1659 442 1708 ipsum
470 1658 704 1705 interrogate
723 1668 734 1688 .·
752 1655 830 1702 ipse
859 1653 905 1688 de
932 1665 971 1688 se
1000 1650 1189 1701 loquetur.
1214 1646 1300 1683 Ani-

319 1709 501 1747 madverte
535 1706 600 1743 Dei
637 1705 858 1757 sapientiam.
880 1704 932 1741 Ne
966 1715 1087 1739 vocem
1118 1701 1213 1752 ejus,
1240 1699 1302 1750 qui

320 1761 437 1800 visum
465 1768 661 1811 receperat,
685 1757 889 1809 exceptione
908 1755 1091 1805 rejicerent
1112 1763 1151 1791 ut
1170 1752 1231 1803 qui
1243 1752 1303 1803 ju-

319 1814 419 1851 venis
445 1822 543 1861 cssct,
564 1826 627 1849 nec
654 1810 808 1863 publicis
838 1809 872 1845 in
895 1807 1042 1860 judiciis
1063 1807 1169 1845 verba
1190 1806 1303 1842 facere

320 1876 454 1914 nosset,
477 1864 635 1917 providit
653 1865 750 1901 Deus
769 1871 807 1899 ut
823 1861 982 1911 legitima
1004 1860 1104 1912 prius
1124 1868 1207 1896 zetas
1226 1858 1302 1909 ejus

321 1920 549 1957 indicaretur.
585 1919 755 1955 AEtatem
792 1917 928 1960 hahet,
964 1912 1147 1963 inquiunt,
1180 1913 1303 1962 ipsum

322 1975 553 2023 interrogate
567 1986 577 2006 :
599 1978 781 2021 propterea
803 1966 898 2018 quod
923 1965 1123 2017 impuberes
1149 1963 1304 2015 patronis

324 2025 502 2075 indigent5
522 2023 585 2074 qui
604 2036 686 2060 vero
706 2021 896 2073 perfectam
920 2027 1058 2056 aetatem
1084 2017 1301 2067 attigerunt,

322 2079 389 2130 ipsi
404 2078 541 2129 patroni
558 2076 650 2113 fiunt
668 2074 896 2125 suiipsorum.
911 2071 1203 2109 Resvonderzmt
1235 2083 1305 2120 pa-

322 2139 447 2168 rentes
462 2132 561 2181 ejus,
586 2137 623 2165 et
642 2129 822 2165 dixerunt
846 2142 855 2162 .·
874 2126 1035 2169 Scimus,
1056 2125 1149 2176 quia
1168 2124 1231 2159 liic
1250 2129 1306 2159 est

311 2184 427 2236 filius
450 2191 592 2231 noster,
614 2189 651 2218 et
670 2182 763 2232 quia
779 2192 899 2217 coecus
927 2186 1041 2214 natus
1061 2184 1127 2213 est.
1150 2174 1307 2212 Confessi

323 2245 403 2273 sunt
424 2243 586 2287 parentes
616 2233 708 2284 ejus,
731 2246 774 2269 110
792 2246 860 2282 qua
879 2229 1057 2268 dubitatio
1085 2235 1303 2279 superesset,

323 2303 367 2326 an
384 2289 414 2326 is
433 2302 544 2325 caecus
557 2286 689 2324 fuisset.
705 2287 875 2322 AEtcitem
895 2285 1032 2327 habet,
1052 2284 1174 2332 ipsum
1191 2283 1307 2316 inter-

324 2350 476 2393 rogate,
504 2343 581 2391 ipse
614 2340 661 2375 de
691 2352 730 2376 se
759 2338 949 2389 loquetur.
974 2335 1122 2372 Vocant
1148 2346 1302 2377 rursus,

326 2394 460 2444 inquit,
481 2407 565 2430 eum
581 2392 748 2429 secundo
762 2420 773 2436 ,
794 2398 830 2426 et
848 2391 982 2426 dictant
998 2387 1059 2424 illi
1077 2402 1087 2422 .·
1110 2385 1206 2432 Quid
1226 2384 1308 2422 fecit

326 2446 419 2484 tibi?
451 2444 629 2496 quomodo
660 2443 799 2496 aperuit
824 2441 944 2479 oculos
973 2440 1077 2477 tuos?
1109 2440 1206 2477 Tum
1224 2451 1308 2476 vero

326 2500 407 2548 ille,
430 2499 494 2536 Dei
517 2499 588 2536 zelo
609 2496 774 2545 indutus,
797 2493 1107 2544 interrogationem
1125 2490 1308 2543 despexit,

328 2561 358 2588 01
378 2561 416 2588 111
438 2551 601 2601 indignos
623 2563 787 2601 responso
808 2547 953 2585 minime
971 2546 1140 2595 dignatus
1156 2553 1206 2582 est
1224 2543 1310 2581 allo-

328 2605 388 2654 qui
406 2620 415 2650 3
438 2604 499 2641 sed
517 2603 603 2654 quid
620 2603 668 2639 ait
688 2602 786 2639 illis?
803 2603 900 2638 Dixi
923 2601 1035 2637 vobis
1050 2601 1159 2651 jam,
1179 2605 1215 2634 et
1232 2610 1311 2633 non

329 2658 490 2693 audistis
510 2672 519 2691 .·
536 2657 630 2707 quid
648 2658 785 2692 iterum
804 2654 925 2691 vultis
948 2666 1007 2689 me
1023 2651 1183 2688 audire?
1202 2663 1312 2686 num-

330 2710 426 2760 quid
447 2718 482 2744 et
507 2722 579 2745 ‘vos
603 2709 725 2745 vultis
755 2706 933 2758 discipuli
954 2705 1168 2757 ejusfieri?
1191 2703 1313 2752 Itaque

329 2761 527 2798 doctrinam
544 2760 702 2798 imitatur
722 2760 878 2808 Christi,
901 2772 983 2795 cum
1002 2756 1160 2794 nondum
1181 2754 1315 2792 Christi

331 2813 528 2850 doctrinam
556 2813 717 2849 audierit.
755 2814 845 2849 Nam
879 2825 960 2849 cum
991 2809 1025 2846 in
1055 2808 1217 2846 encaeniis
1245 2808 1314 2844 cir-

333 2865 592 2903 cunulcdissent
625 2866 843 2903 Salvatorem
878 2864 912 2901 in
948 2862 1086 2915 porticu
1116 2860 1316 2899 Salomonis

334 2918 473 2965 Jndaei,
502 2917 664 2954 dicebant
696 2918 778 2954 illi:
816 2920 1019 2968 Quousque
1046 2917 1220 2952 animam
1249 2926 1316 2950 uo-

334 2981 456 3009 stram
479 2971 583 3007 tollis
597 2973 612 3004 P
634 2971 672 3007 Si
707 2978 747 3006 lu
775 2984 813 3007 es
840 2971 1026 3016 Christus,
1049 2969 1110 3004 dic
1131 2969 1237 3004 nobis
1250 2979 1318 3016 pa-

336 3025 428 3061 lam.
455 3023 528 3060 Ait
548 3023 653 3059 illis.-
679 3023 772 3057 Dim·
799 3024 929 3066 vobis,
957 3029 993 3058 et
1020 3034 1097 3057 non
1125 3020 1315 3057 audistis:

335 3078 430 3128 quid
459 3079 597 3112 iterum
623 3074 743 3110 vultis
769 3075 904 3110 audire
923 3078 938 3109 Ρ
960 3076 1011 3109 Ac
1039 3071 1121 3110 vide
1153 3072 1318 3123 pietatem

335 3128 488 3181 patroni.
520 3128 610 3165 Cum
645 3125 851 3165 ,ludaeorum
886 3125 1059 3162 malitiam
1094 3123 1319 3162 animadver-

336 3182 455 3231 tisset,
483 3193 609 3230 eosque
635 3178 725 3216 nihil
746 3192 813 3214 non
835 3191 937 3227 agere
955 3191 995 3213 ac
1016 3176 1183 3213 simulare
1198 3207 1207 3225 ,
1230 3184 1267 3212 ut
1287 3184 1319 3212 et

335 3243 467 3271 metum
492 3233 705 3277 incuterent,
728 3244 771 3267 ne
799 3230 1010 3279 magistrum
1042 3228 1145 3265 illum
1171 3228 1319 3265 confite-
1346 3235 1368 3263 t)

337 3295 450 3336 retur,
470 3286 518 3323 ait
546 3285 617 3322 illis
639 3300 645 3321 :
667 3285 763 3321 Dixi
791 3284 903 3319 vobis
915 3284 1021 3333 jam,
1044 3288 1078 3317 et
1109 3294 1185 3317 non
1210 3282 1321 3317 audi-

336 3342 404 3376 stis
428 3355 438 3374 .·
461 3339 555 3391 quid
581 3340 719 3374 iterum
738 3335 860 3372 vultis
891 3335 1052 3371 audire?
1073 3333 1260 3384 numquid
1287 3341 1323 3369 et

340 3406 405 3428 vos
441 3391 561 3428 vultis
600 3389 779 3440 discipuli
812 3389 892 3439 ejus
923 3386 1044 3437 sieri?
1077 3386 1165 3422 Cum
1203 3384 1320 3433 dixit,

1261 195 1438 224 SPUtttA.

1365 275 1498 326 παρῆς,
1517 272 1620 310 πόθεν
1639 264 1731 313 οἶδας
1744 270 1782 308 τὸ
1798 276 1966 323 πρᾶγμα,
1992 269 2051 308 καὶ
2071 271 2109 308 τὸ
2133 271 2257 320 σχῆμα
2282 269 2382 306 αὐτὸν

1366 326 1519 364 διδάσκει
1532 323 1758 377 ἀρνήσασθαι.
1775 321 1879 361 Οὕτω
1894 325 2047 361 κάκεῖνοι
2062 338 2069 345 ·
2084 325 2157 365 πῶς
2171 320 2384 372 ἀνέδλεψας,

1365 378 1416 423 τίς
1429 377 1557 431 ἠνέῳξέ
1573 392 1632 415 σου
1645 376 1723 419 τοὺς
1739 375 2009 428 ὀφθαλμούς5Ὁ
2023 375 2059 413 δὲ
2076 370 2180 421 ἧττον
2200 373 2383 426 φροντίσας

1365 435 1427 478 τῆς
1447 432 1592 476 ἀπειλῆς
1605 459 1614 475 ,
1631 428 1744 481 εἴχετο
1764 429 1894 478 μᾶλλον
1910 431 1971 474 τῆς
1988 428 2148 475 ἀληθείας
2162 457 2171 474 ,
2191 426 2251 464 καί
2268 441 2382 478 φησιν·

1364 482 1562 536 Ἄνθρωπός
1590 498 1641 526 τις
1654 512 1663 530 ,
1693 480 1875 533 λεγόμενος
1901 481 2036 526 Ἰησοῦς
2050 512 2058 528 ,
2091 480 2200 527 πηλὸν
2236 478 2385 524 ποιήσας

1367 536 1530 589 ἐπέχρισέ
1551 550 1615 587 μου
1635 533 1713 578 τοὺς
1734 532 1928 599 ὀρθαλμοὺς
1942 561 1951 578 ,
1976 534 2035 571 καὶ
2055 528 2130 572 εἶπέ
2150 547 2228 583 μοι·
2249 531 2360 582 ὕπαγε
2375 561 2384 577 ,

1317 607 1346 630 67
1368 590 1465 641 νίψαι
1500 592 1547 632 εἰς
1575 588 1614 625 τὸ
1648 589 1809 637 Σιλωαμ.
1836 585 1906 623 Καὶ
1937 585 2095 624 ἀπελθὼν
2122 585 2307 637 ἐνιψάμην,
2326 583 2385 622 καὶ

1320 643 1344 672 Λ
1368 642 1554 694 ἀνέὸλεψα.
1575 642 1651 679 Οὐκ
1668 640 1744 692 ᾔδει
1764 639 1826 686 τὴν
1848 637 2026 684 ἀλήθειαν,
2045 637 2134 676 ἀλλὰ
2159 639 2222 685 τὴν
2253 639 2385 688 εὐεργε-

1369 694 1444 734 σίαν
1464 694 1629 746 ἐγνώρισε
1644 709 1651 716 ·
1673 697 1731 731 τοῦ
1751 693 1930 744 εὐεργέτου
1954 690 1993 728 τὸ
2014 691 2150 741 ἀξίωμα
2181 690 2278 728 οὔπω
2297 690 2385 739 ᾔδει.

1366 747 1562 800 Ἄνθρωπός
1595 763 1646 790 τις
1684 745 1793 792 πηλὸν
1828 744 1976 790 ποιήσας
2013 743 2177 795 ἐπέχρισέ
2210 759 2274 793 μου
2309 741 2385 784 τοὺς

1365 799 1663 855 ὀφθαλμοὺςζνκαὶ
1680 798 1810 850 βλέπω.
1837 799 1913 835 Οὐκ
1932 795 2136 835 ἐπίστευσαν
2157 798 2187 834 οἱ
2200 795 2362 833 Ἰουδαῖοι
2378 825 2387 841 ,

1366 853 1417 891 ὅτι
1436 853 1560 905 τυφλὸς
1580 856 1634 899 ἠν,
1651 851 1710 890 καὶ
1726 848 1998 902 ἀνέῧλεψεν,ἓίος
2018 850 2095 887 ὅτου
2113 848 2293 901 ἐφώνησαν
2309 847 2387 890 τοὺς

1366 912 1475 957 γονεῖς
1504 906 1606 943 αὐτοῦ
1636 908 1694 942 τοῦ
1721 903 1992 955 ἀναῦλέψαντος.
2015 902 2061 940 ‘H
2081 899 2295 954 παραγραφὴ
2326 903 2387 946 τῆς

1367 958 1491 1000 κακίας
1513 960 1559 1000 εἷς
1579 956 1791 1009 ἀμφιὸολίαν
1813 956 1938 1007 ἤνεγκε
1956 954 2018 1001 τὴν
2039 955 2213 1001 ἀλήθειαν.
2234 955 2387 991 Καλοῦσι

1367 1010 1444 1053 τοὺς
1462 1016 1570 1062 γονεῖς
1588 1015 1647 1048 τοῦ
1662 1011 1790 1060 τυφλοῦ
1802 1023 1810 1031 ·
1827 1013 1848 1055 ἡ
1876 1007 1983 1046 κακία
2005 1011 2080 1046 καθ’
2101 1010 2224 1052 ἑαυτῆς
2251 1005 2388 1056 συνάγει

1368 1062 1446 1106 τοὺς
1479 1063 1666 1114 μάρτυρας.
1693 1060 1916 1107 Ἐκλήθησαν
1951 1064 1981 1098 οἱ
2015 1066 2125 1111 γονεῖς
2154 1063 2213 1098 τοῦ
2247 1061 2387 1111 τυφλοῦ.

1369 1114 1483 1153 Πάλιν
1512 1116 1551 1152 τὸ
1572 1113 1655 1152 αὐτὸ
1670 1117 1792 1164 σχῆμα
1810 1116 1871 1159 τῆς
1889 1113 2107 1164 ἐρωτήσεως·
2129 1107 2240 1155 Οὗτός
2262 1114 2355 1149 ἐστιν
2372 1114 2389 1148 ὃ

1370 1168 1441 1222 υἱὸς
1457 1169 1566 1218 ὑμῶν,
1583 1168 1618 1205 ὃν
1634 1169 1731 1217 ὑμεῖς
1747 1165 1865 1215 λέγετε
1880 1195 1890 1212 ,
1906 1165 1958 1202 ὅτι
1974 1166 2099 1217 τυφλὸς
2116 1164 2302 1215 ἐγεννήθη,
2318 1166 2391 1207 πῶς

1371 1224 1427 1258 οὐν
1460 1221 1540 1272 ἄρτι
1578 1219 1720 1270 βλέπει,
1749 1219 1901 1256 Ἐκεῖνοι
1924 1218 1981 1256 τὸν
2019 1217 2145 1269 τρόπον
2175 1221 2237 1263 τῆς
2269 1216 2393 1259 κακίας

1371 1273 1574 1321 νοήσαντες,
1591 1270 1801 1326 ὅτιάπειλὰς
1815 1270 2083 1324 προσφέρουσιν,
2095 1271 2251 1322 λέγουσιν
2267 1271 2393 1311 αὐτοῖς·

1371 1324 1506 1376 Ἴσμεν,
1531 1325 1581 1364 ὅτι
1613 1324 1709 1367 οὗτός
1725 1325 1817 1361 ἐστιν
1838 1327 1855 1361 ὁ
1873 1325 1942 1366 υἷος
1960 1326 2079 1374 ἡμῶν·
2109 1323 2168 1361 καὶ
2195 1322 2248 1362 ὅτι
2269 1322 2394 1374 τυφλὸς

1373 1379 1549 1430 ἐγεννήθη,
1574 1378 1732 1428 οῗδαμεν”
1748 1379 1822 1419 πῶς
1838 1377 1873 1414 δὲ
1891 1381 1948 1414 νῦν
1968 1377 2108 1428 βλέπει,
2135 1375 2158 1421 ἢ
2186 1375 2236 1418 τίς
2263 1374 2394 1421 ἤνοιξεν

1373 1434 1475 1469 αὐτοῦ
1503 1430 1580 1474 τοὺς
1600 1428 1813 1483 ὀφθαλμοὺς,
1841 1431 1902 1467 οὒκ
1931 1429 2069 1480 οἴδαμεν
2086 1445 2093 1452 ·
2124 1429 2223 1471 αὐτὸς
2254 1427 2395 1475 ἡλικίαν

1373 1483 1467 1536 ἔχει,
1487 1484 1587 1522 αὐτὸν
1610 1483 1808 1535 ἐρωτήσατε
1821 1497 1829 1505 ·
1851 1482 1948 1525 αὐτὸς
1976 1483 2019 1520 τὰ
2039 1481 2118 1534 περὶ
2135 1484 2256 1520 ἑαυτοῦ
2282 1480 2396 1526 λαλή-

1375 1552 1440 1574 σει.
1459 1536 1528 1575 Καὶ
1545 1536 1609 1588 ὅρα
1627 1539 1685 1574 τοῦ
1701 1538 1791 1573 Θεοῦ
1809 1534 1871 1581 τὴν
1887 1534 2022 1587 σοφίαν.
2046 1535 2122 1572 Ἵνα
2144 1534 2191 1585 μὴ
2213 1532 2396 1586 παραγρά-

1375 1605 1507 1642 φωνται
1523 1591 1625 1627 αὐτοῦ
1641 1588 1704 1636 τὴν
1720 1587 1835 1640 φωνὴν
1852 1593 1911 1626 τοῦ
1929 1587 2186 1640 ἀναὲλέψαντος
2200 1618 2208 1635 ,
2224 1587 2246 1633 ἢ
2261 1590 2306 1630 ὡς
2320 1585 2396 1624 νέου

1375 1643 1470 1684 ὄντος
1486 1671 1495 1689 ,
1515 1641 1536 1688 ἢ
1557 1645 1602 1686 ὡς
1619 1645 1680 1680 οὐκ
1695 1640 1821 1684 εἰδότος
1838 1643 1959 1688 εἰπεῖν,
1979 1644 2024 1683 ὡς
2045 1641 2101 1678 ἐπὶ
2123 1644 2192 1678 τῶν
2207 1641 2329 1678 κοινῶν
2346 1641 2396 1676 δι-

1374 1694 1586 1747 καστηρίων,
1617 1693 1840 1747 ᾠκονόμησεν
1872 1697 1889 1731 ὅ
1919 1694 2008 1735 Θεὸς
2045 1696 2182 1744 πρῶτον
2216 1693 2397 1744 δειχθῆναι

1376 1748 1476 1786 αὐτὸν
1508 1750 1571 1793 τῆς
1602 1747 1743 1797 ἐννόμου
1777 1745 1926 1791 ἡλικίας.
1961 1745 2122 1784 Ἡλικίαν
2157 1745 2230 1798 ἔχει
2273 1737 2373 1787 αὐτὸς
2387 1774 2396 1789 ,

1375 1800 1478 1852 φησίν
1492 1816 1499 1824 ·
1519 1800 1619 1838 αὐτὸν
1639 1798 1839 1854 ἐρωτήσατε
1852 1814 1859 1821 ·
1877 1798 1995 1845 ἐπειδὴ
2017 1800 2047 1835 οἱ
2069 1791 2236 1850 ἀφήλικες
2255 1797 2399 1849 συνηγό-

1377 1869 1442 1905 ρων
1464 1853 1663 1906 χρήζουσιν,
1695 1854 1726 1890 οἱ
1756 1852 1792 1889 δὲ
1813 1851 1947 1889 τελείαν
1969 1851 2126 1904 φέροντες
2153 1852 2215 1897 τὴν
2245 1851 2398 1897 ἡλικίαν,

1377 1908 1477 1944 αὐτοὶ
1510 1909 1639 1944 ἑαυτῶν
1670 1902 1854 1959 συνήγοροι
1885 1904 2049 1955 γίνονται.
2081 1903 2333 1956 Ἀπεκρίθησαν
2367 1907 2399 1942 οἱ

1374 1965 1483 2010 γονεῖς
1501 1961 1625 2005 αὐτοῦ,
1652 1957 1711 1995 καὶ
1729 1961 1836 2004 εἷπον,
1863 1956 1915 1995 ὅτι
1938 1952 2034 2000 οῧτός
2054 1959 2144 1995 ἐστιν
2163 1961 2180 1995 ὃ
2200 1957 2269 2000 υἱὸς
2284 1959 2398 2007 ἡμῶν,

1375 2013 1433 2050 καὶ
1462 2011 1514 2050 ὅτι
1543 2010 1887 2065 τυφλὸςωέγεννήθη,
1916 2009 2070 2060 οἴδαμεν.
2089 2009 2338 2060 εΩμολόγησαν
2367 2012 2399 2047 οἱ

1374 2071 1484 2117 γονεῖς
1496 2094 1505 2111 ,
1531 2063 1588 2102 ἵνα
1605 2063 1652 2114 μὴ
1669 2067 1689 2115 ᾐ
1710 2062 1923 2115 ἀμφιὸολία,
1943 2062 1995 2100 ὅτι
2014 2065 2076 2100 οὐκ
2095 2057 2135 2109 ἦν
2151 2062 2287 2114 τυφλός.
2301 2062 2400 2100 ‘HM-

1375 2117 1453 2156 κίαν
1477 2117 1566 2170 ἔχει,
1598 2116 1699 2154 αὐτὸν
1728 2116 1948 2166 ἐρωτήσατε·
1976 2115 2077 2158 αὐτὸς
2108 2115 2152 2153 τὰ
2185 2115 2265 2167 περὶ
2296 2117 2400 2153 αὐτοῦ

1375 2170 1535 2216 λαλήσει.
1567 2171 1722 2208 Καλοῧσι
1750 2168 1870 2214 πάλιν,
1890 2167 2006 2219 φησὶν,
2030 2169 2130 2207 αὐτὸν
2156 2171 2194 2206 ἐκ
2221 2167 2399 2221 δευτέρου,

1377 2223 1435 2262 καὶ
1453 2223 1610 2274 λέγουσιν
1631 2223 1724 2273 αὐτῷ
1739 2236 1746 2243 ·
1763 2220 1796 2257 τί
1817 2220 1976 2267 ἐποίησέν
1993 2237 2068 2268 σοι,
2084 2224 2158 2264 πῶς
2173 2219 2318 2272 ἠνέῳξέν
2340 2235 2399 2258 σου

1375 2275 1454 2319 τοὺς
1486 2273 1702 2327 ὀφθαλμούς;
1732 2272 1886 2315 Ἐκεῖνος
1910 2273 2029 2311 λοιπὸν
2061 2273 2287 2323 ἐνδυσάμενος
2311 2274 2402 2310 Θεοῦ

1379 2330 1492 2376 ’ἧλον,
1511 2326 1667 2365 διαπτόει
1689 2325 1751 2372 τὴν
1781 2324 1961 2376 ἐρώτησιν,
1983 2325 2043 2362 καὶ
2062 2328 2108 2369 ὡς
2128 2324 2284 2369 ἀναξίους
2317 2326 2402 2362 ἀπο-

1379 2381 1525 2434 κρίσεως
1539 2411 1548 2428 ,
1563 2383 1624 2418 οὐκ
1642 2379 1728 2423 ἀξιοῖ
1745 2377 1845 2429 λόγου
1857 2407 1866 2424 ,
1886 2377 1974 2415 ἀλλὰ
1986 2377 2020 2415 τί
2035 2378 2129 2430 λέγει
2144 2380 2277 2424 αὐτοῖς,
2292 2370 2402 2416 Εἶπον

1380 2436 1459 2485 ὑμῖν
1487 2434 1574 2480 ἤδη,
1602 2431 1660 2470 καὶ
1687 2433 1747 2470 οὐκ
1774 2429 1964 2477 ἠκούσατε·
1994 2429 2028 2467 τί
2052 2431 2156 2469 πάλιν
2190 2430 2305 2468 θέλετέ
2337 2446 2402 2480 μου

1381 2487 1533 2533 ἀκούειν,
1552 2485 1600 2536 μὴ
1621 2485 1680 2522 καὶ
1695 2487 1791 2535 ὑμεῖς
1808 2483 1923 2521 θέλετε
1938 2485 2040 2521 αὐτοῦ
2058 2483 2209 2534 μαθηταὶ
2223 2483 2403 2535 γενέσθαι;

1381 2540 1451 2578 Καὶ
1487 2543 1647 2590 μιμεῖται
1676 2537 1739 2583 τὴν
1764 2538 1916 2589 Χριστοῦ
1946 2535 2184 2583 διδασκαλίαν,
2211 2539 2228 2573 ὃ
2258 2535 2403 2584 μηδέπω

1383 2592 1530 2635 ἀκούσας
1555 2590 1617 2638 τὴν
1650 2591 1802 2642 Χριστοῦ
1822 2588 2057 2627 διδασκαλίαν.
2079 2591 2125 2626 Οἱ
2154 2588 2221 2641 γὰρ
2243 2588 2404 2626 Ἰουδαῖοι

1384 2648 1417 2684 ἐν
1449 2651 1519 2688 τοῖς
1547 2643 1731 2694 ἐγκαινίοις
1762 2640 2002 2684 κυκλώσαντες
2034 2642 2090 2679 τὸν
2127 2642 2277 2692 Σωτῆρα
2306 2643 2338 2678 ἐν
2360 2643 2404 2692 τῇ

1385 2704 1469 2750 στοᾷ
1489 2699 1714 2746 Σολομῶντος
1727 2726 1736 2743 ,
1759 2694 1873 2746 ἔλεγον
1895 2696 1988 2748 αιΞτῷ
2001 2710 2008 2717 ·
2030 2693 2127 2736 εΈως
2147 2693 2230 2730 πότε
2259 2692 2320 2739 τὴν
2342 2695 2406 2745 ψυ-

1384 2750 1450 2803 χὴν
1478 2752 1578 2801 ἡμῶν
1601 2748 1723 2800 αἴρεις,
1754 2749 1798 2786 Εἰ
1836 2745 1893 2800 σὺΝ
1911 2750 1940 2783 εἰ
1967 2750 1985 2784 ὃ
2007 2747 2179 2798 Χριστὸς,
2214 2745 2288 2784 εἰπὲ
2319 2749 2404 2796 ἡμῖν

1385 2802 1575 2857 παρρησίᾳ.
1596 2803 1700 2853 Λέγει
1717 2803 1846 2842 αὐτοῖς’
1862 2802 1955 2836 εἶπον
1972 2802 2063 2848 ὑμῖν,
2074 2799 2132 2836 καὶ
2148 2801 2207 2837 οὐκ
2222 2797 2404 2844 ἠκούσατε·

1386 2856 1420 2894 τί
1445 2856 1551 2894 πάλιν
1581 2854 1696 2892 θέλετε
1721 2852 1875 2897 &notiam
1908 2852 1977 2888 Καὶ
2002 2851 2065 2904 ὅρα
2097 2851 2284 2903 συνηγόρου
2313 2850 2407 2889 εὗσέ-

1388 2910 1497 2947 ὅειαν.
1526 2907 1672 2953 Ἐπειδὴ
1698 2906 1889 2959 πρόσεσχεν
1916 2906 1957 2954 τῇ
1982 2903 2088 2955 κακίᾳ
2114 2907 2182 2941 τῶν
2216 2903 2406 2949 Ἰουδαίων,

1389 2962 1440 3000 ὅτι
1458 2960 1573 2999 πάντα
1599 2963 1756 3006 ποιοῦσι,
1783 2959 1840 2995 καὶ
1869 2957 2142 3007 σχηματίζονται
2169 2954 2328 3001 ἀπειλὴν,
2350 2955 2407 2993 καὶ

1388 3015 1491 3067 φόῧον
1508 3015 1602 3065 αὐτῷ
1619 3011 1779 3050 ἐπισείειν
1796 3008 1883 3062 ὑπὲρ
1898 3014 1957 3062 τοῦ
1975 3009 2022 3060 μὴ
2043 3011 2221 3059 ὁμολογεῖν
2238 3009 2338 3046 αὐτὸν
2358 3009 2407 3044 δι-

1390 3069 1576 3112 δάσκαλον7
1609 3064 1703 3116 λέγει
1731 3065 1867 3105 αὐτοῖς·
1892 3063 1998 3099 Ιὲἰπον
2028 3064 2108 3111 ὑμῖν
2137 3061 2223 3108 ἤδη,
2254 3061 2313 3098 καὶ
2348 3062 2408 3098 οὐκ

1389 3120 1561 3168 ἠκούσατε
1577 3135 1584 3142 ·
1603 3118 1636 3155 τί
1653 3117 1756 3155 πάλιν
1778 3115 1892 3153 θέλετε
1909 3114 2062 3160 ἀκούειν;
2082 3114 2130 3163 μὴ
2151 3114 2209 3151 καὶ
2230 3115 2326 3163 ὑμεῖς
2348 3112 2407 3148 θέ-

1390 3177 1467 3212 λετε
1512 3170 1664 3223 μαθηταὶ
1695 3170 1798 3206 αὐτοῦ
1823 3166 2002 3218 γενέσθαι;
2029 3168 2092 3217 Τῷ
2121 3168 2239 3211 εἰπεῖν,
2263 3164 2322 3210 Μὴ
2351 3164 2410 3202 καὶ

1392 3229 1513 3277 ὑμεῖς,
1540 3223 1677 3269 ἔδειξεν,
1702 3221 1755 3259 ὅτι
1776 3220 1815 3258 τὸ
1833 3219 1901 3270 ἐγὼ
1925 3221 2158 3269 ὁμολογεῖται.
2181 3217 2323 3263 Ταύτην
2346 3216 2408 3263 τὴν

1393 3277 1508 3331 φωνὴν
1529 3276 1638 3328 ἐχέτω
1666 3280 1733 3317 πᾶς
1755 3272 1961 3325 Χριστιανὸς
1996 3273 2045 3308 ἀπ
2068 3272 2274 3319 ἑλληνισμοῦ
2308 3285 2411 3306 κατα-

1395 3330 1551 3383 γόμενος.
1576 3327 1690 3365 <Ὀταν
1729 3325 1797 3377 γάρ
1836 3339 1890 3362 σοι
1923 3323 2085 3374 συντύχοι
2125 3324 2227 3368 ἑλλην
2260 3320 2410 3373 ἀρχαίαν

1396 3384 1484 3434 ἔχων
1508 3381 1686 3427 συνήθειαν
1707 3378 1863 3425 πλάνης,
1885 3376 1943 3414 καὶ
1963 3375 2052 3414 εἴποι
2078 3391 2150 3423 σοι,
2166 3373 2218 3412 ὅτι
2241 3376 2412 3426 Χριστια-
