2481 3678
663 246 701 276 ἱλ
739 247 945 276 sumum!
981 245 1136 274 ltoMtL.

88 329 143 369 τόν
161 347 166 352 ·
184 329 226 367 τὰ
241 329 275 366 δὲ
290 328 515 379 ταπεινότερα
529 328 587 365 καὶ
602 328 700 379 ἐγγὺς
715 331 775 375 τῆς
790 332 857 366 τῶν
877 327 1106 380 ἀκροωμένων

1176 243 1317 272 xxvii.
1356 227 1418 271 al.
1458 243 1582 272 xxvi.

2074 249 2152 292 ¹77

1178 333 1246 361 tem
1276 323 1448 374 attingere
1466 332 1623 375 possunt,
1643 322 1709 360 nisi
1730 324 1924 373 frequenter
1944 325 2157 371 dicerentur,

90 391 259 439 διανοίας,
278 392 306 428 εἷ
326 388 374 440 μὴ
398 389 562 434 διηνεκῶς
578 389 733 440 ἐλέγετο,
758 392 795 428 οὐ
809 389 943 440 ταχέως
960 387 1109 437 κατέσχε
1133 398 1158 426 D
1181 383 1348 422 sublimia
1375 398 1456 422 cum
1479 393 1613 433 essent,
1637 384 1739 422 humi
1765 393 1941 435 repentem
1966 385 2161 423 auditorem

90 452 133 490 τὰ
163 451 280 503 ὑψηλὰ
303 450 359 488 τὸν
387 448 603 501 χαμαίζηλον
632 450 817 503 ἀκροατήν.
847 449 915 487 Διὰ
946 447 987 493 δὴ
1011 444 1110 485 τοῦτό

94 514 166 550 ἐστι
194 511 253 549 καὶ
273 510 317 548 τὰ
342 509 484 548 πλείονα
503 511 730 562 ταπεινότερα
759 512 826 548 τῶν
854 510 995 561 ὑψηλῶν
1018 509 1111 560 εἰρη-

95 571 180 621 μένα
206 572 289 622 παρ’
309 572 423 608 αὐτοῦ.
444 570 532 608 Ἀλλ’
554 570 609 609 Γι’να
630 571 678 621 μὴ
705 574 805 609 τοῦτο
828 569 947 620 ἑτέραν
964 566 1043 605 τινὰ
1058 569 1112 620 ἐρ-

94 632 244 683 γάσηται
261 630 394 681 βλάῧην
415 631 533 678 πάλιν,
558 631 704 684 κατέχον
730 631 826 669 κάτω
851 630 907 668 τὸν
942 626 1114 678 μαθητὴν,

96 695 160 743 οὐχ
174 692 293 734 ἁπλῶς
313 690 357 728 τὰ
374 692 629 745 καταδεέστερα
646 691 793 739 τίθησιν,
817 691 856 728 ἂν
878 689 926 740 μὴ
949 688 1114 742 πρότερον

96 752 175 803 εἴπῃ
193 752 252 789 καὶ
271 751 333 798 τὴν
352 751 465 790 αἰτίαν
482 752 526 789 δι’
544 753 586 799 ἣν
607 752 738 790 ι’ταῦτα
753 751 847 802 λέγει
864 768 869 773 ·
892 750 909 788 ὃ
925 749 966 796 δὴ
989 748 1048 786 καὶ
1067 750 1118 785 ἐν·

96 815 206 850 ταῧθα
225 812 425 859 πεποίηκεν.
444 811 589 858 Ἐπειδὴ
613 812 680 865 γὰρ
703 805 778 850 εἶπε
800 811 881 865 περὶ
906 813 964 848 τοῦ
993 808 1117 860 βαπτί-

98 888 229 923 σματος
243 872 331 925 ἅπερ
347 867 441 920 εἷπε,
462 873 522 910 καὶ
537 876 599 918 τῆς
614 872 704 911 κατὰ
724 872 827 924 χάριν
847 872 1038 924 γεννήσεως
1056 872 1119 916 τῆς

98 937 131 973 ἐν
155 937 197 985 τῇ
219 937 262 985 γῇ
283 934 485 986 γινομένης,
508 934 712 986 βουλόμενος
731 933 790 972 καὶ
817 936 863 978 εἷς
879 933 941 981 τὴν
961 933 1118 985 γέννησιν

98 999 253 1033 καθεῖναι
273 995 335 1043 τὴν
353 999 473 1034 ἑαυτοῦ
488 996 550 1043 τὴν
568 996 763 1048 ἀπόρρητον
779 995 911 1042 ἐκείνην
934 995 993 1033 καὶ
1011 995 1121 1048 ἄφρα-

99 1073 190 1104 στον,
209 1055 294 1100 τέως
313 1057 558 1105 διαὸαστάζει,
582 1057 641 1094 καὶ
671 1062 685 1076 ⁰
698 1059 735 1095 οὗ
752 1056 911 1104 καθίησιν
930 1072 937 1079 ·
969 1049 1043 1094 εἶτα
1063 1055 1121 1093 καὶ

100 1117 162 1165 τὴν
178 1118 290 1156 αἰτίαν
308 1118 418 1170 λέγει,
437 1120 480 1156 δι’
499 1118 541 1164 ἣν
558 1121 595 1157 οὐ
615 1118 843 1165 καθίησι.Τίς
858 1118 895 1157 δέ
910 1121 1000 1156 ἐστιν
1016 1116 1122 1164 αὕτη,

100 1179 146 1217 ‘H
173 1178 332 1231 παχύτης
366 1179 424 1217 καὶ
450 1183 471 1225 ἦ
508 1179 666 1218 ἀσθένεια
692 1183 760 1218 τῶν
789 1179 993 1217 ἀκουόντων.
1028 1177 1122 1216 (ῙΚαὶ

102 1240 229 1287 ταύτην
260 1240 492 1291 αἰνιττόμενος
512 1241 667 1293 ἐπήγαγε
694 1241 820 1293 λέγων·
851 1242 896 1279 Εἰ
923 1240 967 1279 τὰ
988 1240 1124 1292 ἐπίγεια

105 1295 198 1339 εἶπον
214 1298 385 1352 ὑμῖν,’καὶ
404 1304 441 1339 οὖ
456 1301 649 1349 πιστεύετε,
670 1305 743 1345 πῶς
757 1332 766 1349 ,
790 1302 847 1340 ἐὰν
872 1302 958 1340 εἴπω
981 1304 1061 1353 ὑμῖν
1082 1303 1126 1341 τὰ

105 1363 314 1415 ἐπουράνια,
341 1363 557 1411 πιστεύσετε;
576 1362 684 1401 (Ώστε
708 1363 860 1414 ὅπουπερ
891 1363 929 1400 ἂν
957 1362 1036 1413 εἴπῃ
1068 1363 1127 1414 μέ-

106 1424 200 1476 τριόν
228 1440 262 1461 τι
295 1424 355 1461 καὶ
376 1424 549 1471 ταπεινὸν,
571 1428 614 1476 τῇ
641 1427 709 1462 τῶν
744 1423 936 1462 ἀκουόντων
971 1423 1130 1476 ἀσθενείᾳ

106 1484 281 1536 λογιστέον
299 1483 392 1522 αὐτό.
409 1483 466 1522 Τὰ
482 1483 516 1521 δὲ
537 1485 672 1536 ἐπίγεια
691 1487 835 1522 ἐνταῦθα
854 1483 943 1526 τινὲς
961 1482 1021 1534 μὲν
1051 1483 1130 1535 περὶ

108 1548 166 1583 τοῦ
189 1544 315 1595 ἀνέμου
331 1544 433 1596 φασὶν
456 1546 630 1596 εἰρῆσθαι·
650 1544 837 1592 τουτέστιν,
863 1546 892 1582 εἷ
917 1544 976 1582 καὶ
992 1543 1131 1582 ὑπόδει-

111 1671 232 1714 σΟητε,
249 1669 323 1710 πῶς
348 1666 532 1713 δυνήσεσθε
548 1665 592 1704 τὰ
608 1665 805 1718 ὑψηλότερα
826 1669 967 1716 μαθεῖν,
983 1667 1029 1704 Εἰ
1045 1664 1080 1703 δὲ
1096 1665 1135 1703 τὸ

114 1728 296 1779 βάπτισμα
319 1727 467 1779 ἐπίγειον
489 1730 636 1766 ἐνταῦθα
657 1727 770 1779 λέγοι,
793 1727 842 1778 μὴ
865 1727 1059 1779 θαυμάσῃς.
1085 1726 1135 1765 Ἢ

112 1789 179 1842 γὰρ
196 1788 252 1827 διὰ
265 1789 304 1827 τὸ
324 1791 357 1827 ἐν
373 1792 415 1841 τῇ
440 1793 483 1841 γῇ
503 1791 699 1838 τελεῖσθαι,
718 1789 741 1835 ἢ
764 1790 849 1841 πρὸς
878 1789 1055 1843 σύγκρισιν
1076 1793 1137 1836 τῆς

114 1853 236 1888 ἑαυτοῦ
257 1850 446 1902 γεννήσεως
464 1853 526 1896 τῆς
552 1850 834 1903 φρικωδεστάτης
857 1850 990 1898 ἐκείνης
1011 1852 1137 1902 ὀνομά-

117 1912 183 1954 ζων
203 1910 310 1954 οὕτως
326 1911 408 1949 αὐτὸ
424 1913 535 1949 καλεῖ.
560 1912 604 1949 Εἰ
626 1911 693 1964 γὰρ
709 1911 768 1949 καὶ
787 1912 988 1965 ἐπουράνιος
1007 1910 1092 1958 αὕτη
1115 1914 1137 1957 ἡ

117 1973 294 2024 γέννησις,
332 1971 420 2010 ἀλλὰ
456 1972 541 2025 πρὸς
581 1973 712 2020 ἐκείνην
746 1973 1044 2026 παραῧαλλομένη
1076 1971 1138 2019 τὴν

118 2036 249 2081 ἀληθῆ,
271 2033 330 2071 καὶ
348 2034 387 2071 ἐκ
405 2036 466 2079 τ’ῆς
487 2037 547 2072 τοῦ
562 2033 702 2086 Πατρὸς
724 2033 841 2078 οὐσίας
857 2027 976 2082 οὖσαν,
993 2032 1142 2085 ἐπίγειός

120 2097 205 2133 ἐστι.
225 2095 243 2113 *
254 2094 325 2133 Καὶ
341 2096 456 2139 καλῶς
470 2096 531 2133 οὒκ
547 2087 652 2143 εἴπεν,
668 2095 745 2147 οὐχὶ
760 2102 884 2144 νοεῖτε,
905 2097 993 2143 ἀλλ’,
1013 2097 1066 2133 Οὐ
1086 2111 1142 2133 πι-

121 2154 266 2194 στεύετε.
286 2154 401 2193 ζὈταν
423 2155 484 2207 μὲν
502 2155 569 2209 γὰρ
591 2156 675 2209 πρὸς
697 2157 811 2195 ἐκεῖνά
834 2173 885 2200 τις
912 2155 1142 2208 δυσκολαίνῃ,

121 2216 142 2253 ἃ
160 2215 216 2254 διὰ
237 2220 296 2255 τοῦ
312 2220 369 2254 νοῦ
382 2217 500 2255 λαὸεῖν
520 2216 615 2265 ἔστι,
633 2217 692 2255 καὶ
722 2217 770 2268 μὴ
793 2217 919 2272 ῥαδίως
945 2217 1144 2269 καταδέχη-

122 2295 201 2325 ται,
224 2278 363 2322 εἰκότως
384 2278 423 2316 ἂν
444 2278 561 2317 ἄνοιαν
581 2281 780 2330 ἐγκαλοῖτο·
805 2279 887 2318 ὅταν
908 2278 943 2317 δὲ
963 2284 1074 2318 ταῦτα
1095 2278 1145 2330 μὴ

124 2339 288 2392 δέχηται,
313 2339 335 2376 ἃ
353 2342 511 2392 λογισμῷ
540 2339 601 2390 μὲν
622 2342 681 2378 οὐκ
698 2341 771 2379 ἔστι
801 2342 934 2389 kagan,
963 2340 1079 2379 πίστει
1112 2340 1147 2378 ’δὲ

125 2400 212 2453 μόνῃ
225 2431 234 2449 ,
250 2402 312 2438 οὐκ
331 2401 381 2438 ἔτι
397 2400 533 2449 ἀνοίας,
557 2403 633 2439 ἀλλ’
651 2402 815 2446 ἀπιστίας
832 2402 904 2441 ἐστὶ
919 2403 957 2440 τὸ
975 2402 1147 2454 ἔγκλημα.

123 2461 283 2513 Ἀπάγων
299 2455 357 2500 οὖν
372 2462 472 2500 αὐτὸν
490 2467 549 2501 τοῦ
566 2462 615 2513 μὴ
632 2465 744 2510 ζητεῖν
758 2466 938 2514 λογισμοῖς
956 2463 996 2501 τὸ
1014 2462 1149 2514 λεχθὲν,

127 2522 351 2575 σφοδρότερον
379 2526 480 2561 αὐτοῦ
510 2527 745 2572 καθικνεῖται,
775 2524 939 2562 ἀπιστίαν
979 2526 1149 2575 ἐγκαλῶν.

127 2585 172 2621 Εἰ
201 2582 235 2620 δὲ
261 2583 525 2643 τὴνωῆμετέραν
558 2584 673 2622 πίστει
694 2586 764 2637 χρὴ
795 2584 957 2636 δέχεσθαι
980 2584 1152 2636 γέννησιν,

129 2642 218 2685 τίνος
245 2641 285 2679 ἂν
312 2645 377 2679 εἷεν
405 2641 494 2685 ἄξιοι
513 2644 544 2680 οἱ
562 2642 625 2688 τὴν
645 2646 704 2680 τοῦ
732 2645 946 2694 Μονογενοῧς
976 2645 1154 2693 λογισμοῖς

129 2702 452 2756 περιεργαζόμενοι;
473 2702 564 2740 Ἀλλ’
593 2702 676 2746 ἴσως
701 2703 792 2741 εἴποι
817 2720 870 2746 τις
896 2703 948 2751 ἂν,
981 2702 1040 2741 καὶ
1066 2702 1156 2746 τίνος

130 2762 243 2801 ἕνεκεν
276 2762 412 2813 ἐλέγετο
438 2765 572 2809 ταῦτα,
606 2765 635 2800 εἷ
665 2763 713 2814 μὴ
745 2763 887 2814 ἔμελλον
916 2763 1090 2802 πιστεύειν
1125 2764 1157 2801 οἱ

132 2824 332 2872 ἀκούοντες;
350 2823 435 2862 υΟτι
463 2826 491 2862 εἰ
514 2825 573 2862 καὶ
593 2826 718 2863 ἐκεῖνοι
746 2825 794 2875 μὴ
823 2824 1012 2873 ἐπίστευον,
1034 2826 1110 2870 ἀλλῗ
1127 2827 1157 2862 οἱ

133 2888 207 2936 μετ’
238 2885 360 2929 αὐτοὺς
393 2885 535 2936 ἔμελλον
564 2885 650 2924 αὐτὰ
678 2885 837 2938 δέχεσθαι
868 2885 927 2924 καὶ
955 2884 1157 2938 κερδαίνειν.

131 2948 434 2997 ίιΚαθικνούμενος
462 2946 574 2985 τοίνυν
607 2949 709 2985 αὐτοῦ
746 2947 981 2998 σφοδρότατα,
1009 2946 1159 2984 δείκνυσι

131 3006 252 3045 λοιπὸν
268 3007 321 3046 ὅτι
341 3010 378 3046 οὐ
393 3012 503 3046 ταῦτα
522 3002 591 3047 οἶδε
608 3009 724 3059 μόνον,
739 3008 830 3046 ἀλλὰ
850 3009 909 3046 καὶ
924 3007 1024 3060 ἕτερα
1040 3009 1160 3058 πολλῷ

133 3066 242 3105 πλείω
269 3066 396 3105 τούτων
431 3068 489 3106 καὶ
520 3068 637 3118 μείζω.
666 3067 774 3107 “Ὀθεν
802 3068 862 3106 καὶ
889 3070 990 3106 τοῦτο
1017 3067 1073 3105 διὰ
1099 3070 1160 3113 τῆς

137 3129 322 3180 ἐπαγωγῆς
339 3128 521 3177 ἐῖήλωσεν,
544 3127 651 3173 οὕτως
673 3128 798 3167 εἰπών·
824 3129 892 3167 Καὶ
907 3128 1015 3171 οὐδεὶς
1036 3126 1163 3166 ἀναὸέ-

139 3197 243 3244 ῧηκεν
264 3199 311 3239 εἰς
329 3196 385 3234 τὸν
403 3197 559 3249 οὐρανὸν,
590 3198 619 3234 εἷ
645 3196 693 3246 μὴ
717 3199 734 3235 ὁ
752 3197 791 3234 ἐκ
815 3199 874 3234 τοῦ
895 3198 1036 3247 οὐρανοῦ
1057 3210 1163 3232 κατα-

190 3334 206 3358 ¹¹
222 3332 285 3365 Alii
300 3337 398 3368 ταῦτα
414 3336 492 3379 ἐρεῖ·
508 3336 522 3366 δ
537 3335 581 3371 δή.

195 3397 205 3410 ι’
223 3385 284 3417 Alii
294 3389 325 3418 οὐ
341 3390 402 3426 μὴν
412 3389 527 3421 καθίησι
541 3389 589 3417 καὶ
604 3390 656 3423 τὴν
673 3390 779 3419 αἰτίαν.

192 3439 204 3457 ⁴¹
223 3437 336 3471 Morcl.
357 3442 390 3474 ἢν
404 3439 438 3475 δὴ
456 3441 503 3471 καὶ
519 3441 623 3470 αἰνιττ-

1144 1577 1192 1603 154

110 1622 183 1657 γμα
206 1604 275 1643 ἀπὸ
293 1608 360 1642 τῶν
388 1605 549 1656 ἐπιγείων
571 1605 705 1653 ἔδωκα,
727 1604 787 1643 καὶ
807 1603 882 1642 οὐδὲ
909 1603 1016 1647 οὕτως
1041 1603 1132 1642 ἐπεί·
1159 1614 1184 1643 Α

1182 457 1249 481 nou
1280 443 1489 495 attigissent.
1511 443 1594 482 Ideo
1614 444 1716 495 longe
1743 444 1845 495 plura
1875 443 2026 482 humilia
2057 445 2163 494 dixit,

1181 518 1290 555 quam
1304 504 1485 542 sublimia.
1498 504 1568 543 Sed
1585 518 1628 542 ne
1645 504 1712 542 hoc
1730 503 1827 541 aliud
1844 504 2014 542 damnum
2034 505 2166 557 impor-

1183 573 1286 614 taret,
1306 573 1338 601 et
1357 564 1459 602 humi
1485 564 1704 617 discipulum
1730 565 1905 614 retineret,
1925 565 2088 603 inferiora
2107 567 2167 604 illa

1186 639 1255 663 non
1274 624 1385 673 dicit,
1405 625 1473 664 nisi
1494 640 1636 664 causam
1655 626 1717 663 illa
1741 626 1882 664 dicendi
1910 626 2032 664 afferat
2049 643 2056 663 :
2076 627 2171 678 quod

1187 686 1246 723 hie
1261 686 1367 724 etiam
1388 686 1481 724 fecit.
1501 687 1590 724 Cum
1612 687 1705 724 enim
1724 686 1873 724 dixisset
1890 686 1933 725 de
1949 688 2172 739 baptismate,

1191 756 1224 785 et
1248 747 1293 785 de
1310 747 1372 786 illa
1403 762 1481 799 quae
1503 747 1538 785 in
1560 757 1652 786 terra
1671 749 1712 786 fit
1731 747 1924 786 secundum
1940 749 2088 800 gratiam
2110 763 2171 800 ge—

1194 808 1385 858 neratione,
1415 809 1536 847 volens
1557 809 1601 846 de
1627 809 1847 860 generatione
1873 809 1935 846 illa
1961 824 2023 847 sua
2050 824 2174 848 arcana

1194 877 1226 906 et
1247 869 1421 908 ineffabili
1450 871 1546 922 loqui
1562 901 1572 921 ,
1593 870 1792 908 intermittit
1812 878 1926 908 tamen
1942 901 1952 921 ,
1979 880 2012 909 et
2040 886 2109 921 qua
2135 871 2177 909 de

1194 945 1298 970 causa
1316 931 1524 969 intermittat
1543 931 1618 983 ipse
1636 931 1802 968 declarat.
1823 930 1994 976 Quaenam
2023 931 2084 968 illa
2100 945 2179 968 cau—

1195 1007 1230 1030 sa
1251 992 1328 1030 est?
1347 991 1561 1029 Auditorum
1581 991 1754 1029 crassities
1773 999 1805 1028 et
1826 990 2060 1039 imbecillitas,
2075 1006 2181 1042 quam

1195 1068 1280 1091 mox
1313 1053 1553 1094 subindicavit
1582 1052 1638 1090 his
1668 1052 1814 1092 verbis:
1848 1052 1888 1090 Sc·
1917 1061 2070 1091 terrena
2101 1054 2183 1090 dixi

1196 1117 1321 1161 vobis,
1337 1123 1371 1152 et
1387 1129 1464 1153 non
1475 1115 1643 1161 creditis,
1657 1116 1860 1167 quomodo,
1878 1118 1911 1153 si
1922 1115 2054 1151 dixero
2075 1117 2183 1152 vohis

1197 1177 1366 1215 caelestia
1378 1206 1388 1224 ‚
1404 1177 1563 1214 credetis
1577 1181 1593 1213 P
1612 1177 1733 1227 Itaque
1752 1176 1812 1214 ubi
1833 1176 2033 1213 modestum
2051 1174 2138 1224 quid
2152 1184 2183 1211 et

1198 1236 1333 1274 humile
1360 1236 1469 1285 dicit,
1498 1235 1534 1273 id
1560 1235 1763 1273 auditorum
1784 1236 2022 1273 imbecillitati
2050 1234 2184 1272 adscri-

1200 1297 1354 1336 bendum
1386 1306 1447 1334 est.
1466 1296 1662 1334 'l'errestria
1690 1310 1773 1334 vero
1802 1296 1862 1334 hic
1888 1296 2033 1347 quidam
2061 1304 2187 1348 putant

1204 1367 1345 1397 ventum
1361 1357 1574 1409 significare,
1589 1371 1629 1394 ac
1649 1357 1678 1394 si
1693 1357 1824 1396 diceret
1842 1373 1849 1393 ε
1869 1357 1907 1395 Si
1922 1357 2125 1409 exemplum
2143 1370 2187 1393 ex

1205 1418 1349 1456 terrenis
1365 1416 1448 1454 dedi
1465 1447 1475 1465 ,
1497 1431 1560 1454 nec
1577 1426 1694 1454 tamen
1713 1417 1991 1468 obtemperastis,
2011 1417 2188 1467 quomodo

1205 1477 1363 1531 poteritis
1387 1476 1595 1514 sublimiora
1619 1476 1782 1514 discere?
1807 1477 1846 1515 Si
1862 1490 1966 1528 porro
1992 1477 2052 1514 hic
2073 1477 2190 1529 bapti-

1206 1553 1280 1577 sma
1302 1547 1479 1576 terrenum
1500 1537 1666 1589 appellet,
1683 1550 1726 1574 ne
1739 1537 1889 1575 mireris.
1907 1538 1976 1574 Aut
1989 1537 2082 1574 enin]
2102 1537 2191 1574 illud

1207 1600 1255 1638 ita
1275 1608 1378 1639 vocat
1396 1598 1492 1649 quod
1513 1598 1547 1636 in
1567 1597 1669 1635 terris
1690 1598 1911 1647 conferatur;
1935 1607 1996 1635 aut
2015 1597 2062 1634 ita
2078 1607 2191 1647 vocat,

1208 1661 1327 1712 ipsum
1353 1657 1591 1711 comparando
1619 1671 1701 1695 cum
1720 1657 1901 1695 tremenda
1923 1657 1982 1696 illa
2009 1672 2071 1695 sua
2091 1671 2193 1708 gene-

1209 1723 1358 1761 ratione.
1386 1722 1478 1758 Nam
1506 1719 1570 1757 etsi
1600 1718 1677 1756 haec
1704 1719 1879 1770 generatio
1900 1719 2047 1756 caelestis
2076 1719 2144 1765 sit,
2166 1719 2193 1756 si

1210 1794 1325 1823 tamen
1352 1790 1575 1834 comparetur
1603 1794 1685 1818 eum
1704 1780 1764 1817 illa
1795 1794 1839 1818 ex
1857 1780 1973 1818 Patris
2003 1779 2199 1817 substantia

1211 1844 1445 1897 generatione,
1460 1853 1595 1882 terrena
1616 1841 1687 1879 dici
1706 1850 1830 1893 potest.
1851 1844 1901 1879 Ae
1916 1842 1995 1893 jure
2010 1854 2078 1878 non
2094 1840 2199 1889 dixit,

1214 1908 1291 1945 Non
1313 1905 1525 1956 intelligitis,
1546 1902 1622 1953 sed,
1641 1904 1730 1940 Non
1752 1903 1920 1940 creditis.
1942 1902 1979 1940 Si
2001 1901 2081 1952 quis
2108 1901 2201 1939 enim

1214 1982 1253 2006 ea
1271 1967 1411 2005 credere
1428 1975 1461 2004 et
1480 1964 1666 2003 admittere
1685 1963 1795 2012 nolit,
1822 1977 1899 2014 quae
1927 1972 2042 2000 mente
2067 1962 2201 2014 percipi

1214 2038 1373 2082 possunt,
1387 2028 1416 2065 is
1430 2028 1511 2079 jure
1528 2025 1686 2064 stultitiae
1700 2033 1903 2073 accusetur,
1923 2023 1951 2060 si
1965 2023 2046 2073 quis
2058 2036 2144 2060 vero
2160 2021 2201 2058 il<

1216 2091 1248 2127 la
1264 2104 1330 2128 non
1346 2088 1522 2137 admittat,
1534 2102 1611 2138 quae
1622 2100 1690 2124 non
1705 2094 1831 2134 mente,
1841 2084 1900 2122 sed
1918 2083 1989 2121 fide
2001 2082 2202 2135 percipiun—

1217 2161 1295 2201 tur,
1316 2151 1344 2188 is
1365 2163 1434 2188 non
1456 2150 1531 2201 jam
1561 2147 1731 2196 stultitiae,
1747 2145 1807 2183 sed
1825 2144 2083 2183 incredulitatis
2103 2156 2208 2181 causa

1217 2212 1393 2265 arguitur.
1425 2212 1476 2249 Ut
1498 2223 1582 2262 ergo
1609 2209 1713 2247 illum
1744 2206 1921 2256 abducat,
1944 2220 1986 2244 ne
2016 2203 2208 2243 ratiociniis

1218 2275 1356 2312 dictum
1380 2271 1561 2324 percipere
1587 2279 1745 2321 quaerat,
1776 2267 2021 2306 vehementius
2048 2267 2084 2303 in
2107 2265 2210 2301 illum

1221 2334 1417 2383 invehitur,
1433 2332 1478 2370 de
1504 2330 1750 2369 incredulitate
1768 2342 1946 2366 accusans.
1968 2327 2006 2364 Si
2035 2338 2119 2365 vero
2148 2338 2211 2361 no-

1222 2406 1331 2435 stram
1352 2394 1452 2431 illam
1469 2390 1726 2443 generationem
1745 2388 1815 2426 fide
1835 2387 2019 2425 admittere
2037 2393 2210 2438 oporteat,

1223 2471 1293 2508 quo
1311 2468 1380 2493 non
1401 2452 1500 2504 digni
1521 2459 1601 2488 sunt
1621 2449 1808 2500 supplicio,
1823 2447 1884 2497 qui
1905 2446 2089 2497 Unigeniti
2109 2458 2211 2497 gene-

1225 2517 1397 2555 rationem
1430 2512 1565 2550 ratione
1603 2508 1818 2560 inquirunt?
1852 2506 1923 2545 Sed
1962 2507 2051 2544 sorte
2081 2506 2214 2544 dixerit

1227 2576 1417 2629 quispiam,
1444 2574 1517 2610 Cur
1543 2571 1620 2608 liaee
1646 2569 1741 2608 dicta
1768 2578 1861 2619 sunt,
1888 2569 1917 2606 si
1937 2567 2116 2606 auditores
2147 2582 2215 2607 non

1229 2636 1397 2677 credituri
1417 2632 1542 2672 erant?
1562 2632 1657 2678 Quia
1676 2631 1739 2668 etsi
1762 2631 1815 2668 illi
1836 2644 1905 2668 non
1920 2629 2089 2668 credituri
2105 2639 2215 2679 erant,

1229 2709 1264 2738 at
1285 2695 1454 2737 credituri
1483 2701 1573 2731 certe
1590 2691 1702 2729 futuri
1722 2691 1883 2729 homines
1899 2721 1909 2740 ,
1925 2700 1958 2728 et
1985 2691 2068 2728 hinc
2085 2691 2217 2728 utilita—

1231 2772 1301 2800 tem
1320 2755 1532 2813 percepturi.
1557 2754 1812 2794 Vehementius
1828 2767 1911 2805 ergo
1933 2753 1969 2791 in
1991 2753 2093 2790 illum
2116 2754 2215 2792 inve-

1230 2823 1319 2860 hens
1332 2851 1342 2871 ,
1358 2818 1510 2859 ostendit
1528 2815 1674 2853 demum
1688 2845 1700 2865 ,
1732 2829 1767 2853 se
1792 2828 1861 2852 non
1890 2813 1994 2852 modo
2013 2814 2075 2851 illa
2095 2828 2194 2852 nosse
2208 2844 2217 2862 ,

1232 2884 1294 2924 sed
1321 2882 1428 2920 etiam
1448 2879 1518 2917 alia
1536 2879 1641 2928 longe
1661 2876 1765 2928 plura
1794 2884 1828 2913 et
1850 2876 2009 2927 maj0ra3
2041 2875 2137 2925 quod
2159 2888 2219 2926 per

1233 2943 1412 2997 sequentia
1426 2940 1577 2979 ostendit
1591 2939 1732 2977 dicens:
1750 2939 1872 2975 Nemo
1887 2940 1928 2974 in
1938 2937 2075 2975 eaelum
2086 2951 2219 2975 aseen-

1233 3009 1304 3054 dit,
1332 3007 1406 3043 m'si
1430 3005 1496 3055 qui
1515 3003 1562 3040 de
1581 3000 1675 3039 caelo
1701 2999 1920 3045 descendit,
1946 2998 2073 3035 Filius
2099 2999 2220 3035 homi-

1236 3071 1308 3116 nis,
1332 3068 1398 3119 qui
1417 3073 1471 3103 est
1488 3066 1529 3102 in
1555 3062 1662 3100 eoelo.
1686 3059 1734 3096 Et
1750 3072 1937 3110 quaenam,
1959 3058 2118 3108 inquies,
2147 3058 2222 3095 haec

1236 3125 1508 3179 consequentia?
1527 3123 1690 3162 Maxima
1721 3129 1834 3169 certe,
1864 3128 1896 3157 et
1918 3119 2112 3157 admodum
2141 3132 2222 3156 cum

1234 3187 1447 3243 supradictis
1480 3197 1684 3224 consonans.
1718 3183 1813 3229 Quia
1841 3181 1934 3218 enim
1964 3180 2024 3217 ille
2055 3178 2219 3217 dixerat:

1268 3329 1282 3342 '²
1304 3327 1368 3369 [καὶ
1392 3328 1442 3359 οὐκ
1468 3325 1557 3363 εἶπεν,
1585 3325 1635 3354 obn
1659 3325 1819 3359 ἐνοήσατε,
1848 3321 1928 3358 ἀλλ’,
1963 3321 2012 3350 οὖν.
2039 3319 2227 3350 ἐπιστεύσατε

1223 3377 1333 3413 Codd.
1348 3377 1411 3410 705
1426 3383 1458 3408 et
1474 3375 1537 3406 706
1551 3380 1583 3405 et
1600 3370 1699 3405 Sat-il.
1716 3371 1792 3403 Mox
1807 3367 1941 3413 quidam
1966 3369 2156 3413 δυσκολαίνῃ]

1267 3443 1280 3456 «²
1298 3428 1412 3463 Morel.
1433 3432 1630 3468 καθικόμενος.

2263 2347 2414 2383 Unigeniti

2267 2392 2414 2425 generatio

2228 2441 2285 2458 nou
2304 2436 2415 2457 rat-oue

2227 2471 2414 2509 inquirenda,
