2481 3678
678 218 716 247 ix
754 219 861 249 JoAN
874 220 961 249 Min
1002 219 1158 249 nomn„

110 314 171 344 νην
189 299 378 350 περιελθεῖν
396 298 455 336 καὶ
470 297 635 349 κηρῦξαι,
654 300 821 338 δείκνυσιν
837 300 887 338 ὅτι
903 300 917 320 ¹³
931 300 989 338 καὶ
1007 300 1131 353 ῥᾷστόν

116 362 202 397 ἐστι.
235 360 288 397 Τὸ
319 359 385 412 γὰρ
414 360 545 412 σφόδρα
570 360 731 398 ἐπίπονον
760 362 869 399 ἐκεῖνο
894 356 948 409 ἦν,
967 362 984 399 ὃ
1004 363 1132 399 πολλοῦ

112 419 270 469 καμάτου
296 421 422 467 ἐδεῖτο,
454 421 494 458 τὸ
522 420 731 458 καταὸαλεῖν
758 421 802 458 τὰ
831 421 1034 472 σπέρματα,
1074 420 1134 457 καὶ

109 480 223 532 ψυχὴν
244 480 398 530 ἀμύητον
432 482 609 532 ἐναγαγεῖν
645 484 691 524 εἰς
724 481 942 532 θεογνωσίαν.
972 480 1076 522 Τίνος
1097 478 1132 517 δὲ

111 542 222 579 ἕνεκεν
240 547 346 580 ταῦτα
369 542 574 594 φθέγγεται;
599 542 674 581 Ἵνα
692 542 774 581 ὅταν
796 540 918 584 αὐτοὺς
939 539 1130 591 ἀποστείλῃ

110 605 157 645 εἰς
173 603 211 640 τὸ
231 602 396 654 κηρῦξαι,
418 603 466 653 μὴ
489 603 737 656 θορυὸηθῶσιν,
756 606 803 645 ὡς
824 604 871 645 εἰς
889 607 1038 654 πρᾶγμα
1059 600 1133 638 ἐπί-

110 650 211 702 πονῦν
234 664 466 714 πεμπόμενοι.
487 665 540 703 Τὸ
549 664 615 716 γὰρ
634 663 886 714 ἐπιπονώτερον
902 665 970 700 τῶν
989 677 1131 715 προφη-

110 727 176 762 τῶν
197 719 251 771 ἦν,
273 725 376 776 φησὶ,
401 725 459 763 καὶ
492 731 659 777 μαρτυρεῖ
683 725 722 762 τὸ
751 724 848 777 ἔργον
869 725 918 774 τῷ
946 722 1059 774 λόγῳ,
1078 722 1131 761 ὅτι

109 789 206 835 ὑμεῖς
226 786 282 825 ἐπὶ
301 787 345 823 τὰ
364 786 490 824 εὔκολα
502 787 635 833 ἤλθετε.
651 785 793 837 ”Ωσπερ
810 784 876 836 γὰρ
893 784 949 823 ἐπὶ
966 788 1131 838 θερισμοῦ

111 850 185 897 μετ’
214 847 369 890 εὐκολίας
399 847 461 897 μὲν
486 850 504 885 ὁ
523 846 655 898 καρπὸς
681 845 884 896 συνάγεται,
912 846 972 883 καὶ
1002 848 1037 884 ἓν
1066 852 1130 898 μιᾷ

111 911 198 960 ῥοπῇ
214 912 235 955 ἡ
256 908 345 951 ἅλως
371 909 567 960 πληροῦται
596 908 663 944 τῶν
691 906 912 959 δραγμάτων,
933 909 1017 945 οοῦκ
1047 909 1129 946 ἀνα-

109 968 280 1018 μενόντων
303 968 365 1011 τὰς
383 971 449 1006 τῶν
470 971 600 1021 καιρῶν
626 967 774 1020 τροπὰς,
800 968 859 1006 καὶ
885 968 1045 1020 χειμῶνα
1068 970 1128 1007 καὶ

108 1029 168 1081 ἔαρ
191 1029 249 1067 καὶ
276 1029 423 1082 ὅμὸρον·
450 1029 539 1066 οὕτω
558 1029 617 1066 καὶ
637 1033 695 1066 νῦν
715 1028 864 1080 γίνεται·
880 1030 939 1067 καὶ
966 1029 1010 1068 τὰ
1044 1030 1128 1082 ἔργα

110 1092 185 1142 βοᾷ.
207 1090 346 1134 Μεταξὺ
374 1084 432 1128 οῦν
463 1090 621 1142 λέγοντος
649 1092 752 1129 αὐτοῦ
782 1094 893 1128 ταῦτα
908 1121 919 1137 ,
941 1090 1081 1143 ἐξῄεσαν
1099 1093 1130 1129 οἱ

109 1152 348 1204 Σαμαρεῖται,
366 1151 424 1189 καὶ
440 1151 606 1202 συνήγετο
618 1150 739 1205 ἀθρόον
756 1154 772 1189 ὁ
788 1150 932 1201 καρπός.
950 1150 1018 1188 Διὰ
1030 1156 1131 1190 τοῦτο

109 1207 200 1251 εἶπεν
217 1229 225 1236 ·
247 1212 372 1264 Ἄρατε
393 1212 471 1255 τοὺς
487 1212 685 1264 ὀφθαλμοὺς
702 1214 812 1262 ὑμῶν,
827 1212 886 1250 καὶ
906 1211 1053 1263 βλέπετε
1070 1212 1132 1255 τὰς

109 1273 247 1325 χώρας,
275 1274 328 1312 ὅτι
349 1273 468 1312 λευκαί
499 1275 594 1311 εἰσιν.
623 1267 713 1311 Εἰπε
731 1276 862 1321 ταῦτα,
882 1272 941 1310 καὶ
968 1273 1007 1310 τὸ
1033 1272 1131 1325 ἔργον

108 1335 239 1386 ἐφάνη,
264 1334 323 1372 καὶ
347 1333 391 1372 τὰ
420 1333 563 1386 ῥήματα
589 1335 628 1371 ἐκ
653 1335 720 1371 τῶν
748 1333 965 1385 πραγμάτων
987 1335 1131 1385 ἑωρᾶτο.
1144 1358 1190 1382 199

108 1395 174 1433 Ἐκ
194 1394 261 1446 γὰρ
277 1398 340 1441 τῆς
363 1394 497 1438 πόλεως
517 1394 648 1440 ἐκείνης
667 1394 810 1442 πολλοὶ,
834 1393 951 1445 φησὶν,
971 1393 1133 1432 ἐπίστευ-
1154 1395 1179 1423 Α

109 1471 171 1493 σαν
198 1457 245 1498 εἷς
265 1455 366 1493 αὐτὸν
387 1457 456 1493 τῶν
476 1456 706 1506 Σαμαρειτῶν
726 1453 782 1492 διὰ
800 1453 858 1491 τὸν
878 1454 978 1506 λόγον
995 1458 1057 1500 τῆς
1073 1471 1132 1507 γυ-

107 1516 240 1564 ναικὸς,
257 1515 518 1567 μαρτυρούσης,
531 1515 585 1553 ὅτι
601 1508 675 1553 εἶπέ
691 1530 750 1566 μοι
764 1514 879 1552 πάντα
891 1515 956 1553 ὅσα
971 1514 1130 1562 ἐποίησα.

106 1575 294 1628 Συνεώρων
324 1576 391 1627 γὰρ
418 1576 493 1614 ἶ’ὅτι
522 1577 585 1614 οὐκ
613 1575 652 1613 ἂν
675 1574 852 1626 ἐθαύμασε
880 1576 966 1628 πρὸς
986 1575 1089 1628 χάριν
1108 1579 1129 1621 ἡ

106 1637 189 1689 γυνὴ
215 1638 272 1676 τὸν
292 1636 513 1689 διελέγξαντα
530 1639 635 1683 αὐτῆς
659 1637 704 1675 τὰ
729 1637 1039 1688 πλημμελήματα,
1058 1639 1128 1675 οὐδ’

107 1698 147 1736 ἂν
177 1698 263 1753 ὑπὲρ
292 1701 352 1736 τοῦ
380 1698 594 1751 χαρίσασθαι
622 1697 729 1750 ἑτέρῳ
756 1697 813 1736 τὸν
844 1700 967 1745 ἑαυτῆς
987 1697 1132 1749 ἓξεπόμ-

105 1775 211 1798 πευσε
231 1759 317 1810 βίον.

157 1821 197 1858 Μ
203 1819 410 1871 ιμησώμεθα
431 1820 472 1866 δὴ
501 1820 564 1868 τὴν
587 1826 736 1872 γυναῖκα
757 1821 817 1860 καὶ
845 1824 968 1873 ἡμεῖς,
987 1822 1047 1861 καὶ
1074 1823 1131 1862 ἐπὶ

105 1885 176 1924 τοῖς
199 1880 338 1925 οἰκείοις
366 1881 601 1934 ἁμαρτήμασι
635 1881 683 1933 μὴ
717 1882 963 1934 αἰσχυνώμεθα
996 1884 1130 1937 ἀνθρώ-

105 1956 189 1985 πους
201 1971 211 1989 ,
231 1941 321 1980 ἀλλὰ
340 1941 529 1994 φοῧώμεθα
543 1945 589 1986 ὡς
607 1943 676 1996 χρὴ
691 1943 782 1982 Θεὸν
799 1943 856 1981 τὸν
877 1944 938 1982 καὶ
956 1947 1013 1982 νῦν
1025 1946 1130 1997 ὁρῶν-

103 2018 148 2040 τα
175 2002 214 2041 τὸ
239 2002 432 2055 γινόμενον,
453 2003 512 2041 καὶ
542 2002 620 2040 τότε
648 2003 840 2047 κολάζοντα
856 2003 932 2048 τοὺς
953 2004 1001 2055 μὴ
1023 2021 1130 2056 μετα-

104 2063 296 2109 νοήσαντας
315 2066 391 2101 νῦν·
417 2066 464 2107 ὡς
483 2067 540 2102 νῦν
571 2079 611 2115 γε
639 2064 835 2103 τούναντίον
863 2069 1040 2116 ποιοῦμεν.
1056 2066 1128 2104 Τὸν

102 2122 163 2173 μὲν
182 2123 249 2176 γὰρ
268 2123 439 2174 μέλλοντα
459 2124 599 2176 κρίνειν,
615 2126 652 2162 οὐ
676 2124 878 2177 δεδοίκαμεν
893 2142 901 2150 ·
920 2126 999 2171 τοὺς
1014 2126 1050 2164 δὲ
1067 2128 1126 2165 οὐ·

102 2183 157 2222 δὲν
190 2188 284 2236 ἡμᾶς
315 2185 633 2238 παραὸλάπτοντας
643 2186 809 2233 ,τούτους
841 2187 1041 2240 φρίττομεν,
1068 2188 1127 2227 καὶ

100 2244 163 2291 τὴν
183 2248 265 2297 παρ’
288 2247 401 2284 αὐτῶν
423 2246 589 2299 αἰσχύνην
615 2247 802 2300 τρέμομεν.
824 2248 893 2287 Διὰ
917 2252 1019 2288 τοῦτο
1047 2252 1081 2288 ἐν
1099 2244 1127 2302 ᾧ

101 2306 318 2357 δεδοίκαμεν,
338 2309 373 2345 ἐν
403 2307 513 2360 τούτῳ
531 2307 594 2355 τὴν
615 2309 787 2361 τιμωρίαν
815 2309 967 2361 δίδομεν.
987 2310 1032 2349 ‘O
1059 2310 1126 2363 γὰρ

102 2366 269 2419 αἰσχύνην
288 2367 476 2421 ἀνθρώπων
507 2368 727 2422 ὑφορώμενος
754 2374 813 2408 νῦν
839 2370 955 2420 μόνον,
973 2372 1065 2409 Θεοῦ
1091 2371 1126 2410 δὲ

100 2430 247 2479 ὁρῶντος
280 2428 327 2479 μὴ
357 2429 605 2481 αἰσχυνόμενος
638 2430 768 2482 πρᾶξαί
799 2447 834 2468 τι
867 2431 1008 2480 ἄτοπον,
1042 2432 1061 2450 *
1077 2432 1125 2483 μὴ

100 2489 205 2526 θέλων
236 2492 448 2540 μετανοῆσαι
479 2491 538 2528 καὶ
573 2491 853 2540 μεταὸαλέσθαι,
880 2495 914 2530 ἐν
943 2492 1054 2544 ἐκείνῃ
1082 2495 1126 2544 τῇ

99 2547 216 2602 ἧμέρᾳ
234 2552 295 2588 οὐκ
327 2549 472 2588 ἐνώπιον
504 2551 578 2594 ἑνὸς
603 2550 663 2588 καὶ
682 2552 842 2603 δευτέρου
855 2582 864 2599 ,
881 2552 971 2590 ἀλλὰ
989 2554 1052 2598 τῆς
1070 2555 1123 2590 οἰ-

99 2609 270 2660 κουμένης
301 2611 440 2657 ἁπάσης
468 2610 603 2662 ὁρώσης
634 2612 1004 2663 παραδειγματίζεται.
1040 2611 1124 2651 ζὈτι

98 2670 166 2722 γὰρ
184 2671 243 2708 καὶ
269 2674 338 2709 τῶν
355 2673 491 2722 ἀγαθῶν
521 2671 694 2723 πράξεων,
718 2673 777 2710 καὶ
801 2677 869 2711 τῶν
893 2675 930 2711 οὗ
959 2673 1120 2712 τοιούτων

99 2730 189 2783 μέγα
210 2731 351 2785 θέατρον
371 2733 442 2770 ε’κεῖ
466 2732 635 2779 κάθηται,
652 2736 674 2778 ἦ
695 2736 763 2770 τῶν
777 2733 962 2786 προὸάτων
980 2734 1120 2773 καὶτῶν

97 2792 223 2844 ἐρίφων
233 2793 417 2846 παραδολὴ
439 2794 632 2832 παιδευέτω
646 2809 700 2842 σε,
717 2795 776 2832 καὶ
795 2797 813 2832 ὁ
833 2794 1002 2847 μακάριος
1016 2796 1119 2833 Παῦ-

1199 220 1355 249 xxxiv.
1395 204 1454 248 al.
1495 220 1654 249 xxxin.
2105 227 2195 272 229

1205 299 1337 351 qnippe
1365 313 1495 338 munus
1520 300 1623 351 longe
1654 302 1766 351 magis
1799 302 2015 340 laboriosum
2043 314 2135 353 erat,
2157 316 2194 343 nt

1205 373 1260 397 res
1278 359 1353 411 ipsa
1369 359 1598 409 testificatur;
1621 375 1684 399 vos
1703 361 1747 398 ad
1764 362 1883 399 facilia
1912 363 2070 401 venistis.
2094 365 2193 403 Sicut

1204 420 1349 457 enimin
1369 434 1479 458 messe
1508 421 1612 459 facilc
1642 423 1777 460 fructus
1807 422 2008 473 colligitur,
2030 434 2062 462 et
2090 425 2193 463 brevi

1206 488 1362 532 tempore
1387 494 1467 519 area
1497 481 1689 534 manipulis
1722 482 1911 534 impletur,
1942 496 2003 520 nec
2035 493 2191 536 tempora

1205 550 1469 593 exspectantur,
1496 555 1566 580 non
1595 543 1728 593 hiems,
1760 557 1830 581 non
1856 558 1936 594 ver,
1963 558 2031 582 non
2058 544 2191 583 imber:

1207 603 1254 640 ita
1269 613 1303 641 et
1323 617 1416 641 nunc
1434 604 1497 653 fit3
1519 613 1557 641 ut
1578 604 1654 656 ipsa
1681 619 1786 657 opera
1813 606 1977 644 clamant.
1998 608 2093 644 Dum
2116 606 2192 645 hece

1205 663 1266 701 ille
1299 663 1450 713 diceret,
1484 665 1647 703 exierunt
1682 666 1911 717 Samaritani,
1945 677 1978 705 et
2009 668 2192 706 confertim

1206 725 1374 763 collectus
1389 735 1439 763 est
1453 726 1609 776 fructus,
1625 726 1703 765 ideo
1716 726 1856 765 dicebat
1871 743 1879 764 τ
1896 729 2039 766 Levate
2061 730 2192 767 oculos

1205 794 1368 832 vestros,
1399 795 1436 823 et
1461 788 1592 824 videte
1619 790 1804 839 regiones,
1837 791 1930 839 quia
1957 790 2058 827 albae
2085 797 2188 827 sunt.

1204 846 1286 884 Haec
1313 847 1423 897 dixit,
1443 857 1475 885 et
1498 862 1553 886 res
1580 848 1657 900 ipsa
1681 848 1758 887 visa
1779 858 1850 897 est,
1866 862 2064 887 sermonem
2083 864 2192 901 opera

1203 917 1352 958 sequuta
1391 917 1483 946 sunt.
1510 909 1603 946 Nam
1621 910 1684 947 59.
1705 911 1769 947 Ex
1797 913 1954 948 civitate
1981 912 2053 948 illa
2081 913 2193 950 multi

1201 971 1445 1008 crediderunt
1483 972 1524 1008 in
1552 985 1635 1008 eum
1673 971 2006 1009 Samaritanorum
2035 982 2193 1024 propter

1204 1033 1366 1069 verbum
1376 1032 1548 1069 mulieris
1559 1035 1817 1070 testimonium
1826 1034 2075 1084 perhibentis,
2091 1035 2193 1084 Quia,

1204 1094 1303 1131 dixit
1339 1095 1434 1131 mihi
1462 1096 1593 1132 omnia
1620 1096 1980 1148 quaecumqueseci.
2010 1095 2193 1134 Videbant

1204 1154 1298 1191 enim
1326 1168 1403 1191 eam
1435 1169 1504 1192 non
1532 1154 1577 1192 ad
1609 1155 1761 1206 gratiam
1785 1155 1948 1193 laudasse
1975 1155 2102 1203 illum,
2130 1156 2190 1206 qui

1203 1224 1345 1266 peccata
1366 1230 1429 1253 sua
1451 1217 1664 1267 coarguisset
1675 1232 1687 1267 3
1710 1231 1820 1267 neque
1839 1226 1877 1254 ut
1897 1217 2047 1268 gratiam
2074 1218 2191 1268 cujus-

1205 1276 1301 1328 piam
1315 1277 1383 1315 sibi
1399 1277 1614 1329 conciliaret,
1625 1278 1711 1317 vitia
1725 1292 1787 1316 sua
1802 1278 1968 1316 omnibus
1983 1278 2188 1331 patefacere.

1254 1818 1290 1855 5.
1312 1816 1413 1855 Hanc
1428 1831 1511 1869 ergo
1530 1816 1717 1856 mulierem
1745 1827 1779 1856 et
1798 1831 1861 1856 nos
1885 1818 2079 1868 imitemur,
2100 1828 2132 1858 et
2153 1820 2189 1858 in

1199 1878 1354 1929 peccatis
1368 1879 1498 1916 nostris
1514 1878 1705 1930 vulganclis
1724 1893 1767 1916 ne
1798 1893 1983 1918 vereamur
2010 1880 2188 1930 homines,

1170 1956 1173 1958 ·
1200 1938 1261 1977 sed
1281 1941 1398 1977 Deum
1419 1950 1457 1978 ut
1472 1955 1537 1992 par
1558 1949 1609 1978 est
1629 1940 1828 1989 timeamus,
1850 1940 1911 1992 qui
1931 1950 1964 1978 et
1984 1955 2077 1979 nunc
2100 1942 2188 1979 faci-

1200 2014 1286 2038 nora
1300 2011 1419 2039 nostra
1445 2001 1556 2050 videt,
1582 2011 1615 2040 et
1634 2011 1720 2039 tunc
1744 2002 1936 2054 puniturus
1956 2013 2007 2040 est
2034 2017 2090 2040 eos
2127 2003 2188 2054 qui

1199 2077 1295 2100 nunc
1307 2064 1551 2116 poenitentiam
1565 2078 1634 2102 non
1661 2074 1782 2115 agunt.
1804 2067 1849 2102 At
1870 2079 1933 2102 nos
1952 2074 2070 2103 contra
2089 2080 2186 2115 eum,

1199 2124 1262 2175 qui
1285 2138 1348 2162 nos
1365 2125 1593 2177 judicaturus
1614 2135 1678 2174 est,
1701 2139 1770 2163 non
1787 2126 1968 2175 timemus;
1983 2140 2040 2164 eos
2052 2136 2184 2176 autem,

1198 2185 1258 2237 qui
1271 2186 1372 2224 nobis
1388 2201 1512 2225 nocere
1524 2196 1713 2238 nequeunt,
1723 2187 1969 2234 formidamus,
1983 2187 2186 2226 tremimus-

1197 2262 1265 2299 que
1286 2263 1329 2287 ne
1349 2247 1446 2300 apud.
1467 2248 1547 2285 illos
1577 2247 1723 2284 infamia
1750 2247 1965 2285 laboremus.
1992 2247 2128 2285 Idcirco
2150 2248 2186 2285 in

1196 2323 1267 2359 quo
1283 2309 1461 2357 timemus,
1476 2309 1513 2346 in
1530 2322 1569 2346 eo
1586 2322 1708 2361 poenas
1731 2307 1911 2345 dabimus.
1935 2309 2027 2345 Nam
2051 2309 2112 2358 qui
2133 2323 2185 2346 so-

1196 2369 1273 2408 lum
1299 2385 1342 2408 ne
1360 2370 1569 2408 hominibus
1598 2369 1714 2421 turpis
1739 2368 1903 2406 videatur
1934 2378 2046 2418 cavet,
2074 2383 2186 2420 neque

1196 2431 1370 2470 erubescit
1389 2434 1464 2470 Deo
1479 2431 1622 2469 vidente
1635 2430 1807 2469 nefarium
1821 2430 2009 2482 quidpiam
2021 2440 2180 2483 patrare,

1196 2494 1224 2530 si
1254 2507 1324 2531 non
1357 2493 1602 2546 poenitentiam
1632 2501 1727 2543 agat,
1760 2492 1796 2529 in
1832 2492 1895 2528 illa
1923 2491 1981 2530 die
2003 2506 2072 2530 non
2103 2503 2185 2531 ante

1194 2568 1307 2591 unum
1326 2563 1386 2592 aut
1400 2554 1504 2598 duos,
1527 2552 1588 2591 sed
1607 2553 1691 2590 erbe
1709 2561 1781 2590 toto
1805 2552 1946 2591 vidente
1964 2553 2181 2592 traducetur.

1194 2616 1287 2653 Nam
1305 2615 1401 2666 quod
1421 2615 1465 2652 ad
1479 2615 1572 2652 bona
1589 2623 1623 2652 et
1641 2614 1734 2652 mala
1758 2627 1865 2666 opera
1884 2615 2073 2666 spectanda
2108 2631 2183 2654 ma-

1192 2690 1283 2727 gnus
1298 2677 1348 2714 ihi
1367 2690 1548 2715 consessus
1560 2675 1616 2724 sit,
1628 2676 1796 2727 parabola
1811 2676 1934 2714 ovium
1949 2685 1982 2714 et
1994 2676 2182 2715 hoedorum

1191 2745 1224 2774 te
1244 2736 1379 2786 doceat,
1394 2751 1528 2775 necnon
1538 2737 1664 2774 beatus
1676 2737 1823 2787 Paulus,
1838 2738 1900 2787 qui
1914 2736 2001 2775 dicit
2015 2754 2023 2775 ε
2040 2741 2180 2777 Omnes

1190 2801 1292 2835 enim
1323 2812 1392 2836 nos
1422 2799 1671 2850 manifestari
1700 2807 1846 2850 oportet
1874 2807 1967 2837 ante
2006 2802 2182 2838 tribunal

96 2855 170 2899 λος,
190 2854 301 2904 λέγων
315 2870 321 2877 ·
345 2856 406 2892 Δεῖ
418 2854 485 2905 γὰρ
501 2858 612 2905 ἡμᾶς,
625 2856 728 2907 φησὶ,
744 2858 969 2908 παραστῆναι
988 2855 1114 2909 ἔμπρο-
1142 2858 1164 2888 C
1191 2858 1348 2905 Christi,
1363 2859 1558 2909 utreferat
1574 2860 1836 2911 unusquisque
1843 2862 2001 2910 propria
2013 2864 2181 2912 corporis

97 2917 174 2952 σθεν
194 2919 252 2952 τοῦ
269 2915 426 2966 βήματος
441 2919 500 2954 τοῦ
517 2917 683 2968 Χριστοῦ,
696 2917 751 2955 ἵνα
767 2917 956 2967 κομίσηται
972 2917 1118 2960 ἕκαστος

95 2975 137 3012 τὰ
157 2976 213 3014 διὰ
228 2982 287 3014 τοῦ
301 2977 461 3027 σώματος
476 2977 540 3016 ὅσα
555 2978 713 3030 ἔπραξεν,
729 2979 796 3017 εἴτε
812 2980 953 3030 ἀγαθὸν,
966 2980 1033 3017 εἴτε
1052 2995 1115 3017 κα-

94 3036 165 3073 κόν·
179 3037 237 3074 καὶ
253 3037 447 3085 nom-4⁶&
464 3039 653 3092 φανερώσει
668 3039 709 3078 τὰ
727 3041 864 3092 κρυπτὰ
883 3044 941 3079 τοῦ
957 3040 1111 3083 σκότους.

140 3176 154 3198 ¹¹
172 3174 233 3206 Alii
249 3181 322 3220 ῥᾷόν
339 3182 410 3211 ἐστι.

139 3237 150 3249 ⁰
168 3227 312 3267 Quidum
331 3233 379 3263 οὐκ
398 3236 613 3273 &noiomi-arom,
632 3239 664 3263 et
681 3231 726 3263 sic
747 3232 803 3263 Sax
815 3231 846 3262 il*
864 3232 904 3263 At
921 3230 1033 3262 ΜΘΝ-1.
1055 3236 1103 3264 οὐκ.

99 3282 261 3319 ἀναμένων.

140 3340 152 3353 ³
172 3336 215 3364 ι”τι
233 3334 280 3364 οὐκ.
299 3337 333 3365 α’,ν
352 3336 499 3375 ἐθαύμασε
517 3340 589 3379 πρὸς
605 3340 703 3380 χάριν,
724 3346 793 3366 eam
820 3346 883 3366 non
901 3335 947 3366 ad
963 3337 1103 3377 gratiam

1185 2927 1299 2969 prout
1315 2922 1487 2970 gesserit,
1510 2916 1590 2957 sive
1610 2920 1764 2967 bonum,
1780 2923 1860 2958 sive
1873 2921 2019 2958 malum
2030 2937 2044 2965 ,·
2057 2931 2089 2958 et
2102 2936 2179 2958 rur-

1187 2994 1257 3027 sus,
1281 2982 1356 3030 Qm‘
1377 2981 1646 3033 manifestabit
1666 2982 1896 3018 abscondita
1918 2983 2174 3019 tenebrarum.

1189 3040 1407 3078 Commisisti
1431 3040 1575 3091 aliquod
1593 3051 1793 3092 peccatum,
1815 3050 1876 3079 aut
1897 3041 2057 3093 cogitasti
2076 3041 2178 3090 illud,

1167 3177 1326 3210 laudasse
1351 3179 1457 3211 illum.
1478 3179 1571 3222 Stepe
1600 3177 1741 3211 vidimus
1769 3185 1932 3221 θαυμάζειν
1954 3179 2041 3220 apud
2065 3179 2178 3210 Patres

1171 3240 1237 3261 esse
1256 3229 1406 3269 laudare,
1424 3230 1577 3262 laudibus
1596 3241 1667 3261 cum
1683 3230 1900 3261 adtuli-atione
1914 3228 2088 3260 celebr-are.

1215 3283 1229 3298 ἰ(
1251 3283 1341 3325 [μηδὲ
1360 3288 1450 3317 θέλων
1466 3300 1501 3325 μ.
1531 3281 1634 3315 Saxil.
1656 3289 1688 3313 et
1706 3280 1788 3313 (lod.
1809 3283 1883 3312 7ll5.
1904 3285 1958 3313 Καὶ
1982 3285 2025 3323 μὴ
2046 3287 2070 3313 O.
2091 3278 2176 3312 (jod,

1171 3336 1233 3367 706
1251 3346 1267 3366 e
1284 3347 1385 3371 corn,
1402 3352 1444 3377 μη
1462 3339 1522 3369 θέλ,
1540 3346 1555 3365 a
1572 3346 1621 3376 pr.
1643 3335 1703 3374 nr]

2199 2757 2223 2777 1.
2248 2750 2359 2779 Confi.

2198 2799 2243 2819 10.

2197 3004 2222 3021 1.
2239 2993 2377 3033 C0r.4.5‚
