2481 3678
668 221 710 251 ΙΝ
749 220 957 251 JOANNEM
993 217 1153 249 nomn..
1193 217 1338 248 Lxxu.

107 302 165 340 καὶ
197 304 357 351 Παῦλος,
379 305 500 354 καιροῦ
525 303 730 350 καλοῦντος,
762 302 852 341 οὕτω
872 301 1002 376 λέγων·
1034 293 1126 339 Οἶδα

107 363 284 440 ἅνΟρ(;)Πον
313 378 380 416 προ
409 379 494 401 Ξτων
526 378 810 415 03Χαῒξσσαρων·
847 361 983 400 axastm
1012 377 1071 423 γεΝ
1087 361 1125 398 Οὔ

108 424 216 476 μικρὰ
230 425 332 462 αὐτοῦ
353 425 521 470 διῆλθεν’
507 423 665 474 εγκώμια
686 424 798 475 ἕτερα.
817 423 867 461 H
889 422 1012 473 μικρὸν
1039 415 1126 459 εἶναί

107 499 161 521 σοι
181 485 272 523 δοκεῖ
290 484 329 521 τὸ
349 484 568 531 ἀκούσαντα,
582 483 775 522 ἈκολουΟει
796 499 866 534 μοι,
884 482 1003 525 ευθέως
1023 481 1127 533 ἀφέν-

105 560 148 582 τα
163 545 206 584 τὰ
225 545 347 583 δίκτυα
371 545 430 582 καὶ
457 545 514 583 τὸν
544 544 694 596 πατέρα,
714 546 963 590 ἀκολουθῆσαι,
997 543 1056 580 καὶ
1086 541 1126 580 τὸ

106 606 196 657 μετὰ
215 606 353 658 Πέτρου
383 608 484 658 μόνον
506 607 606 645 αὐτὸν
640 606 758 644 λαὲεῖν
791 608 837 649 εἷς
866 605 906 643 τὸ
940 605 1034 657 ὄρος,
1065 604 1124 642 καὶ

103 668 260 718 ἀλλαχοῦ
274 668 379 706 πάλιν
400 671 445 712 εἷς
465 668 575 707 οἰκίαν
595 667 811 713 εἷσελθόντα;
831 666 941 709 Αὐτὸς
954 666 990 704 δὲ
1003 665 1124 712 ἡλίκον

103 728 276 804 ἐγκωμιον
297 746 355 768 του
377 730 512 782 Πέτρου
546 731 687 775 δι’ἧλθε,
706 727 765 766 καὶ
784 729 846 765 οὐκ
877 727 1125 780 ἀπεκρυψατο,

103 791 279 842 εἰρηκέναι
292 808 349 830 τον
368 793 521 843 Χριστὸν
537 790 666 841 λέγων·
682 789 815 841 Πέτρε,
827 790 937 841 φιλεῖς
957 805 1000 840 με
1019 788 1124 828 πλέον

288 852 358 890 Και
391 854 572 902 πανταχοῦ
599 850 634 888 δὲ
669 850 840 888 δείκνυσιν
866 849 967 887 αὐτον
1000 850 1125 902 θερμὸν

103 912 162 949 καὶ
179 913 328 962 γνησίως
357 913 482 964 ἔχοντα
500 927 586 963 προς
604 911 720 950 αὐτόν.
754 911 843 950 “Ore
871 915 954 963 γοῦν
985 911 1123 963 ἔλεγεν,

101 973 245 1014 Οὗτος
227 972 262 1009 οὲ
275 971 324 1018 τί,
343 974 382 1009 ἐκ
397 972 526 1009 πολλου
537 969 643 1009 πόθου
660 973 761 1009 τοῦτο
780 970 891 1022 ἔλεγε.
910 969 1004 1010 ι’Διὰ
1022 988 1124 1010 τουτο

97 1031 156 1065 οὖν
176 1029 278 1071 ἄλλος
308 1029 416 1071 οὐδεὶς
436 1032 510 1066 εἰπε
538 1044 618 1081 περι
650 1030 771 1066 αὐτου·
804 1031 880 1067 ἀλλ’

103 865 255 892 τουτωνζ

917 1030 992 1068 οὐδὲ
1024 1032 1124 1075 αὐτὸς

98 1093 192 1127 εἶπεν
209 1088 262 1135 ἂν,
285 1092 314 1127 εἰ
331 1090 379 1140 μὴ
410 1092 459 1133 εἰς
478 1093 579 1127 τοῦτο
598 1089 737 1129 ἐνέπεσε
756 1090 795 1129 τὸ
822 1091 965 1143 χωρίον.
991 1093 1036 1130 Εἰ
1054 1092 1122 1148 γὰρ

99 1149 218 1198 εἰπὼν,
238 1151 290 1189 ὅτι
315 1150 448 1202 Πέτρος
475 1151 609 1189 ἔνευσεν
638 1150 783 1204 Ἰωάννῃ
827 1155 1016 1204 ἐρωτῆσαι,
1062 1155 1121 1192 καὶ

100 1212 206 1261 μηδὲν
225 1212 310 1250 ἄλλο
338 1212 554 1264 προσέθηκε,
573 1212 708 1259 πολλὴν
742 1212 850 1251 ἐποίει
877 1213 939 1260 τὴν
960 1216 1121 1267 ἀπορίαν,

99 1273 158 1311 καὶ
189 1276 302 1320 ζητεῖν
333 1273 525 1324 ἠνάγκαζεν
555 1276 649 1324 ἡμᾶς
683 1273 747 1320 τὴν
784 1274 915 1312 αἷτίαν’
936 1276 992 1314 διὰ
1020 1281 1122 1315 τοῦτο

97 1333 187 1372 λύων
209 1335 308 1378 αὐτὸς
334 1334 479 1382 ταύτην,
499 1334 689 1383 Ἀνέκειτο,
720 1335 826 1387 φησὶ,
846 1337 894 1379 εἷς
917 1337 975 1374 τὸν
993 1338 1122 1376 κόλπον

97 1399 157 1432 τοῦ
178 1395 368 1443 Ἰησοῧ.Ἢ
391 1395 514 1446 μικρὸν
535 1394 599 1432 οἴει
620 1395 881 1445 μεμαθηκέναι,
901 1396 1050 1440 ἀκούσας
1071 1397 1125 1436 ὅτι

98 1455 254 1493 ἀνέκειτο
268 1471 275 1478 ·
293 1455 351 1493 καὶ
367 1455 537 1501 τοσαύτης
551 1454 561 1466 ⁶
574 1455 688 1498 αὐτοῖς
715 1458 732 1493 ὁ
761 1455 967 1500 διδάσκαλος
984 1457 1124 1507 μετεδί-

98 1516 156 1553 δου
170 1515 389 1568 παρρησίας;
410 1518 454 1554 Εἰ
475 1515 535 1553 καὶ
554 1514 675 1553 τούτου
695 1515 758 1562 τὴν
791 1516 903 1554 αἰτίαν
926 1518 1039 1562 ζητεῖς
1057 1534 1124 1568 μα-

97 1581 180 1622 θεῖν,
199 1576 337 1628 ἀγάπης
357 1577 397 1614 τὸ
431 1583 580 1629 πρᾶγμα
613 1571 674 1623 ἦν·
694 1576 751 1614 διὰ
784 1577 886 1615 τοῦτό
913 1593 1030 1630 φησιν,
1055 1578 1124 1617 Ὃν

96 1638 208 1690 ἐφίλει
229 1642 246 1676 ὁ
266 1638 416 1685 Ἰησοῦς.
440 1637 535 1690 Ἐγὼ
555 1637 590 1676 δὲ
611 1638 712 1676 αὐτὸν
742 1638 801 1676 καὶ
833 1639 876 1677 δι’
911 1640 997 1678 ἄλλο
1024 1633 1124 1691 οἶμαι

97 1704 197 1739 τοῦτο
220 1706 343 1749 ποιεῖν,
362 1699 568 1752 βουλόμενον
596 1699 703 1745 δεῖξαι
724 1701 903 1753 ἀλλότριον
923 1702 1044 1740 ἑαυτὸν
1063 1707 1123 1741 τοῦ

96 1761 330 1812 ἐγκλήματος.
357 1761 425 1800 Διὰ
453 1765 555 1799 τοῦτο
589 1763 870 1814 παρρησιάζεται
898 1763 956 1801 καὶ
989 1767 1120 1817 θαρρεῖ.

97 1822 199 1860 Ἐπεὶ
228 1823 285 1860 διὰ
307 1822 342 1860 τί
362 1823 410 1874 μὴ
441 1825 474 1861 ἓν
497 1822 592 1875 ἄλλῳ
621 1822 742 1875 χωρίῳ
777 1827 879 1862 τοῦτο
910 1818 1018 1872 εἶπεν,
1047 1827 1122 1863 ἀλλ’

95 1883 153 1921 ὅτε
184 1886 202 1921 ὃ
225 1890 409 1937 κορυφαῖος
436 1885 586 1933 ἔνευσεν,
608 1884 686 1922 Ἵνα
716 1883 784 1938 γὰρ
811 1885 860 1936 μὴ
883 1886 1046 1937 νομίσῃς,
1073 1887 1126 1925 ὅτι

95 1947 141 1988 ὡς
175 1946 305 1996 μειζονι
326 1946 399 1984 ὄντι
431 1946 565 1984 ἔνευσεν
576 1945 718 1997 ,λεγει,
737 1946 790 1984 οτι
823 1947 879 1986 διὰ
910 1948 972 1996 τὴν
992 1949 1125 1997 πολλὴν

576 1977 592 2020 ’l
621 2007 648 2020 ΝΚ

96 2007 234 2057 ἀγάπην
256 2011 357 2045 τοῦτο
380 2008 522 2059 ἐγίνετο.
545 2009 591 2045 'lt
617 2022 653 2045 οε
681 2008 740 2046 καὶ
761 2009 942 2047 ἐπιπιπτει
972 2026 1022 2062 τῳ
1039 2011 1126 2057 στή-
1151 2015 1174 2045 D

95 2070 131 2105 ΟΞ
137 2083 164 2115 ι,
199 2069 310 2107 Οὔδεν
347 2068 483 2107 οὖοέπω
516 2068 598 2121 περὶ
639 2070 742 2107 αὐτου
773 2070 863 2120 μέγα
894 2070 1123 2110 ὑπώπτευον·

95 2130 246 2174 ἄλλως
228 2130 356 2176 οὲ,καὶ
387 2131 449 2178 τὴν
471 2131 621 2195 ἀθυμίαν
640 2132 890 2184 κατεπράυνεν
922 2133 1027 2176 Εἰκὸς
1057 2133 1124 2187 γὰρ

95 2192 153 2229 καὶ
169 2191 233 2239 την
254 2193 332 2244 ὄζαιν
360 2193 472 2230 αυτῶν
494 2196 581 2230 εἰναι
598 2195 740 2245 κατηφῆ·
757 2192 847 2231 τότε.
879 2194 924 2231 Εἰ
952 2192 1019 2246 γὰρ
1047 2201 1123 2238 ταῖς

94 2255 225 2305 ψυχαῖς
235 2255 346 2291 αὐτων
363 2253 621 2306 εταροίχθησαν,
637 2254 758 2292 πολλι)
778 2256 910 2304 μαλλον
922 2260 998 2298 ταῖς
1010 2255 1120 2307 ὄψεσι.

93 2313 370 2365 Μειλισσόμενος
396 2314 508 2352 τοίνυν
540 2315 661 2359 αὐτοὺς
691 2293 751 2353 καῖ
779 2318 829 2367 τῷ
860 2315 954 2368 λόγῳ
989 2317 1047 2355 καὶ
1077 2320 1120 2369 τῇ

93 2375 285 2447 ἐρωτήσει,
302 2377 523 2427 προοοοποιεῖ
555 2393 614 2415 και
639 2383 815 2452 συγχωρεῖ
846 2381 1032 2416 ἀναπεσεῖν
1064 2380 1121 2417 ἐπὶ

93 2451 132 2473 το
152 2438 290 2481 στηθος.
311 2437 481 2475 Σκόπει
463 2437 499 2475 οὲ
530 2439 633 2476 αυτοῧ
653 2438 712 2475 καὶ
741 2438 780 2475 τὸ
807 2438 1046 2488 ἀκόμπαστον.
1067 2442 1120 2478 Οὐ

93 2496 160 2566 γαρ
180 2501 255 2534 εἶπε
285 2513 323 2534 το
351 2498 460 2548 ὄνομα
470 2499 587 2546 ,ἀλλ’,
621 2515 674 2536 οτι
691 2497 761 2537 Ον
789 2498 931 2549 ηγοίπα·
961 2500 1119 2553 καθάπερ

94 2574 153 2595 και
186 2559 384 2605 Παῧλός,
371 2558 427 2596 ο’τε
447 2558 582 2610 ἔλεγεν·
613 2554 704 2597 Οἰοα
733 2559 914 2610 ἄνθρωπον
941 2560 1009 2611 πρὸ
1031 2577 1118 2599 ετι)ν

94 2619 370 2671 δεκατεσσαρων.
391 2619 521 2658 Ἰότε
503 2635 543 2666 οη
570 2623 708 2671 πρῶτον
728 2619 829 2657 αὐτὸν
850 2622 888 2658 ελ
881 2637 988 2672 ιεγχει
1013 2625 1030 2659 ὃ
1046 2624 1118 2669 Ἰη-

94 2683 192 2725 σοῧς,
213 2697 272 2719 και
308 2681 383 2719 οὐδὲ
413 2681 492 2719 τότε
519 2680 708 2732 ὀνομαστί·
730 2680 821 2718 ἀλλὰ
855 2697 948 2729 πως,
968 2677 1018 2737 ῖῼ
1049 2683 1117 2734 ἐγὼ

96 2741 209 2793 βαψας
229 2742 267 2780 τὸ
286 2742 422 2794 ἱψωμίον
449 2741 622 2780 επιοώσι).
641 2741 710 2780 Και
741 2745 758 2779 ὁ
787 2742 913 2794 τρόπος
933 2745 1115 2796 ἐντρεπτι-
1152 2762 1157 2771 ⁴

94 2801 151 2844 κός
165 2818 172 2825 ·
193 2802 268 2840 οὐδὲ
287 2803 355 2855 γὰρ
369 2803 429 2850 τὴν
446 2802 619 2855 τράπεζαν
634 2802 763 2854 ᾐδέσθη
777 2834 785 2850 ,
803 2808 862 2842 τοῦ
887 2805 990 2841 αὐτοῦ
1011 2805 1115 2856 ἄρτου

94 2862 323 2908 κοινωνησας.
346 2862 486 2911 ἼΞσ-ιω,
505 2868 526 2911 ἡ
557 2863 719 2902 κοινωνία
748 2867 816 2902 τῶν
849 2865 942 2903 ἄλυν
970 2866 1031 2903 οὒκ
1063 2867 1117 2903 ἐν-

587 2929 608 2936 m
629 2924 681 2937 xl?

93 2922 235 2997 ΕΤρΕέΕ·
255 2939 295 2962 TO
314 2924 374 2961 καὶ
399 2928 482 2977 παρ’
506 2940 608 2962 αυτΟυ
625 2929 789 2969 ΟΞζαίῖΟαῑ
811 2942 850 2964 ·:0
863 2925 1014 2978 ψωμίον,
1039 2926 1117 2964 ‘tiva

93 2985 154 3021 οὐκ
183 2984 223 3021 ἂν
257 3000 505 3034 επεσπασατο,
521 2986 613 3024 Ἀλλ’
645 2987 706 3024 οὐκ
741 2989 883 3025 ἐκεῖνον.
897 2987 961 3025 Διὸ
995 2988 1054 3026 καὶ
1071 2987 1116 3025 ‘O

93 3058 244 3094 σατανᾶς
288 3051 365 3089 τότε
412 3054 567 3098 εἰσ-ἦλθεν
602 3055 649 3096 εἷς
682 3053 796 3100 αὑτὸν,
825 3053 977 3104 γελοὶσας
1014 3054 1114 3092 αὐτὸν

90 3119 153 3163 τῆς
173 3117 430 3169 ἀναισχυντίας.
452 3118 546 3162 ἽΞως
562 3118 629 3171 γὰρ
649 3114 690 3167 ἦν
711 3124 771 3157 τοῦ
791 3123 918 3172 χοροῦ,
938 3121 998 3157 οὐκ
1016 3119 1114 3158 ἐτόλ-

137 3263 150 3277 ³
167 3253 270 3288 Savil.
290 3262 324 3286 et
341 3254 468 3288 Boisius
486 3254 540 3288 hic
564 3255 738 3300 legendum
759 3263 879 3299 putant
901 3262 997 3290 καίτοι
1014 3271 1046 3299 γε
1073 3261 1104 3291 οὗ

92 3313 188 3351 μικρὰ
203 3311 293 3341 αὐτοῦ
309 3311 426 3346 διῆλθον
442 3314 574 3352 ἐγκώμια
588 3314 696 3355 ἕτεροι.
709 3308 775 3341 Sed
790 3309 892 3352 magis
909 3308 1035 3341 arridet
1050 3307 1104 3342 hic

94 3356 185 3390 locus
199 3366 234 3389 ut
251 3366 300 3390 est
315 3359 471 3401 inlEditis
485 3368 518 3392 et
531 3362 605 3392 3155.
623 3360 790 3392 omnibus.

145 3411 162 3434 h
178 3411 278 3445 Savil.
298 3418 325 3447 τί
340 3414 387 3446 οὖν
403 3417 492 3452 ἄλλος
514 3416 594 3447 οὑδὲ-ι
618 3416 678 3447 εἶπε
703 3418 770 3457 περὶ
788 3417 888 3456 αὐτοῦ,
905 3418 949 3447 ὅτι
967 3416 1042 3447 οὐδὲ.
1062 3412 1105 3456 [τί

2091 203 2183 261 483

1199 313 1330 352 paucas
1344 299 1432 337 alias
1455 299 1510 337 sui
1536 299 1658 337 laudes
1677 308 1914 350 prosequutus
1928 308 1989 336 est.
2007 301 2059 336 An
2080 310 2185 352 putas

1200 359 1237 398 id
1251 374 1379 412 parum
1394 374 1481 409 esse,
1502 359 1597 410 quod
1619 368 1658 397 ut
1673 358 1826 409 audivit,
1843 360 2006 411 Sequere
2022 375 2093 407 me,
2117 372 2186 399 sta·
2203 374 2317 402 matth.
2331 376 2362 412 4.

1199 421 1264 458 tim
1282 421 1414 458 relictis
1433 420 1570 459 retibus
1597 429 1630 458 et
1658 429 1758 472 patre
1782 430 1951 471 sequutus
1965 422 2024 470 sit,
2044 431 2076 458 ct
2091 422 2187 472 quod
2203 423 2254 442 ²⁰·

1201 497 1282 520 cum
1296 484 1398 521 Petro
1416 483 1511 521 solus
1523 492 1701 521 assumtus
1713 483 1757 520 sit
1771 483 1805 520 in
1824 492 1994 532 montem,
2014 492 2046 520 ct
2065 498 2187 521 rursus
2203 494 2250 520 ld.
2274 502 2318 533 ¹7·
2330 503 2354 522 1.

1200 559 1281 582 cum
1299 545 1335 582 in
1355 544 1503 582 domum
1520 544 1700 595 ingressus
1718 544 1796 582 est‘?
1818 545 1895 596 Ipse
1914 558 1996 582 vero
2017 554 2188 595 quantum
2202 560 2277 589 Luc.
2294 561 2325 592 8.
2343 561 2398 590 51.

1199 605 1292 642 Petri
1315 605 1516 643 encomium
1533 606 1706 655 nairaxit,
1726 620 1789 642 nec
1807 606 1918 643 tacuit
1935 605 2070 643 dixisse
2085 606 2189 644 Chri-

1198 675 1291 704 stum
1309 667 1386 705 illi:
1402 669 1530 714 Petre,
1547 681 1657 705 amas
1670 668 1824 719 meplus
1837 669 1915 705 his.
1912 672 1924 695 2
1938 667 1985 705 Et
1998 669 2128 719 ubique
2140 669 2185 705 il
2203 671 2296 699 Joan.
2320 681 2372 703 21

1197 727 1274 764 lum
1301 728 1493 766 ferventem
1521 737 1553 765 et
1581 729 1713 766 sincere
1738 728 1807 780 ipsi
1834 728 2001 765 affectum
2030 712 2259 767 exhibet-15

1200 788 1354 836 Quando
1387 798 1505 827 autem
1535 789 1690 836 dicebat,
1730 791 1807 826 Hic
1838 798 1966 827 autem
1993 791 2110 842 quid?
2143 805 2188 828 ex
2202 800 2282 829 [bid.
2300 812 2328 829 v.
2348 808 2397 829 21.

1198 864 1317 888 amore
1331 864 1460 902 magno
1476 851 1526 889 sic
1544 851 1765 902 loquebatur.
1788 850 1871 889 Ideo
1894 865 1994 889 nemo
2010 851 2102 889 alius
2121 852 2190 891 hoc

1197 913 1242 952 de
1262 914 1325 951 illo
1343 914 1452 964 dixit,
1475 914 1536 952 sed
1551 908 1663 966 neque
1679 915 1751 967 ipse
1770 916 1922 954 Joannes
1938 915 2102 965 dixisset,
2120 916 2191 954 nisi

1198 975 1234 1013 in
1256 975 1352 1014 hunc
1373 976 1553 1015 incidisset
1574 978 1703 1015 locum.
1722 979 1815 1016 Nam
1834 978 1862 1015 si
1885 986 2074 1029 postquam
2098 977 2193 1016 dixit

1199 1038 1348 1075 Petrum
1365 1039 1530 1077 annuisse
1545 1039 1674 1078 Joanni
1697 1048 1736 1076 ut
1755 1039 1999 1090 interrogaret,
2022 1039 2113 1076 nihil
2130 1039 2194 1078 ad-

1196 1098 1358 1149 didisset,
1384 1114 1446 1137 nos
1476 1109 1568 1138 certe
1586 1100 1622 1138 in
1642 1100 1795 1138 dubium
1825 1100 2044 1152 conjecisset,
2063 1110 2095 1138 et
2111 1116 2193 1139 cau-

1196 1175 1272 1198 sam
1297 1161 1476 1217 inquirere
1502 1162 1670 1213 coegisset
1689 1178 1696 1198 :
1717 1161 1798 1199 ideo
1817 1162 1892 1214 ipse
1915 1162 2018 1200 affert
2040 1178 2048 1198 :
2068 1164 2192 1201 Recu-

1198 1224 1280 1259 buit
1308 1236 1420 1274 super
1444 1232 1576 1275 pectus
1600 1224 1708 1261 Jesu.
1729 1225 1783 1260 An
1812 1237 1941 1275 parum
1967 1232 2001 1260 te
2025 1223 2193 1262 didicisse

1197 1292 1314 1335 putas,
1337 1298 1419 1322 cum
1438 1285 1640 1322 recubuisse
1659 1284 1776 1334 audis,
1798 1294 1831 1322 et
1850 1284 1949 1335 quod
1976 1294 2075 1322 tanta
2095 1286 2191 1338 apud

1197 1345 1411 1396 Magistrum
1444 1347 1622 1384 frueretur
1661 1346 1824 1384 fiducia?
1858 1348 1899 1385 Si
1932 1361 2016 1385 vero
2049 1362 2193 1386 causam

1197 1405 1343 1455 quaeris,
1360 1405 1396 1444 id
1410 1421 1454 1444 ex
1473 1422 1592 1445 amore
1609 1407 1841 1459 proveniebat
1860 1423 1867 1444 :
1885 1407 1964 1445 ideo
1984 1408 2047 1458 ait,
2070 1410 2192 1460 Quem

1198 1467 1384 1519 diligebat
1410 1469 1539 1506 Jesus.
1562 1469 1640 1520 Ego
1665 1483 1750 1507 vero
1779 1478 1867 1521 puto
1893 1470 1998 1507 illum
2020 1471 2065 1508 ol)
2084 1471 2194 1509 aliam

1199 1540 1341 1565 causam
1366 1528 1403 1565 id
1422 1529 1558 1578 fecisse,
1578 1539 1616 1567 ut
1632 1529 1828 1567 ostenderet
1847 1545 1882 1568 se
1901 1546 1922 1568 a
1941 1532 2088 1577 crimine
2108 1533 2194 1570 alie-

1198 1601 1298 1625 num.
1331 1589 1414 1628 Ideo
1439 1590 1588 1628 fidenter
1614 1591 1702 1643 agit.
1738 1592 1831 1628 Nam
1860 1606 1924 1629 cur
1954 1606 2022 1630 non
2053 1593 2123 1630 alio
2156 1594 2193 1631 in

1197 1649 1275 1687 loco
1300 1649 1336 1688 id
1368 1651 1468 1697 dicit,
1485 1652 1548 1690 sed
1573 1653 1740 1690 innuente
1769 1653 1991 1706 coryphaeo?
2012 1655 2064 1692 Ne
2091 1664 2193 1706 putes

1198 1710 1294 1748 enim
1318 1711 1388 1764 ipsi
1416 1713 1574 1752 innuisse
1592 1723 1631 1751 ut
1647 1714 1789 1766 majori,
1808 1715 1855 1752 ait
1876 1729 1918 1752 ex
1939 1729 2058 1753 amore
2077 1716 2192 1754 multo

1198 1772 1234 1810 id
1254 1775 1452 1826 profectum
1479 1791 1562 1814 esse.
1585 1777 1706 1814 Curin
1724 1786 1847 1829 pectus
1874 1777 2007 1815 Chiis-ti
2036 1778 2189 1817 incidit?
2292 1803 2396 1831 curin

1199 1835 1306 1882 Quod
1330 1837 1421 1874 nihil
1445 1837 1564 1876 adhuc
1588 1853 1757 1890 magnum
1785 1838 1830 1876 de
1848 1839 1910 1876 illo
1931 1839 2187 1892 opinarentur:
2204 1846 2270 1872 Sinu
2308 1845 2397 1872 Chri-

1198 1907 1365 1950 praeterea
1389 1914 1575 1938 moerorem
1599 1901 1648 1938 ita
1675 1901 1840 1939 leniebat.
1861 1904 1896 1941 V
1900 1902 2067 1940 erisimile
2091 1917 2190 1941 nam-
2204 1887 2398 1957 {affigunt

1199 1973 1268 2009 que
1289 1969 1339 1997 est
1363 1960 1445 1999 illos
1472 1962 1575 2000 vultu
1604 1972 1746 2000 moestos
1773 1963 1891 2001 fuisse.
1910 1965 2001 2001 Nam
2022 1964 2051 2001 si
2071 1965 2192 2003 animo

1199 2021 1333 2059 turbati
1359 2032 1472 2073 erant,
1508 2024 1621 2062 multo
1652 2025 1767 2076 magis
1796 2025 1910 2062 vultu.
1940 2025 2024 2063 Illos
2056 2026 2142 2064 lenit
2159 2036 2193 2064 et

1197 2083 1317 2121 verbis
1336 2093 1369 2121 et
1385 2084 1671 2137 interrogatione,
1699 2086 1784 2124 hinc
1809 2086 1936 2124 invitat
1961 2087 2193 2138 conceditque
2342 2109 2361 2128 ο

1197 2153 1236 2181 ut
1252 2144 1287 2181 in
1303 2155 1424 2197 pectus
1449 2161 1554 2184 suum
1586 2147 1731 2185 recidat.
1750 2147 1846 2186 Vide
1874 2156 1990 2184 autem
2019 2162 2126 2198 quam
2145 2149 2191 2187 sit

1196 2205 1331 2243 alienus
1359 2221 1378 2243 a
1403 2207 1508 2245 fastu.
1537 2209 1616 2246 Non
1651 2208 1739 2246 dicit
1771 2208 1904 2260 quippe
1931 2223 2080 2257 nomen,
2110 2209 2187 2257 sed,

1200 2268 1321 2317 Quem
1337 2269 1526 2321 diligebat
1547 2287 1557 2306 .·
1575 2270 1879 2321 quemadmodum
1900 2279 1932 2307 et
1953 2271 2086 2308 Paulus
2108 2285 2190 2309 cum

1194 2328 1339 2377 diceret,
1361 2331 1447 2368 Scio
1468 2333 1663 2369 hominem
1687 2342 1779 2370 ante
1801 2346 1925 2370 annos
1951 2335 2190 2384 quatuorde-

1195 2393 1280 2427 cim.
1306 2392 1410 2429 Tunc
1437 2401 1554 2430 autem
1576 2393 1734 2445 primum
1756 2393 1876 2445 ipsum
1899 2394 2053 2431 confutat
2071 2396 2190 2442 Jesus,

1194 2464 1306 2502 neque
1329 2461 1445 2490 tamen
1468 2454 1699 2501 nominatim3
1724 2454 1786 2491 sed
1808 2453 2013 2504 quomodo?
2033 2456 2097 2493 526.
2118 2456 2190 2492 Cui

1193 2527 1261 2565 ego
1288 2516 1499 2552 intinctum
1521 2529 1662 2566 panem
1686 2526 1907 2567 porrexero.
1941 2515 2073 2554 Modus
2104 2531 2191 2567 quo-

1193 2587 1262 2623 que
1275 2575 1583 2627 reprehensionem
1598 2577 1767 2614 afferebat
1780 2591 1910 2627 :neque
1926 2577 2019 2614 enim
2031 2592 2190 2616 mensam

1193 2635 1367 2673 reveritus
1392 2645 1462 2683 est,
1483 2651 1565 2674 cum
1590 2637 1712 2675 eodem
1739 2647 1939 2676 vesceretur
1955 2653 2056 2691 pane.
2084 2640 2186 2688 Esto,

1191 2708 1261 2731 non
1291 2695 1488 2734 cohibuerit
1519 2711 1646 2735 mensae
1675 2699 1918 2748 consortiun13
1943 2699 1988 2737 ab
2010 2714 2049 2737 eo
2068 2700 2189 2738 bucel-

1189 2755 1261 2793 lam
1280 2757 1382 2808 panis
1397 2757 1557 2810 accipere
1571 2773 1675 2810 quem
1691 2773 1760 2797 non
1781 2760 1962 2798 flexisset?
1982 2762 2060 2799 Non
2077 2762 2182 2801 illum

1191 2826 1294 2854 certe.
1310 2818 1538 2872 Quapropter
1550 2821 1612 2857 27.
1630 2822 1663 2858 T
1662 2835 1736 2859 unc
1756 2830 1919 2860 satanas
1939 2825 1980 2859 in
1999 2824 2112 2860 illum
2129 2827 2189 2861 in-

1191 2881 1323 2925 travit,
1361 2880 1438 2931 ejus
1477 2880 1640 2919 deridens
1679 2882 1955 2934 impudentiam.
1993 2885 2114 2921 Donec
2151 2885 2187 2922 in

1191 2938 1297 2976 choro
1316 2940 1399 2991 fuit,
1421 2955 1490 2979 non
1509 2957 1616 2980 ausus
1635 2952 1687 2981 est
1705 2943 1860 2995 ingredi,
1886 2945 1947 2982 sed
1969 2945 2188 2983 extrinsecus

1189 3002 1419 3053 oppugnabat
1442 3013 1655 3055 :postquam
1678 3020 1762 3043 vero
1788 3006 1907 3058 ipsum
1934 3008 2097 3045 Christus
2125 3022 2188 3059 pa-

1187 3060 1260 3098 lam
1285 3063 1385 3111 feeit,
1409 3073 1442 3101 et
1474 3066 1693 3117 segregavit,
1713 3067 1826 3105 libere
1850 3067 1996 3105 demum
2015 3069 2051 3105 in
2081 3068 2187 3104 illum

1187 3121 1337 3161 insiluit.
1354 3125 1474 3176 Neque
1487 3126 1581 3164 enim
1599 3127 1681 3165 talis
1701 3142 1782 3165 cum
1803 3137 1892 3166 esset
1904 3128 1978 3166 sine
1991 3143 2054 3180 spe
2069 3142 2186 3166 emen-

1379 202 1441 248 al.
1482 216 1603 246 Lxxi.

1172 3260 1220 3293 οὖν
1236 3263 1300 3295 οὐδε
1288 3266 1328 3300 εὶς
1342 3267 1456 3302 oin-03
1447 3266 1508 3299 εἷπε
1521 3280 1555 3300 π.
1573 3281 1601 3299 α.
1620 3269 1731 3300 ὅτιο3ὖ
1736 3264 1871 3299 &Codd.
1887 3265 2023 3307 nostii.]

1215 3322 1228 3337 e
1243 3313 1662 3356 Savil.etMorel.s-j-015
1682 3318 1874 3360 Suspicatus
1889 3325 1939 3349 est
1954 3315 2055 3350 Saxffil
2076 3316 2185 3359 legeu-

1171 3364 1249 3398 dum
1269 3369 1361 3400 αὑτῶ.
