2481 3678
91 2277 115 2295 1.
133 2268 206 2294 Car.
225 2277 268 2296 lo.

89 2317 99 2337 1
113 2316 136 2336 1,

86 2351 172 2379 Rom.
192 2348 272 2389 15³³.

275 228 361 257 200

323 310 357 345 3.
386 306 582 358 Diligenter
615 303 723 356 igitur
756 302 872 340 omnia
906 310 987 339 sunt
1021 296 1250 351 exploranda.

271 373 364 409 Bam
391 369 582 421 Scripturae
601 366 696 404 dicta
724 365 922 418 spiritualia
950 376 1047 401 arma
1068 370 1159 399 sunt.
1179 362 1255 399 Ve-

271 447 350 471 rum
381 433 409 470 si
440 446 479 469 ea
512 430 680 482 adaptare
705 437 738 466 et
759 426 954 479 discipulos
979 424 1088 476 probe
1119 436 1255 460 armare

271 496 486 539 nesciamus,
523 493 597 545 ipsa
647 491 792 542 quidem
832 503 932 527 suam
978 487 1053 526 vim
1101 486 1252 535 habent,

271 559 332 597 scd
350 557 495 596 armatis
524 556 662 593 inutilia
693 562 784 592 sunt.
814 553 1066 604 Supponamus
1094 561 1167 587 esse
1193 549 1254 586 fir-

271 635 370 658 mum
399 620 599 666 thoracem,
630 616 790 667 galeam,
824 613 992 666 clypeum
1026 621 1057 649 et
1085 611 1222 648 hastam
1245 625 1252 646 :

271 681 399 720 deinde
419 695 515 718 arma
535 679 594 716 illa
616 677 695 729 quis
713 675 882 728 accipiat,
905 683 937 711 et
956 674 1137 712 thoracem
1155 670 1254 724 pedi-

271 746 358 791 hus;
379 744 514 795 galeam
535 756 603 780 non
623 740 750 793 capiti,
769 738 829 777 sed
843 737 979 787 oculis,
998 737 1166 789 elypeum
1184 748 1254 772 non

271 807 424 859 pectori,
446 805 507 843 sed
533 803 685 857 pedibus
717 801 859 853 adaptet
878 816 885 836 :
903 813 947 837 an
966 797 1095 851 poterit
1123 797 1180 834 his
1198 811 1254 834 ar-

273 869 340 907 mis
355 867 474 920 juvari
488 866 505 903 Ξ)
526 878 641 902 annon
659 863 776 916 potius
792 861 834 898 iis
855 859 1032 898 laedetur‘?
1050 857 1145 896 Illud
1164 865 1255 894 certe

273 932 451 984 liquidum
478 939 541 968 cst.
563 929 639 966 Hoc
659 941 740 966 vero
768 939 836 963 non
862 939 906 962 ex
931 936 1114 961 armorum
1135 921 1253 958 imbe—

274 995 441 1042 cillitate,
464 991 523 1029 sed
543 1005 589 1028 ex
607 987 785 1041 imperitia
809 985 938 1024 utentis
956 982 1129 1037 provenit.
1149 983 1203 1019 Ita
1223 990 1256 1018 et

276 1060 311 1097 in
333 1055 544 1109 Scripturis,
563 1054 593 1091 si
619 1052 764 1090 illarum
792 1049 954 1088 ordinem
973 1045 1254 1094 confundamus,

275 1121 345 1158 illae
379 1132 516 1169 semper
553 1130 615 1153 sua
648 1122 750 1151 erunt
785 1112 823 1151 vi
843 1111 1052 1148 instruetae:
1079 1122 1142 1145 nos
1174 1120 1257 1146 vero

276 1182 367 1221 nihil
396 1181 586 1233 juvabunt.
609 1177 694 1214 Haee
714 1174 816 1214 vobis
847 1172 991 1224 publice
1023 1178 1056 1208 et
1086 1168 1258 1221 privatim

277 1254 458 1297 repetens,
497 1241 588 1279 nihil
617 1237 766 1292 proficio
798 1252 805 1272 :
836 1249 918 1273 nam
948 1232 1176 1271 saecularibus
1196 1245 1258 1270 vos

277 1322 414 1360 semper
429 1307 535 1343 rebus
553 1302 711 1341 addictos
730 1298 906 1352 conspicio
919 1328 930 1347 ,
953 1296 1041 1334 dum
1060 1294 1259 1348 spiritualia

277 1371 368 1410 nihil
384 1369 551 1422 penditis.
574 1366 656 1404 Ideo
683 1374 716 1403 et
738 1364 847 1403 vitam
865 1360 1100 1413 negligimus,
1125 1367 1158 1396 et
1177 1372 1259 1395 eum

277 1451 341 1488 pro
374 1434 523 1473 veritate
542 1440 737 1478 certamus,
772 1441 841 1465 non
875 1438 1004 1476 magna
1031 1423 1068 1462 vi
1097 1420 1260 1460 instructi

278 1513 400 1537 suiuus
412 1528 423 1548 ,
450 1496 512 1535 sed
543 1493 687 1532 ridiculi
705 1491 912 1537 evadimus,
940 1498 1019 1526 tum
1037 1485 1132 1538 apud
1152 1484 1262 1536 genti-

278 1559 348 1607 les,
369 1568 446 1595 tum
471 1554 567 1607 apud
597 1552 740 1592 Juclaeos
769 1560 801 1588 et
822 1548 919 1602 apud
937 1546 1134 1585 haereticos.
1156 1543 1262 1590 Quod

280 1618 309 1656 si
323 1617 358 1654 in
372 1615 450 1653 aliis
463 1626 601 1665 quoque
615 1611 719 1648 rebus
735 1608 811 1661 pari
827 1604 1040 1658 negligentia
1059 1601 1261 1650 uteremini,

279 1695 323 1718 ne
342 1679 393 1717 sic
417 1676 563 1729 quidem
587 1674 690 1713 vobis
714 1682 803 1710 esset
830 1667 1097 1722 ignoscendum.
1126 1668 1263 1707 Verum

280 1745 315 1781 in
335 1741 563 1781 saecularibus
582 1737 732 1788 negotiis
754 1735 903 1786 quisque
926 1741 1086 1772 vestrum
1110 1739 1161 1768 est
1183 1729 1260 1781 gla-

280 1808 341 1845 dio
365 1806 519 1853 acutior,
547 1813 620 1841 tam
644 1801 707 1852 qui
740 1808 831 1837 artes
860 1805 1040 1845 exercent,
1070 1807 1179 1845 quam
1203 1791 1266 1844 qui

282 1883 338 1907 res
373 1866 494 1906 civiles
525 1872 685 1903 tractant.
705 1863 747 1899 In
775 1857 977 1898 necessariis
995 1870 1078 1896 vero
1106 1864 1139 1893 et
1161 1854 1265 1907 spiri—

284 1931 464 1980 tualibus,
503 1927 625 1979 ignavi
672 1937 818 1978 prorsus
854 1935 998 1970 sumus,
1034 1919 1126 1958 levia
1159 1918 1265 1956 rebus

283 1996 381 2033 seriis
402 1994 634 2046 praeferentes.
669 1989 757 2035 Quae
788 1995 906 2024 autem
940 1983 1074 2022 caeteris
1101 1981 1267 2020 omnibus

283 2056 502 2096 anteferenda
531 2062 651 2103 erant,
680 2052 755 2088 haec
782 2063 824 2087 ne
843 2048 936 2088 levia
964 2046 1110 2098 quidem
1129 2058 1268 2082 censere

283 2123 485 2173 dignamur.
519 2121 571 2156 An
605 2115 747 2154 nescitis
768 2114 843 2151 haec
870 2125 939 2149 non
971 2109 1098 2162 priscis
1128 2116 1268 2145 tantum

284 2184 490 2223 hominibus
522 2182 651 2233 scripta
672 2191 768 2227 esse,
801 2174 862 2214 sed
891 2174 997 2211 etiam
1032 2171 1160 2209 nobis?
1189 2172 1267 2208 Non

285 2248 387 2286 audis
407 2246 559 2283 Paulum
591 2243 767 2280 dicentem
789 2254 797 2275 :
819 2240 913 2275 Hoec
935 2237 988 2274 ad
1010 2243 1182 2272 nostram
1201 2234 1268 2270 do-

287 2310 454 2345 cerinum
487 2306 630 2354 scripta
663 2307 774 2344 sunt,
798 2297 852 2334 ad
870 2308 964 2348 quos
973 2294 1080 2346 fines
1110 2292 1268 2330 soeculo-

288 2382 372 2406 rum
399 2368 632 2403 devenerunt
649 2377 659 2397 .-
682 2368 723 2397 ut
739 2372 809 2410 per
825 2357 1056 2410 patientiam
1071 2361 1107 2391 et
1135 2366 1268 2390 conso-

288 2432 473 2469 lationem
499 2426 782 2476 Scripturarum
802 2432 905 2471 spem
930 2418 1140 2455 habeamus
1153 2418 1169 2451 P
1188 2413 1269 2451 Seio

286 2490 448 2542 equidem
467 2501 523 2525 me
544 2486 677 2523 frustra
691 2480 810 2532 loqui,
834 2479 896 2517 sed
917 2478 1024 2516 finem
1038 2475 1180 2514 dicendi
1200 2489 1268 2512 non

286 2552 426 2590 faciam.
448 2549 531 2586 Haec
551 2546 644 2584 enim
675 2540 833 2581 faciendo
852 2538 949 2592 apud
968 2540 1083 2576 Deum
1115 2550 1270 2574 excusa-

288 2625 345 2653 tus
361 2627 418 2651 ero
432 2643 440 2658 ,
460 2611 565 2649 etiam
582 2609 610 2647 si
630 2607 750 2645 nullus
769 2603 904 2642 audiat.
929 2603 1031 2640 Certe
1047 2600 1110 2651 qui
1129 2599 1271 2637 attentis

290 2676 466 2727 loquitur,
487 2671 759 2710 consolationem
778 2682 824 2705 ex
843 2665 1049 2704 auditorum
1074 2663 1270 2713 obsequen-

290 2740 337 2778 tia
358 2737 485 2788 accipit
503 2751 510 2771 :
531 2735 594 2785 qui
610 2742 725 2771 autem
742 2745 832 2783 saepe
845 2729 1057 2768 concionans
1079 2740 1148 2764 non
1165 2725 1272 2763 audi—

292 2811 370 2849 tur,
391 2813 453 2837 nec
472 2807 586 2835 tamen
607 2793 805 2833 concionari
825 2800 959 2840 cessat,
981 2789 1108 2842 majori
1130 2788 1275 2841 praemio
1301 2802 1323 2831 B

291 2864 421 2915 dignus
440 2861 521 2907 erit,
537 2859 619 2909 quia
639 2856 831 2895 secundum
843 2854 908 2893 Dei
924 2853 1109 2906 placitum,
1129 2850 1275 2890 auscul-

293 2934 386 2963 tante
406 2921 558 2970 nemine,
579 2918 737 2956 officium
752 2916 874 2968 implet
889 2929 1006 2952 suum.
1023 2912 1279 2951 Attamenlicet

293 2987 395 3025 nohis
414 2985 526 3036 major
554 2994 685 3019 merces
709 2980 754 3017 ol)
779 2977 984 3016 socordiam
1003 2985 1158 3014 vestram
1176 2988 1278 3026 pare·

294 3055 371 3093 tur,
409 3042 586 3080 malumus
621 3039 713 3076 hane
754 3035 887 3083 minui,
920 3044 953 3072 et
988 3034 1112 3072 salutis
1149 3041 1276 3070 vestrae

295 3120 392 3158 spem
424 3117 496 3141 esse
529 3100 698 3151 majorem
728 3113 736 3133 t

342 3254 353 3266 ’Ἰ
372 3243 425 3275 Sic
439 3239 538 3273 Savil.
556 3236 672 3270 Morel.
692 3238 912 3270 ἀποτείνασθαι.

345 3298 358 3318 Ι·
377 3293 488 3325 Mox-ct.
508 3298 713 3333 πνευματικῶν
730 3290 830 3321 οὐδένα.
850 3290 933 3327 λόγον
964 3290 1162 3325 ποιουμένους.
1179 3281 1307 3324 [Supra

477 3348 522 3376 msc
552 3346 608 3384 ἰδίᾳ.
633 3338 742 3373 Codd.
761 3338 824 3370 705
845 3344 878 3368 et
900 3336 975 3368 706.
994 3335 1080 3366 Tum
1108 3333 1205 3365 iidem
1234 3336 1310 3366 ἀνύω

303 3362 396 3379 Tl'af'l,
422 3360 449 3377 ’ΛΞ

302 3404 399 3430 πνέοι.
420 3400 498 3428 71)λαῖ
515 3402 572 3430 τοῖς
589 3394 657 3434 (μέν
671 3389 748 3423 add.
768 3390 846 3428 705)
863 3386 1035 3430 βιωτικοῖς]

731 220 769 251 S.
805 220 910 252 JOAN
920 219 986 250 MS
1022 215 1264 249 CHRYSOST.

1280 2040 1310 2065 17

768 3096 965 3148 profectum
995 3095 1089 3133 enim
1119 3103 1278 3133 vestrum

1304 212 1488 243 AnculEt‘
1498 234 1506 242 .
1544 212 1822 242 CONSTANHN
1830 209 1884 241 ΟΡ
1894 231 1902 240 .

1380 294 1454 347 Χρὴ
1482 293 1593 331 τοίνυν
1623 293 1857 346 διερευνᾶσθαι
1897 290 1984 342 μετὰ
2016 291 2192 342 ἆκριὸείας
2214 291 2338 329 πάντα.

1325 355 1395 394 Καὶ
1414 355 1481 408 γὰρ
1494 354 1585 392 ὅπλα
1607 353 1678 392 ἐστὶ
1696 354 1740 390 τὰ
1759 353 1829 391 ἀπὸ
1853 355 1921 390 τῶν
1942 354 2089 405 Γραφῶν
2105 352 2340 402 πνευματικά.

1325 416 1414 454 Ἀλλ’
1438 415 1477 453 ἂν
1496 415 1543 466 μὴ
1560 416 1704 465 εἰδῶμεν
1721 413 1874 466 ἁρμόσαι
1893 412 1938 451 τὰ
1956 412 2068 460 ὅπλα,
2086 412 2146 450 καὶ
2171 411 2341 450 καθοπλί-

1326 493 1384 516 σαι
1404 478 1518 519 καλῶς
1541 475 1618 519 τοὺς
1648 474 1824 526 μαθητὰς,
1846 473 1934 512 αὐτὰ
1963 472 2025 524 μὲν
2040 473 2112 524 ἔχει
2140 472 2202 518 τὴν
2217 471 2345 510 οἷκείαν

1323 537 1435 590 ἰσχὺν,
1461 536 1538 580 τοὺς
1558 535 1759 588 δεχομένους
1788 534 1823 572 δὲ
1857 534 1952 573 οὐδὲν
1983 535 2162 585 ὠφελῆσαι
2193 532 2346 570 δύναται,

1323 600 1451 649 Θῶμεν
1478 597 1545 650 γὰρ
1572 591 1658 635 εἶναι
1688 596 1830 650 Θώρακα
1852 595 2012 648 ἰσχυρὸν,
2039 594 2098 632 καὶ
2125 594 2270 646 κράνος,
2289 592 2349 631 καὶ

1324 658 1474 705 ἀσπίδα,
1495 658 1554 696 καὶ
1572 658 1668 709 δόρυ·
1690 651 1762 695 εἶτα
1788 655 1927 695 λαῧέτω
1947 672 1999 700 τις
2025 659 2134 693 ταῦτα
2161 654 2205 691 τὰ
2237 653 2350 700 ὅπλα,

1324 720 1384 758 καὶ
1404 720 1460 758 τὸν
1485 719 1545 770 μὲν
1565 718 1706 773 θώρακα
1722 716 1925 770 περιτιθέτω
1941 722 2012 760 τοῖς
2030 715 2133 761 ποσὶ,
2153 715 2193 753 τὸ
2215 715 2249 752 δὲ
2268 714 2351 767 κρά-

1324 796 1400 828 νος,
1419 780 1494 819 ἀντὶ
1515 783 1577 826 τῆς
1610 781 1783 831 κεφαλῆς,
1805 782 1847 829 τῇ
1879 778 1972 829 ὄψει,
1993 777 2052 815 καὶ
2073 775 2134 823 τὴν
2150 775 2281 814 ἀσπίδα
2303 774 2350 825 μὴ

1325 841 1393 894 πρὸ
1407 845 1467 879 τοῦ
1487 840 1632 887 στήθους
1647 839 1916 892 προὸαλλέσθω,
1934 837 2023 876 ἀλλὰ
2039 835 2273 888 φιλονεικείτιι)
2289 851 2354 873 πε-

1329 905 1515 954 ριαρτῆσαι
1534 908 1604 945 τοῖς
1632 901 1753 939 ποσίν·
1785 894 1852 953 ἆρα
1879 898 2061 945 δυνήσεταί
2086 914 2120 936 τι
2142 900 2210 935 τῶν
2239 897 2353 934 ὅπλων

1324 967 1338 983 ³
1351 962 1543 1001 ἀπόνασθαι
1557 962 1698 1010 τούτων,
1719 963 1794 999 ἀλλ’
1814 961 1891 1013 οὐχὶ
1911 960 1969 998 καὶ
1989 959 2224 1011 βλαὸήσεταη
2241 956 2356 995 Παντί

1327 1039 1392 1061 που
1429 1024 1544 1069 δῆλον.
1559 1023 1651 1061 Ἀλλ’
1678 1024 1715 1060 οὐ
1737 1022 1833 1075 παρὰ
1853 1021 1915 1068 τὴν
1945 1022 2121 1060 ἀσθένειαν
2138 1023 2206 1057 τῶν
2227 1019 2355 1063 ὅπλων,

1330 1082 1420 1120 ἀλλὰ
1440 1083 1538 1136 παρὰ
1558 1085 1620 1130 τὴν
1641 1083 1800 1135 ἀπειρίαν
1821 1087 1880 1121 τοῦ
1901 1084 1962 1121 οὐκ
1991 1081 2117 1125 εἰδότος
2138 1083 2252 1124 αὐτοῖς
2270 1079 2357 1132 γρή-

1330 1146 1456 1180 σασθαι
1491 1145 1617 1186 καλῶς.
1644 1143 1750 1181 Οὕτω
1785 1143 1845 1180 καὶ
1872 1143 1929 1181 ἐπὶ
1962 1145 2030 1180 τῶν
2051 1144 2215 1194 Γραφῶν,
2235 1125 2357 1186 ἂνιτὴν

1329 1201 1425 1246 τάξιν
1453 1205 1567 1241 αὐτῶν
1590 1203 1807 1255 συγχείι)μεν,
1826 1203 1889 1250 τὴν
1913 1202 1974 1254 μὲν
2005 1202 2133 1240 οἰκείαν
2155 1196 2257 1240 α’ῧται
2291 1200 2354 1238 δύ-

1328 1279 1435 1313 ναμιν
1456 1262 1569 1307 ἕξουσι
1599 1264 1658 1301 καὶ
1692 1263 1817 1311 οὕτως,
1841 1268 1936 1314 ἡμᾶς
1956 1262 1991 1301 δὲ
2012 1262 2107 1300 οὐδὲν
2131 1261 2358 1313 ὠφελήσουσι.

1330 1325 1452 1361 Ταῦτα
1479 1324 1532 1362 ἀεὶ
1556 1324 1615 1362 καὶ
1639 1323 1710 1377 ἰδία
1729 1324 1788 1362 καὶ
1816 1323 1970 1375 δημοσίᾳ
1992 1321 2234 1374 διαλεγόμενος
2264 1324 2358 1372 ὑμῖν,

1330 1384 1426 1422 οὐδὲν
1445 1385 1537 1423 ἀνύω
1555 1385 1660 1423 πλέον
1676 1400 1683 1408 ·
1707 1385 1767 1423 καὶ
1788 1384 1856 1436 γὰρ
1885 1391 1955 1428 τοῖς
1977 1386 2150 1435 βιωτικοῖς
2168 1382 2284 1420 πάντα
2303 1382 2360 1420 τὸν

1330 1444 1455 1497 χρόνον
1492 1445 1783 1497 προσηλωμένους
1808 1448 1899 1496 ὑμᾶς
1924 1447 2017 1498 ὁρῶ,
2039 1447 2106 1482 τῶν
2138 1442 2153 1464 ¹²

2166 1459 2249 1481 πνευ
2281 1459 2359 1480 ατι-

1285 1513 1309 1543 Ε
1332 1507 1401 1543 κῶν
1419 1505 1495 1543 οὐδὲ
1516 1506 1599 1558 ὄναρ
1619 1506 1832 1559 μετέχοντες.
1853 1505 1921 1544 Διὰ
1944 1510 2044 1543 τοῦτο
2064 1505 2123 1543 καὶ
2139 1508 2156 1542 ὁ
2184 1459 2362 1555 βίοςμήμῖν

1333 1565 1528 1616 ἠμέληται,
1548 1567 1608 1605 καὶ
1633 1568 1720 1620 ὑπὲρ
1748 1570 1810 1613 τ’ῆς
1830 1566 1992 1613 ἀληθείας
2026 1564 2296 1616 ἀγωνιζόμενοι,
2325 1566 2362 1602 οὖ

1335 1627 1466 1674 πολλὴν
1494 1628 1618 1680 ἔχομεν
1653 1628 1716 1675 τὴν
1747 1627 1858 1680 ἰσχὺν,
1879 1626 1970 1665 ἀλλὰ
1999 1626 2254 1678 καταγέλαστοι
2272 1625 2364 1678 γινό-

1336 1691 1443 1737 μεθα,
1455 1688 1514 1726 καὶ
1531 1691 1613 1741 παρ’
1630 1688 1782 1736 ΕΈλλησι
1792 1688 1867 1735 ,καὶ
1881 1687 1978 1740 παρὰ
1992 1686 2183 1734 Ἰουδαίοις,
2194 1686 2254 1724 καὶ
2268 1685 2365 1739 παρὰ

1336 1750 1532 1799 αἱρετικοῖς.
1550 1749 1619 1787 Καὶ
1650 1751 1677 1787 εἷ
1702 1749 1762 1800 μὲν
1778 1749 1837 1787 καὶ
1858 1751 1891 1787 ἐν
1906 1754 1975 1791 τοῖς
1995 1748 2111 1790 ἅλλοις
2141 1749 2365 1797 ἀμελοῦντες,

1334 1808 1396 1855 τὴν
1415 1809 1523 1856 αὐτὴν
1537 1809 1597 1848 καὶ
1614 1813 1760 1848 ἐνταῦθα
1781 1809 1951 1862 ῥᾳθυμίαν
1972 1808 2230 1855 ἒπεδείκνυσθε,
2243 1801 2285 1854 ἦν
2304 1806 2364 1857 μὲν

1335 1868 1413 1907 οὐδὲ
1444 1869 1551 1913 οὕτως
1566 1869 1754 1922 ἀπολογίας
1776 1869 1867 1913 ἄξιον
1886 1869 1925 1907 τὸ
1940 1867 2130 1920 γινόμενον.
2148 1867 2233 1906 Νυνὶ
2267 1866 2303 1905 δὲ
2331 1869 2365 1905 ἐν

1337 1929 1399 1979 μὲν
1418 1937 1490 1974 τοῖς
1508 1933 1682 1981 βιωτικοῖς
1696 1930 1841 1973 ἕκαστος
1858 1929 1970 1981 ξίφους
1986 1929 2060 1967 ἐστὶ
2074 1927 2290 1981 τομώτερος,
2308 1928 2366 1965 καὶ

1316 2042 1322 2055 l
1341 1993 1373 2028 οἱ
1393 1991 1454 2035 τὰς
1473 1991 1598 2043 τέχνας
1618 1992 1790 2043 μετιόντες
1802 2022 1811 2039 ,
1831 1991 1891 2029 καὶ
1909 1993 1940 2029 οἱ
1955 1990 1998 2028 τὰ
2014 1989 2181 2028 πολιτικὰ
2201 1990 2369 2042 πράττον-

1292 2048 1328 2107 A⁴
1345 2068 1400 2095 τες
1433 2053 1643 2103 πράγματα·
1660 2055 1693 2091 ἓν
1727 2053 1762 2091 δὲ
1795 2059 1866 2095 τοῖς
1883 2050 2084 2103 ἀναγκαίοις
2099 2050 2159 2088 καὶ
2180 2065 2367 2101 πνευματι-

1339 2119 1426 2161 κοῖς,
1442 2117 1456 2132 ³
1470 2114 1609 2151 πάντων
1629 2114 1731 2165 ἐσμὲν
1753 2113 1979 2167 ῥᾳθυμότεροι
1991 2144 2000 2158 ,
2015 2119 2085 2155 τοῖς
2103 2111 2164 2163 μὲν
2179 2111 2366 2164 παρέργοις

1337 2176 1384 2217 ὡς
1403 2173 1514 2226 ἔργοις
1537 2175 1769 2227 κεχρημένοι,
1795 2175 1817 2212 ἃ
1837 2174 1871 2212 δὲ
1891 2174 2032 2212 πάντων
2052 2173 2160 2226 ἔργων
2179 2172 2368 2224 ἀναγκαιό-

1337 2249 1421 2285 τερα
1439 2235 1593 2273 τίθεσθαι
1625 2239 1742 2288 ἐχρῆν,
1758 2240 1867 2273 ταῦτα
1889 2235 1966 2273 οὐδὲ
1986 2234 2145 2287 πάρεργα
2164 2227 2250 2270 εἶναι
2270 2232 2367 2284 νομί-

1339 2296 1461 2338 ζοντες.
1483 2293 1533 2332 Ἢ
1554 2297 1615 2334 οὐκ
1643 2296 1715 2335 ἴστε
1739 2295 1791 2334 ὅτι
1817 2296 1855 2333 οὐ
1877 2295 1933 2333 διὰ
1948 2294 2026 2338 τοὺς
2046 2293 2204 2347 πρώτους
2237 2293 2367 2346 ἀνθρώ-

1338 2371 1421 2398 πους
1440 2354 1541 2405 μόνον
1556 2357 1688 2410 ἐγράφη
1703 2357 1747 2395 τὰ
1766 2355 1962 2409 γραφέντα,
1979 2354 2068 2393 ἀλλὰ
2088 2355 2147 2392 καὶ
2167 2353 2182 2373 ¹'
2200 2354 2242 2390 δι’
2256 2357 2368 2404 ἡμᾶς,

1339 2416 1417 2453 Οὐκ
1437 2416 1570 2460 ἀκούεις
1597 2423 1656 2456 τοῦ
1673 2417 1814 2456 Παύλου
1842 2416 2018 2467 λέγοντος,
2034 2415 2086 2453 ὅτι
2101 2417 2225 2453 Ταῦτα
2252 2415 2287 2452 δὲ
2321 2417 2368 2458 εἷς

1339 2477 1514 2515 νουθεσίαν
1537 2481 1636 2528 ἡμῶν
1659 2478 1790 2532 ἐγράφη
1804 2508 1814 2524 ,
1841 2480 1886 2521 εἷς
1901 2477 1958 2520 οὒς
1980 2476 2023 2514 τὰ
2041 2476 2123 2523 τέλη
2147 2479 2214 2513 τῶν
2236 2474 2369 2513 αἰώνων

1340 2537 1578 2584 κατήντησαν·
1605 2539 1661 2577 ἵνα
1692 2539 1747 2577 διὰ
1775 2542 1837 2584 τῆς
1866 2540 2043 2588 ὓπομονῆς
2072 2537 2131 2574 καὶ
2159 2540 2220 2582 τῆς
2251 2552 2366 2587 παρα-

1340 2598 1495 2644 κλήσεως
1521 2603 1588 2638 τῶν
1610 2601 1757 2653 Γραφῶν
1785 2599 1848 2646 τὴν
1882 2598 2005 2637 ἐλπίδα
2024 2597 2179 2649 {sontem
2203 2596 2273 2635 Καὶ
2295 2590 2370 2634 οἶδα

1344 2657 1405 2708 μὲν
1427 2661 1501 2711 εἰκῇ
1521 2661 1631 2711 λέγων
1643 2677 1650 2685 ·
1669 2660 1760 2707 πλὴν
1779 2661 1816 2698 οὐ
1834 2659 2015 2709 παύσομαι
2029 2658 2151 2709 λέγων.
2172 2659 2205 2695 Τ
2207 2662 2285 2695 οῧτο
2304 2656 2371 2708 γὰρ

1344 2722 1452 2757 ποιῶν
1482 2722 1746 2772 ἀπολογήσομαι
1764 2723 1813 2773 τῷ
1833 2722 1916 2771 Θεῷ
1935 2750 1942 2766 ,
1973 2718 2036 2756 κᾶν
2063 2718 2182 2769 μηδεὶς
2204 2720 2221 2755 ὃ
2238 2716 2369 2754 ἀκούων

1345 2780 1380 2838 ᾗ.
1397 2786 1441 2825 ‘0
1462 2781 1524 2832 μὲν
1540 2782 1607 2834 γὰρ
1634 2788 1704 2825 τοῖς
1723 2781 1934 2833 προσέχουσι
1955 2779 2078 2830 λέγων,
2098 2777 2171 2829 ἔχει
2202 2792 2372 2829 παραμυ-

1347 2847 1423 2886 θίαν
1440 2849 1499 2884 τοῧ
1513 2843 1625 2895 λέγειν
1639 2842 1702 2888 τὴν
1725 2845 1834 2879 πειθῶ
1851 2844 1920 2878 τῶν
1938 2838 2181 2891 ἄκρααμένων·
2197 2841 2215 2875 ὃ
2237 2837 2272 2875 δὲ
2290 2853 2372 2875 συν-

1346 2911 1434 2960 εχῶς
1461 2905 1586 2956 λέγων,
1611 2902 1671 2941 καὶ
1694 2901 1741 2953 μὴ
1770 2900 1976 2951 ἀκουόμενος
1991 2930 2000 2947 ,
2020 2893 2094 2937 εἶτα
2124 2900 2161 2936 οὖ
2181 2898 2374 2949 παυόμενος

1345 2971 1405 3005 τοῦ
1417 2966 1542 3018 λέγειν,
1557 2962 1710 3005 πλείονος
1728 2961 1767 2999 ἂν
1789 2960 1841 3007 εἴη
1858 2962 1963 3010 τιμῆς
1982 2959 2089 3007 ἄξιος,
2109 2958 2164 2997 διὰ
2175 2959 2214 2997 τὸ
2229 2961 2278 3011 τῷ
2293 2960 2375 3010 Θεῷ

1348 3028 1484 3074 δοκοῦν,
1506 3025 1566 3063 καὶ
1583 3022 1727 3075 μηδενὸς
1742 3020 1971 3074 προσέχοντος
1984 3050 1993 3067 ,
2007 3019 2047 3057 τὸ
2064 3021 2167 3057 αὐτοῦ
2186 3025 2254 3057 πᾶν
2283 3019 2375 3065 πλη-

1350 3090 1429 3140 ρῶν,
1448 3087 1538 3126 Ἀλλ’
1559 3084 1651 3135 ὅμως
1680 3085 1710 3121 εἷ
1739 3081 1798 3121 καὶ
1815 3084 1897 3132 ἡμῖν
1916 3083 1933 3118 ὃ
1954 3080 2073 3132 μισθὸς
2094 3079 2218 3131 μείζων
2242 3080 2281 3117 ἐκ
2314 3080 2375 3124 τῆς

1414 3230 1426 3243 ³·
1443 3215 1544 3251 Savil.
1563 3219 1681 3251 πάντων
1697 3215 1785 3255 ἐσμὲν
1808 3216 2028 3257 ῥᾳθυμότεροι,
2047 3208 2162 3243 Morel.
2182 3213 2372 3253 ἀθυμότεροι-

1373 3269 1517 3311 Quidam
1535 3265 1589 3299 alii
1603 3269 1788 3309 ὑπτιώτεροι.

1420 3323 1437 3347 b
1453 3318 1598 3361 Quidam
1615 3321 1650 3352 δι’
1668 3320 1753 3359 ὑμᾶς.
