2481 3678
52 1470 118 1496 Mat
127 1480 151 1496 ι’,

178 1470 192 1507 ,μκ

142 3018 168 3033 v.
195 3005 242 3039 (58,

262 206 350 250 312
705 221 742 251 5.
781 221 966 252 ιοΑΝΝιε
1001 222 1245 251 0111115051.

256 300 338 338 lerit
350 330 361 350 ,
379 299 504 354 adjicit
521 317 528 338 ε
545 302 608 340 49.
621 304 760 343 Patres
773 307 894 342 vestri
910 305 1244 342 manducaverunt

1288 222 1490 252 ARCllIEP.

1534 223 1888 255 CONSTANTINOP.

1315 309 1462 356 παρεῖχε
1479 303 1540 351 τὴν
1556 305 1692 357 χρείαν,
1714 306 1886 359 ἐπήγαγεν
1901 323 1909 331 ·
1927 309 1973 346 Οἱ
1989 307 2136 360 πατέρες
2149 310 2246 359 ὑμῶν
2264 307 2343 361 ἔφα-

255 375 403 399 manna
431 365 473 400 in
498 364 670 411 deserto,
690 374 726 402 et
753 368 896 403 morcui
922 374 1023 403 sunt.
1048 364 1186 402 Deinde
1205 364 1244 402 id
1257 398 1304 422 271
1319 381 1378 417 γον
1399 369 1432 404 ἐν
1453 368 1496 417 τῇ
1520 367 1641 420 ἐρήμῳ
1659 367 1698 405 τὸ
1719 368 1833 418 μάννα
1847 398 1856 416 ,
1886 370 1946 408 καὶ
1964 369 2146 408 ἀπέθανον.
2172 364 2262 408 Εἶτα
2281 386 2342 408 κα-

254 422 434 475 praecipue
455 423 530 475 agit
549 434 588 462 ut
607 424 680 463 illis
711 425 878 475 suadeat,
900 439 936 463 50
955 425 1068 463 multo
1099 425 1243 477 majori·
1269 435 1295 464 A
1319 427 1521 472 τασκευάζει
1548 429 1588 467 τὸ
1607 428 1760 479 μάλιστα
1778 433 1895 469 πεῖθον
1917 430 2050 479 αὐτοὺς,
2069 430 2122 470 ὅτι
2140 433 2260 483 πολλῷ
2273 434 2342 469 τῶν

253 483 321 521 bus
339 483 504 535 dignatos
532 498 606 522 esse
627 485 730 522 bonis
750 499 858 535 quam
872 494 990 537 patres
1007 485 1185 537 ipsorum,
1200 485 1245 524 de

253 546 381 597 Moyse
400 545 618 584 subobscure
645 546 794 597 loquens
817 555 851 584 et
869 546 914 584 de
932 546 1022 586 viris
1040 547 1112 585 illis
1135 547 1244 585 mira«

251 606 400 644 bilibus.
417 606 502 645 Ideo
516 621 598 644 cum
615 607 766 646 dixisset
782 622 839 646 eos
856 608 919 659 qui
934 622 1065 646 manna
1083 609 1244 648 comede-

253 677 333 706 rant
345 677 502 706 mortuos
516 683 602 718 esse,
615 668 737 707 intulit
755 685 762 706 :
785 671 861 721 Qui
880 671 1094 708 manducat
1108 684 1155 708 ex
1172 672 1244 709 hoc

250 742 355 780 pane
368 758 380 776 ,
400 731 507 767 vivet
529 732 570 767 in
595 739 791 769 aeternzcm.
807 730 905 769 lllud
920 745 1021 781 vero,
1039 733 1089 770 In
1116 732 1243 770 deser-

254 798 311 836 to,
328 803 398 826 non
417 789 491 827 sine
505 804 611 829 causa
629 791 769 844 posuit,
785 791 848 830 sed
865 791 1041 842 indicam,
1058 791 1151 830 illud
1171 806 1242 832 non

252 849 317 888 diu
336 849 502 901 durasse,
518 865 630 902 neque
661 852 696 890 in
720 862 852 891 terram
864 852 1112 905 promissionis
1125 852 1244 892 venis-

252 925 300 949 50.
321 911 390 950 Hic
422 921 541 951 autem
559 913 662 966 panis
682 928 752 952 non
785 923 837 952 est
859 914 1083 966 hujusmodi.
1108 915 1170 953 52.
1191 916 1245 952 Ec

249 975 365 1023 panis
385 988 499 1026 quem
517 989 584 1026 ego
601 976 715 1021 dabo,
735 989 826 1013 caro
846 989 932 1013 mea
948 984 1004 1013 est
1011 1005 1023 1022 ,
1043 989 1162 1029 quam
1176 988 1244 1027 ego

251 1035 366 1081 daho,
392 1049 462 1086 pro
497 1038 633 1073 mundi
665 1039 764 1075 vita.
794 1036 925 1074 Merito
959 1036 1038 1086 quis
1075 1036 1245 1074 dubitans

250 1095 310 1133 hic
324 1096 526 1147 quaesierit,
548 1111 612 1133 cur
631 1097 698 1135 hoc
716 1106 875 1149 tempore
893 1098 968 1134 haec
987 1097 1156 1147 loquutus
1176 1096 1242 1147 sit,

251 1172 330 1209 quae
373 1158 465 1195 nihil
499 1159 730 1211 proficerent,
770 1160 864 1197 nihil
901 1159 1138 1208 aedjficarent‚
1174 1160 1246 1198 imo

251 1218 372 1271 potius
409 1219 597 1258 aedificatis
631 1230 809 1258 nocerent.
860 1222 925 1258 Ex
963 1223 1056 1268 hoc,
1095 1221 1241 1272 inquit,

253 1280 367 1317 multi
387 1293 434 1316 ea:
456 1280 655 1333 discipulis
686 1283 768 1334 ejus
786 1290 889 1319 retro
908 1284 1090 1319 abierunt
1114 1283 1245 1320 dicen-

255 1349 323 1386 tes,
344 1341 478 1379 Durus
497 1351 553 1380 est
569 1343 630 1380 hic
645 1356 769 1380 sermo
782 1373 795 1389 ,
822 1345 908 1395 quis
922 1352 1047 1395 potest
1063 1357 1149 1381 eum
1171 1357 1243 1381 ιιιι-

255 1401 336 1438 dire
349 1405 365 1438 P
385 1401 500 1439 Erant
522 1402 617 1440 enim
640 1402 716 1440 haec
735 1403 820 1440 solis
839 1402 1030 1455 discipulis
1049 1403 1248 1441 communi-

203 1491 208 1497 .
254 1461 387 1512 canda,
404 1472 444 1500 ut
462 1463 656 1502 Matthaeus
671 1464 741 1513 ait,
760 1464 924 1503 Seorsim
939 1465 1168 1517 loquebatur
1182 1466 1248 1503 eis.

256 1522 358 1571 Quid
385 1522 432 1560 ad
450 1523 519 1561 hoc
544 1524 734 1563 dicemus?
755 1539 919 1575 quaenam
935 1524 1067 1562 horum
1085 1525 1248 1564 utilitas?

254 1583 387 1633 Magna
408 1592 501 1621 certe
527 1583 664 1623 utilitas
687 1593 722 1622 et
751 1585 949 1623 necessitas.
971 1584 1066 1631 Quia
1083 1585 1178 1623 enim
1195 1585 1249 1624 in-

254 1643 395 1680 stabant
411 1642 532 1681 cibum
547 1653 704 1696 petentes
716 1674 728 1695 ,
750 1645 812 1683 sed
830 1659 1063 1699 corporeum,
1086 1655 1119 1684 et
1140 1647 1251 1699 majo-

256 1702 356 1740 ribus
380 1703 453 1740 suis
475 1704 665 1755 praebitam
690 1719 806 1743 escam
833 1716 1066 1744 memorantes
1081 1737 1092 1757 ‚
1122 1721 1252 1747 manna

255 1779 426 1817 magnum
452 1767 642 1819 quidpiam
660 1782 733 1806 esse
760 1768 945 1820 dicebant,
974 1769 1161 1808 ostendens
1186 1770 1251 1810 illa

257 1827 376 1864 omnia
409 1827 564 1879 figuram
591 1838 625 1866 et
659 1830 828 1868 umbram
855 1844 931 1869 esse
941 1861 952 1881 7
977 1831 1073 1869 hunc
1092 1846 1177 1871 vero
1196 1832 1250 1871 ci-

256 1887 345 1925 bum
365 1888 415 1926 rei
444 1890 651 1941 veritatem,
675 1905 790 1930 escam
814 1902 986 1931 memorat
1015 1893 1247 1946 spiritualem.

256 1952 322 1997 At,
343 1949 502 2001 inquies,
529 1951 723 1991 dicendum
748 1963 842 2004 erat,
865 1954 985 1992 Patres
1008 1955 1119 1995 vestri
1142 1970 1248 1994 man—

256 2010 479 2050 ducaverunt
502 2027 630 2052 manna
658 2014 695 2053 in
730 2014 892 2065 deserto,
929 2029 993 2067 ego
1018 2030 1101 2056 vero
1122 2032 1250 2071 panem

256 2071 339 2109 dedi
369 2073 486 2111 vobis.
519 2075 591 2112 Sed
620 2090 791 2128 magnum
820 2085 895 2114 erat
917 2076 1109 2117 discrimen
1144 2095 1151 2116 :
1182 2080 1251 2118 hoc

255 2134 447 2173 videbatur
476 2136 594 2174 minus
619 2151 714 2187 esse,
746 2137 844 2188 quod
871 2138 965 2178 illud
996 2139 1040 2178 de
1073 2140 1159 2178 caelo
1186 2155 1250 2180 ve-

255 2195 363 2233 nisset
374 2225 385 2246 ,
407 2196 474 2235 1100
501 2207 619 2235 autem
638 2212 772 2251 panum
791 2198 1007 2237 miraculum
1024 2200 1060 2238 in
1090 2210 1182 2239 terra
1199 2202 1250 2239 fa-

255 2266 353 2294 ctum
375 2266 475 2295 esset.
503 2258 598 2304 Quia
617 2273 700 2311 ergo
721 2260 925 2309 quaerebant
954 2260 1076 2299 cibum
1096 2261 1140 2300 (10
1165 2261 1250 2301 caelo

256 2317 416 2356 delatum
428 2348 440 2370 ,
461 2318 542 2356 ideo
562 2333 655 2371 saepe
674 2319 834 2369 dicebat,
856 2322 917 2358 De
944 2318 1038 2359 coelo
1054 2323 1246 2360 descendi.

256 2381 295 2419 Si
314 2381 396 2431 quis
415 2396 500 2420 vero
519 2382 736 2434 sciscitetur,
762 2397 826 2421 cur
849 2382 894 2420 de
916 2383 1100 2436 mysteriis
1115 2384 1250 2435 loquu—

259 2451 315 2480 tus
333 2443 394 2492 sit,
410 2444 712 2496 respondebimus
725 2475 736 2495 ‚
754 2455 894 2498 tempus
907 2455 1151 2498 opportunum
1163 2447 1252 2485 fuis-

259 2517 297 2540 se
315 2504 391 2541 11ωο
413 2504 568 2543 dicendi.
589 2508 681 2544 Nam
700 2507 893 2545 verborum
920 2507 1118 2545 obscuritas
1147 2508 1251 2546 audi-

258 2574 371 2602 torem
403 2580 540 2618 semper
567 2568 710 2617 excitat,
736 2578 770 2606 et
791 2568 1013 2606 attentiorem
1032 2569 1152 2607 efficit.
1172 2571 1252 2608 Non

262 2638 347 2675 ergo
381 2626 514 2664 offendi
550 2628 729 2679 oportuit,
773 2629 834 2666 sed
865 2629 984 2681 potius
1019 2629 1248 2682 interrogare..

263 2687 368 2724 Nunc
383 2695 500 2723 autem
521 2687 573 2724 illi
593 2689 736 2726 abeunt.
754 2691 845 2727 Nam
862 2689 891 2727 si
909 2690 1121 2742 prophetam
1134 2690 1253 2742 ipsum
1277 2729 1287 2738 ⁶

260 2760 333 2784 0550
367 2746 579 2797 eredebant,
614 2749 719 2786 dictis
748 2750 890 2788 credero
924 2751 1094 2803 oportuit.
1128 2752 1253 2802 ltaque

260 2809 358 2860 quod
388 2810 512 2847 offensi
540 2811 633 2860 sint,
666 2811 703 2849 id
731 2827 777 2850 ex
808 2827 934 2851 eorum
958 2813 1161 2866 insipientia
1190 2828 1253 2853 ve-

263 2871 335 2918 nit,
359 2884 428 2907 non
451 2885 495 2907 ex
526 2871 737 2909 obscuritate
763 2874 947 2911 sermonis.
975 2875 1006 2911 Τ
1012 2888 1034 2911 u
1058 2889 1143 2914 vero
1169 2888 1252 2912 con-

262 2930 392 2968 sideres
415 2931 526 2968 velim
552 2931 728 2981 quomodo
753 2932 949 2984 discipulos
972 2949 1053 2972 suos
1078 2935 1254 2987 paulatim

261 2991 424 3040 alliciat3
448 2991 485 3028 hi
513 2991 608 3028 enim
638 3001 720 3029 sunt
750 2993 811 3043 qui
841 2994 982 3043 dicunt,
1014 2997 1139 3034 Verba
1160 2999 1253 3034 viloe

261 3055 378 3091 hahes
399 3069 409 3089 .·
433 3066 509 3105 quo
531 3056 699 3091 ibimus?
732 3055 906 3092 Caeterum
939 3056 999 3093 bic
1030 3071 1066 3094 se
1095 3057 1255 3095 datorem

259 3114 368 3164 dicit,
414 3128 483 3153 11011
518 3116 687 3153 Patrem:
728 3116 853 3152 Panis
891 3129 1003 3167 quem
1035 3131 1102 3168 ego
1130 3120 1249 3166 dabo,

260 3190 350 3214 caro
367 3188 453 3214 mea
480 3184 535 3214 est
559 3189 629 3227 pro
655 3177 790 3213 mundi
818 3178 918 3214 vica.
945 3177 1080 3215 Verum
1110 3192 1178 3216 non
1197 3179 1249 3217 sic

303 3306 314 3318 -1
342 3294 457 3326 Morcl.
476 3299 531 3338 μὲν
548 3298 662 3330 οὐδένα.

304 3347 319 3368 ¹⁸
344 3344 444 3379 Savil.
464 3353 665 3390 ἀνεχώρησαν-

307 3408 317 3421 =·
344 3396 443 3431 511111.
462 3406 539 3434 κατὰ
556 3405 656 3435 arnob-2
676 3402 778 3438 αὐτοὺς
792 3405 919 3443 ἀνήγαγε
938 3404 1009 3445 πρὸς
1028 3403 1124 3435 αὐτὸν.
1144 3405 1270 3435 ἐνταῦθα

1318 488 1480 542 πατέρων
1510 491 1621 527 αὐτῶν
1651 489 1815 540 μειζόνων
1836 490 1933 528 αὐτοὶ
1957 490 2141 539 ἠξίωνται,
2167 490 2245 535 τοὺς
2264 491 2344 544 περὶ

1318 550 1476 589 Μωϋσεά
1509 549 1743 601 αἰνιττόμενος
1776 550 1994 602 θαυμαστοὺς
2024 552 2153 606 ἄνδρας
2183 551 2341 595 ἐκείνους.

1319 611 1387 651 Διὰ
1408 616 1508 651 τοῦτο
1538 611 1659 658 ἐπειδὴ
1693 605 1808 660 εἶπεν,
1835 612 1887 652 ὅτι
1914 612 2083 652 ἀπέθανον
2108 616 2139 653 οἳ
2166 613 2206 652 τὸ
2232 613 2344 663 μάννα

1319 672 1496 726 φαγόντες,
1517 671 1692 724 ἐπήγαγεν
1703 687 1710 695 ·
1741 672 1785 711 Ὁ
1804 671 1947 725 τρώγων
1963 675 2001 712 ἐκ
2016 678 2075 712 τοῦ
2092 673 2195 726 ἄρτου
2210 672 2344 722 τούτου,

1319 734 1461 780 ζήσεται
1484 736 1531 778 εἷς
1547 735 1604 773 τὸν
1627 737 1750 773 αἰῶνα.
1788 733 1859 774 Καὶ
1879 735 1918 773 τὸ
1934 734 1995 772 Ἔν
2013 737 2056 786 τῇ
2076 734 2197 787 ἐρήμῳ
2226 733 2266 772 δὲ
2280 735 2346 787 οὔχ

1318 796 1437 840 ἁπλῶς
1465 795 1614 835 τέθεικεν
1629 826 1638 843 ,
1668 797 1743 835 ἀλλ’
1770 796 2004 847 αἰνιττόμενος
2023 795 2076 835 ὅτι
2101 795 2179 835 οὐδὲ
2203 795 2343 844 ἐξετάθη

1319 856 1374 895 ἐπὶ
1390 855 1511 908 χρόνον
1531 857 1638 895 πολὺν
1651 888 1660 906 ,
1680 856 1756 896 οὐδὲ
1777 859 1997 904 συνεισῆλθεν
2017 859 2064 901 εἰς
2078 857 2140 904 τὴν
2157 861 2220 904 τῆς
2236 860 2342 908 ἐπαγ-

1319 916 1436 969 γελίας
1456 920 1534 969 γῆν.
1564 912 1676 963 Οῧτος
1697 920 1732 957 δὲ
1753 922 1770 957 ὃ
1791 918 1892 972 ἄρτος
1909 920 1947 956 οὐ
1963 923 2126 962 τοιοῦτος.
2159 917 2229 956 Καὶ
2245 920 2263 956 ὁ
2280 918 2342 970 ἅρ-

1318 994 1374 1023 τος
1395 978 1442 1024 δὲ,
1463 978 1499 1017 ὅν
1514 977 1583 1029 ἐγὼ
1602 978 1716 1027 δώσω,
1733 983 1755 1028 ἡ
1777 979 1863 1033 σάρξ
1884 996 1949 1031 μου
1970 979 2075 1026 ἐστὶν,
2095 978 2136 1025 ἣν
2157 978 2224 1028 ἐγὼ
2245 977 2346 1016 δώσω

1321 1035 1409 1088 ὑπὲρ
1425 1039 1487 1082 τῆς
1502 1041 1561 1076 τοῦ
1580 1036 1712 1087 κόσμου
1731 1040 1832 1084 ζωῆς.
1863 1038 2020 1082 Εἰκότως
2038 1037 2216 1085 ζητήσειεν
2238 1036 2278 1075 ἄν
2295 1053 2347 1079 τις

1320 1099 1466 1135 ἐνταῦθα
1492 1097 1665 1148 διαπορῶν
1680 1128 1690 1145 ,
1720 1105 1816 1142 ποῖος
1841 1101 1910 1137 τῶν
1937 1099 2049 1150 λόγων
2073 1098 2204 1136 τούτων
2229 1099 2347 1151 καιρὸς

1323 1150 1343 1170 ‘3'

1320 1172 1362 1202 ην
1378 1187 1387 1201 ,
1405 1156 1674 1207 οἷκοδομούντων
1699 1157 1784 1208 ἶιμὲν
1806 1157 1916 1205 οῦδὲν,
1943 1158 2018 1197 οὐδὲ
2046 1158 2346 1210 χρησιμευόντων,

1286 1255 1287 1258 ,
1324 1219 1454 1269 μᾶλλον
1480 1216 1516 1255 δὲ
1536 1223 1607 1261 τοῖς
1627 1219 1882 1267 οἷκοδομηθεῖσι
1901 1218 1960 1257 καὶ
1975 1219 2251 1269 λυμαινομένων.
2281 1218 2349 1256 Ἐκ

1322 1278 1454 1326 τούτου,
1475 1278 1573 1330 φησὶ,
1592 1279 1714 1317 πολλοὶ
1733 1282 1801 1317 τῶν
1819 1282 1983 1331 μαθητῶν
2005 1282 2107 1318 αὐτοῦ
2130 1281 2284 1325 ἀπῆλθον
2304 1281 2350 1323 εἷς

1322 1339 1367 1378 τὰ
1400 1338 1537 1390 ὀπίσω,
1566 1339 1743 1392 λέγοντες·
1781 1340 1930 1394 σκληρός
1960 1344 2051 1380 ἐστιν
2075 1345 2092 1380 ὃ
2119 1340 2220 1392 λόγος
2240 1334 2349 1389 οὗτος,

1323 1400 1374 1445 τίς
1403 1400 1545 1441 δύναται
1575 1403 1678 1440 αὐτοῦ
1700 1401 1860 1450 ἀκούειν;
1891 1402 1998 1448 Ἐνῆν
2019 1401 2087 1456 γὰρ
2107 1404 2219 1439 ταῦτα
2238 1400 2353 1452 μόνοις

1323 1463 1564 1516 παραδοθῆναι
1580 1468 1650 1505 τοῖς
1667 1465 1856 1514 μαθηταῖς,
1876 1462 2033 1514 καθάπερ
2050 1465 2067 1501 ὅ
2081 1465 2262 1506 Ματθαῖος
2281 1461 2352 1500 ἔλε-

1323 1539 1393 1574 γεν,
1428 1522 1480 1561 ὅτι
1510 1522 1600 1576 Ἰδίᾳ
1631 1523 1801 1576 διελέγετο
1829 1526 1955 1567 αὐτοῖς.
1997 1523 2045 1563 Τί
2071 1539 2155 1562 ποτε
2182 1517 2238 1562 οῧν
2265 1523 2350 1576 πρὸς

1323 1587 1425 1622 τοῦτο
1448 1586 1610 1636 ἐροῦμεν,
1635 1583 1721 1623 “Ort
1741 1584 1800 1623 καὶ
1817 1589 1874 1624 ν’ὔν
1895 1588 1964 1625 τῶν
1985 1584 2148 1625 τοιούτων
2183 1584 2351 1636 ῥημάτιον

1324 1644 1411 1685 πολὺ
1428 1645 1487 1684 καὶ
1501 1645 1540 1684 τὸ
1555 1645 1730 1698 χρήσιμον
1746 1645 1805 1684 καὶ
1825 1646 1864 1686 τὸ
1884 1648 2084 1698 ἀναγκαῖον.
2118 1644 2266 1691 Ἐπειδὴ
2282 1644 2351 1697 γὰρ

1326 1705 1503 1745 ἐπέκειντο
1518 1706 1648 1759 τροφὴν
1664 1708 1838 1750 αἰτοῦντες
1857 1705 1931 1759 μὲν,
1948 1706 2039 1745 ἀλλὰ
2054 1705 2118 1753 τὴν
2133 1705 2350 1756 σωματικὴν,

1326 1768 1386 1806 καὶ
1411 1772 1474 1816 τῆς
1490 1769 1545 1808 ἐπὶ
1564 1772 1632 1808 τῶν
1652 1769 1830 1822 προγόνων
1852 1767 2131 1822 παρασχεθείσης
2152 1766 2352 1818 ἀναμιμνή-

1326 1844 1464 1872 σκοντες
1493 1830 1594 1870 αὐτὸν
1624 1834 1771 1883 τροφῆς,
1805 1829 1845 1869 τὸ
1873 1829 1985 1881 μάννα
2008 1829 2098 1881 μέγα
2119 1828 2254 1880 ἔλεγον,
2285 1829 2352 1866 δει-

1324 1889 1404 1934 κνὺς
1424 1889 1477 1929 ὅτι
1496 1890 1611 1928 πάντα
1633 1894 1748 1931 ἐκεῖνα
1768 1889 1874 1935 τύπος
1897 1884 1939 1937 ῆν
1959 1890 2019 1928 καὶ
2040 1889 2142 1937 σκιὰ,
2163 1893 2189 1936 ἡῖ
2204 1888 2239 1926 δὲ
2260 1905 2350 1942 πρα-

1324 1950 1468 2003 γμάτων
1489 1951 1635 1998 ἀλήθεια
1672 1954 1693 1997 ἡ
1734 1951 1895 2005 παροῦσά
1911 1953 2001 1997 ἐστι,
2031 1950 2205 2003 μέμνηται
2224 1953 2352 2003 τροφῆς

1324 2015 1574 2066 πνευματικῆς.
1614 2013 1707 2052 Ἀλλ’
1730 2012 1811 2061 ἔδει,
1830 2012 1948 2064 φησὶν,
1969 2014 2090 2062 εἰπεῖν,
2117 2012 2170 2050 ὅτι
2192 2013 2222 2050 οἱ
2243 2010 2348 2049 πατέ-

1327 2090 1380 2127 ρες
1401 2076 1497 2127 ὑμῶν
1522 2074 1646 2126 ἔφαγον
1668 2076 1701 2112 ἐν
1721 2075 1764 2125 τῆ
1787 2073 1909 2127 ἐρήμῳ
1928 2073 1967 2112 τὸ
1988 2072 2100 2124 μάννα
2115 2089 2122 2096 ·
2143 2071 2212 2124 ἐγὼ
2232 2071 2268 2111 δὲ
2289 2071 2350 2123 ἄρ-

1323 2151 1380 2174 τον
1400 2134 1577 2188 παρέσχον
1593 2137 1687 2185 ὑμῖν,
1716 2134 1820 2173 Ἀλλὰ
1839 2133 1927 2174 πολὺ
1943 2134 1983 2173 τὸ
2003 2133 2107 2185 μέσον
2124 2128 2178 2181 ῆν.
2213 2133 2352 2172 Ἐδόκει

1324 2195 1391 2249 γὰρ
1418 2200 1518 2234 τοῦτο
1539 2195 1599 2234 καὶ
1619 2194 1760 2235 ἔλαττον
1781 2193 1924 2242 ἐκείνου,
1941 2197 1992 2247 τῷ
2010 2196 2122 2234 ἐκεῖνο
2143 2193 2205 2244 μὲν
2222 2193 2349 2231 ἄνωθεν

1325 2257 1509 2309 φέρεσθαι,
1536 2261 1637 2295 τοῦτο
1663 2255 1698 2294 δὲ
1728 2257 1824 2294 κάτω
1852 2258 2059 2308 γεγενῆσθαι
2083 2255 2123 2294 τὸ
2143 2259 2259 2305 θαῦμα
2280 2257 2350 2292 τῶν

1326 2318 1452 2370 ἄρτων.
1483 2316 1586 2356 Ἐπεὶ
1612 2310 1668 2357 οὖν
1696 2317 1833 2363 ἐζήτουν
1856 2319 1894 2355 ἐκ
1911 2321 1971 2355 τοῦ
1992 2318 2134 2368 οὐρανοῦ
2158 2316 2349 2368 φερομένην

1324 2377 1470 2431 τροφὴν,
1501 2377 1557 2416 διὰ
1584 2381 1685 2417 τοῦτο
1710 2379 1864 2429 συνεχῶς
1885 2377 2021 2430 ἔλεγεν,
2042 2378 2107 2414 Ἐκ
2126 2380 2184 2415 τοῦ
2206 2378 2350 2428 οὐρανοῦ

1325 2439 1567 2486 καταὸέέηκα.
1598 2440 1642 2477 Εἰ
1669 2438 1704 2478 δὲ
1727 2438 1879 2482 ἐξετάζοι
1903 2454 1973 2488 τις,
2001 2437 2035 2476 τί
2061 2437 2191 2483 δήποτε
2213 2437 2348 2475 καὶτὸν

1325 2502 1405 2555 περὶ
1434 2500 1632 2554 μυστηρίων
1663 2498 1804 2538 ἐνέὸαλε
1837 2498 1956 2550 λόγον,
1988 2499 2098 2537 ἐκεῖνο
2127 2497 2167 2535 ἂν
2195 2497 2349 2548 εἴποιμεν

1325 2563 1411 2615 πρὸς
1429 2562 1545 2609 αὐτὸν,
1569 2560 1622 2598 ὅτι
1644 2560 1704 2599 καὶ
1722 2558 1850 2597 τούτων
1873 2558 2005 2613 σφόδρα
2026 2561 2093 2597 τῶν
2111 2559 2222 2609 λόγων
2239 2562 2350 2598 ὃκαι-

1329 2623 1383 2675 ρὸς
1405 2617 1463 2669 ῆν.
1485 2622 1538 2660 Τὸ
1552 2621 1618 2673 γὰρ
1637 2618 1764 2672 ἀσαφὲς
1778 2622 1846 2657 τῶν
1862 2619 2054 2672 εἰρημένων
2078 2619 2131 2657 ἀεὶ
2151 2619 2209 2657 τὸν
2225 2622 2350 2672 ἀκροα-

1327 2683 1390 2731 τὴν
1420 2683 1615 2729 διανίστησι
1640 2681 1699 2720 καὶ
1718 2679 2037 2732 προσεκτικώτερον
2063 2680 2258 2732 ἐργάζεται.
2296 2682 2349 2718 Οὐ

1326 2744 1438 2783 τοίνυν
1466 2741 1751 2785 σκανδαλίζεσθαι
1774 2740 1858 2786 ἔδει,
1883 2742 1959 2778 ἀλλ’
1983 2743 2115 2793 ἐρωτᾷν
2139 2742 2269 2790 μᾶλλον
2290 2740 2349 2777 καὶ

1327 2804 1569 2844 πυνθάνεσθαι.
1599 2805 1671 2842 Νῦν
1692 2803 1728 2840 δὲ
1756 2801 2035 2853 ιὀἰναχιοροῦσιψ
2065 2803 2109 2839 1·ζῖ
2129 2800 2196 2854 γὰρ
2219 2801 2349 2854 προφή-

1326 2882 1388 2913 την
1407 2865 1508 2903 αὐτὸν
1529 2858 1616 2902 εἶναι
1636 2862 1791 2914 ἐνόμιζον
1805 2889 1814 2907 ,
1834 2863 1938 2914 ἐχρῆν
1959 2865 2144 2900 πιστεῦσαι
2162 2868 2233 2905 τοῖς
2251 2863 2349 2913 λεγο-

1329 2927 1451 2978 μένοις.
1478 2923 1591 2963 “flete
1618 2926 1680 2970 τῆς
1708 2922 1844 2961 ἐκείνων
1872 2921 1987 2965 ἀνοίας
2012 2922 2051 2960 τὸ
2075 2922 2266 2961 σκάνδαλον
2294 2917 2348 2971 ῆν,

1327 2989 1364 3027 οὐ
1386 2991 1449 3034 τῆς
1470 2984 1617 3038 ἀπορίας
1632 2987 1700 3022 τῶν
1719 2982 1925 3034 λεγομένων.
1956 2982 2007 3020 Σὺ
2025 2983 2061 3020 δὲ
2075 2982 2138 3036 ὅρα
2150 2985 2224 3026 πῶς
2238 2982 2349 3020 εκατὰ

1330 3049 1451 3102 μικρὸν
1482 3047 1560 3091 τοὺς
1590 3045 1747 3098 μαΟητὰς
1776 3044 1960 3091 συνέδησεν
1990 3047 2122 3097 ἑαυτῷ·
2159 3039 2252 3082 οὗτοι
2281 3044 2350 3095 γάρ

1328 3113 1412 3149 εἰσιν
1432 3111 1463 3148 οἱ
1481 3109 1652 3161 λέγοντες,
1677 3106 1817 3160 ῥήματα
1838 3108 1927 3152 ζωῆς
1943 3105 2050 3157 ἔχεις·
2076 3108 2141 3143 ποῦ
2160 3105 2350 3143 ἀπελευσό-

1329 3181 1440 3229 μεθα,
1466 3175 1564 3222 Πλὴν
1594 3172 1711 3212 ἑαυτὸν
1735 3174 1881 3211 ἐνταῦθα
1903 3172 2032 3223 εἰσάγει
2049 3171 2204 3219 διδόντα,
2227 3173 2264 3209 οὐ
2285 3171 2343 3209 τὸν

1339 3303 1397 3344 γὰρ
1416 3301 1519 3332 ἑαυτὸν
1536 3312 1603 3341 φησι
1620 3298 1744 3335 διδόναι,
1761 3298 1791 3328 οὐ
1809 3299 1858 3329 τὸν
1875 3300 2005 3340 πατέρα.
2020 3292 2149 3327 Metelli
2173 3292 2348 3327 lectionem

1338 3351 1517 3394 sequimur7
1531 3360 1631 3394 quam
1648 3355 1803 3392 sequutus
1820 3354 1867 3380 cst
1882 3348 2061 3390 InterpreS.
