2481 3678
284 238 376 293 224
764 254 802 283 S..
840 253 1022 284 JoANle
1057 252 1298 284 CnanoST.
1336 255 1540 287 ARCHIEP.
1580 257 1936 290 CONSTANTINOP-

278 336 389 375 servis
407 338 617 376 communia.
635 339 787 390 Ideoque
808 340 992 379 humiliter
1017 340 1253 392 sentiendum,

276 397 413 434 <lumin
434 398 686 437 contribulium
714 400 989 449 calamitatibus,
1016 414 1093 451 quae
1117 401 1182 438 tibi
1204 401 1256 438 in-

277 466 368 495 stent
387 459 576 509 praevidcs,
591 470 624 498 et
642 470 774 498 naturae
793 470 861 498 tuae
876 460 1112 499 conditionem
1127 461 1163 498 in
1177 461 1256 500 aliis

276 517 412 556 cdiscis.
438 521 595 558 Fortasse
615 535 676 558 nos
704 521 836 558 talibus
854 521 922 559 orti
945 535 1066 559 sumus
1092 522 1257 573 progeni-

78 588 253 616 l)iviiia1·um
278 579 424 617 toribus.
455 580 560 625 Quod
588 581 617 618 si
648 580 783 619 divitiae
811 580 856 618 ad
884 595 947 618 nos
970 581 1152 631 transiere,
1178 582 1257 619 illas

77 631 199 658 ¹³¹¹'⁵¹³¹⁵·
277 638 492 677 hauddubie
508 640 756 691 relinquemus.
778 639 877 687 Quid
895 654 979 679 vero
997 649 1080 678 sunt
1098 641 1257 680 divitias?

276 701 411 738 Umbra
432 702 567 751 inanis,
588 703 706 740 fumus
734 716 962 751 evanescens,
982 702 1048 740 ssos
1061 703 1162 752 foeni,
1185 703 1257 740 imo

275 762 362 798 ssore
392 772 474 800 sunt
510 762 664 801 viliores.
688 764 760 801 Cur
789 762 834 801 de
863 763 955 801 foeno
984 762 1098 800 altum
1132 763 1256 815 sapis?

274 823 399 860 Nonne
417 832 449 860 ct
467 823 623 872 furibus,
644 833 678 861 et
699 823 886 872 mollibus,
906 832 939 861 et
958 823 1202 862 meretricibus
1223 833 1257 861 et

275 884 516 935 sepulcrorum
532 885 757 923 effossoribus
771 884 908 923 divitiae
922 884 1113 923 accedunt?
1128 885 1257 924 Ideone

275 943 480 982 intumescis
509 945 604 995 quod
641 945 726 982 tales
759 959 867 996 opum
896 954 1071 982 consortes
1098 945 1258 983 habeas?

273 1004 345 1042 scd
365 1006 508 1043 honoris
527 1005 676 1057 cupidus
691 1006 754 1044 es?
771 1007 907 1045 Verum
922 1005 1012 1042 nihil
1025 1004 1070 1042 ad
1086 1004 1255 1043 honorem

273 1067 507 1117 opportunius
527 1067 757 1118 eleemosyna.
776 1067 867 1103 Nam
887 1066 1036 1103 honores
1056 1080 1101 1103 ex
1118 1063 1256 1104 divitiis

272 1134 305 1162 et
320 1126 472 1176 potentia
491 1126 604 1178 parti,
624 1126 733 1163 coacti
750 1134 830 1162 sunt
851 1134 884 1162 et
900 1124 1032 1174 odiosi,
1057 1124 1094 1161 hi
1109 1138 1192 1163 vero
1211 1140 1256 1164 ex

272 1185 418 1222 arbitrio
457 1195 489 1223 et
525 1185 733 1223 conscientia
772 1184 1020 1222 honorantium
1057 1184 1254 1235 prodeunt,

271 1260 357 1297 quos
379 1261 421 1284 ne
436 1247 460 1283 ii
480 1247 623 1297 quidem
641 1246 703 1296 qui
723 1246 897 1284 honorant
922 1245 966 1282 de
990 1245 1106 1282 medio
1131 1245 1254 1285 tollere

71 1309 239 1350 l·;1‹·cmosy-
270 1317 427 1358 possunt.
444 1307 548 1354 Quod
573 1307 601 1345 si
622 1307 781 1344 homines
802 1315 938 1343 tantam
957 1319 1039 1357 erga
1060 1306 1253 1359 eleemosy-

71 1361 255 1421 ffimdssffissff'
270 1381 351 1405 nam
365 1378 545 1419 erogantes
560 1368 790 1408 reverentiam
808 1367 959 1416 hahent,
982 1376 1014 1405 et
1034 1367 1151 1405 omnia
1166 1367 1253 1419 ipsis

269 1429 360 1466 hona
374 1439 607 1481 appreeantur
622 1445 629 1464 :
646 1429 759 1479 cogita
778 1437 946 1478 quantam
965 1441 984 1464 a
1004 1427 1157 1477 benigno
1176 1428 1251 1466 Deo

266 1491 463 1528 mercedem
492 1490 669 1542 accepturi
709 1489 798 1537 sint,
827 1502 934 1539 quam
969 1487 1248 1525 retributionem.

267 1550 339 1589 Has
367 1566 449 1602 crgo
479 1565 678 1602 quaeramus
710 1550 856 1589 divitias
882 1563 1018 1601 semper
1048 1558 1244 1598 manentes,

268 1625 463 1661 numquam
486 1612 675 1662 fugientes,
699 1619 788 1648 utet
806 1611 842 1647 in
863 1610 929 1647 hac
954 1608 1027 1648 vita
1049 1608 1189 1660 magni,
1216 1618 1248 1647 et

266 1672 300 1708 in
316 1672 375 1708 illa
391 1672 570 1724 conspicui
584 1672 713 1720 simus,
727 1680 831 1721 atquc
850 1679 978 1708 aetcrna
994 1683 1248 1720 consequamur

266 1732 378 1782 hona,
403 1733 515 1784 gratia
541 1742 574 1770 et
596 1732 814 1783 benignitate
845 1730 991 1768 Domini
1022 1731 1132 1768 nostri
1163 1732 1246 1770 Jesu

267 1793 421 1842 Christi,
454 1794 597 1844 quicum
631 1793 727 1830 Patri
762 1791 894 1843 gloria,
919 1805 1059 1841 unaque
1096 1791 1246 1843 Spiritui

266 1862 402 1902 sancto,
431 1868 523 1891 nunc
542 1862 575 1892 et
591 1868 727 1905 semper
751 1862 783 1891 et
804 1853 840 1890 in
868 1851 994 1890 saecula
1023 1852 1243 1891 saeculorum.

265 1916 385 1952 Amen.

1326 342 1482 393 ταχέως,
1502 342 1622 396 ὥσπερ
1641 344 1707 382 ὑπὸ
1728 346 1817 389 τινὸς
1842 347 2036 397 πνεύματος
2069 346 2343 398 ἀναῤῥιπισθεὶς,

1327 402 1462 454 αἴρεταί
1495 420 1531 441 τε
1568 404 1626 442 καὶ
1662 406 1865 457 ἀφανίζεται
1904 406 2060 458 καθάπερ
2091 409 2109 444 ὃ
2140 407 2334 458 Φαρισαῖος

1326 461 1430 501 Ἀλλὰ
1444 463 1568 511 πένησι
1587 465 1774 517 παρέχεις,
1795 467 1886 505 Ἀλλ’
1904 469 1942 506 οὐ
1962 467 2006 504 τὰ
2029 466 2091 514 σὰ,
2105 465 2194 504 ἀλλὰ
2212 465 2256 503 τὰ
2285 469 2345 504 τοῦ

1326 524 1524 572 Δεσπότου,
1553 525 1597 563 τὰ
1626 527 1724 565 κοινὰ
1746 528 1815 564 τῶν
1838 527 2046 577 ὁμοδούλων.
2072 526 2142 564 Καὶ
2171 526 2226 564 διὰ
2247 530 2348 564 τοῦτο

1328 583 1480 634 μάλιστα
1506 590 1750 625 ταπεινοῦσθαι
1778 586 1871 639 χρὴ,
1903 589 1936 625 ἐν
1965 594 2042 631 ταῖς
2071 588 2139 624 τῶν
2172 589 2347 637 ὁμογενῶν

1327 652 1519 698 συμφοραῖς
1549 647 1593 685 τὰ
1624 650 1746 685 ἑαυτοῦ
1776 650 2001 700 προορῶντα,
2030 648 2088 686 καὶ
2121 647 2185 694 τὴν
2218 646 2345 684 οἰκείαν

1326 705 1425 757 φύσιν
1445 709 1480 744 ἐν
1499 707 1639 751 ἐκείνοις
1663 709 1891 759 μανθάνοντα.
1908 708 2011 751 Ἴσως
2028 708 2086 745 καὶ
2112 711 2212 758 ἡμεῖς
2231 706 2346 745 τοιού-

1325 782 1392 804 των
1410 762 1498 818 ἦμεν
1514 769 1701 822 προγόνων.
1718 771 1762 808 Εἰ
1776 769 1811 807 δὲ
1829 769 1978 820 μετέστη
1997 769 2081 821 πρὸς
2099 772 2193 818 ἡμᾶς
2208 770 2225 805 ὃ
2240 769 2347 806 πλοῦ-

1325 842 1399 875 τος,
1425 827 1525 867 ᾱάλλ’
1552 830 1640 873 εἰκὸς
1664 829 1766 868 αὐτὸν
1794 830 1853 868 καὶ
1880 832 2085 868 καταλιπεῖν
2112 828 2217 866 πάλιν
2235 831 2344 878 ἡμᾶς.

1325 887 1372 925 Τί
1392 888 1426 926 δὲ
1444 888 1531 933 ὅλως
1550 890 1608 927 καὶ
1624 892 1641 927 ὁ
1655 890 1800 934 πλοῦτός
1827 893 1942 938 ἐστιν;
1963 889 2054 928 Σκιὰ
2080 888 2228 940 ἀδρανὴς
2245 917 2254 935 ,
2275 904 2344 926 κα-

1325 948 1407 992 πνὸς
1424 949 1660 1000 διαλυόμενος,
1678 951 1776 994 ἄνθος
1791 950 1915 1004 χόρτου
1929 981 1938 998 ,
1958 951 2088 1000 μᾶλλον
2101 948 2136 987 δὲ
2153 948 2211 986 καὶ
2226 948 2346 992 ἄνθους

1281 1009 1306 1039 D
1327 1009 1574 1062 εὐτελέστερος.
1599 1010 1646 1048 Τί
1674 1004 1730 1048 οῧν
1751 1011 1809 1048 ἐπὶ
1828 1011 1944 1064 χόρτῳ
1967 1009 2058 1062 μέγα
2079 1015 2232 1061 φρονεῖς;
2253 1009 2346 1061 Οὐχὶ

1325 1068 1383 1105 καὶ
1409 1071 1554 1120 λῃσταῖς
1571 1070 1798 1122 παραγίνεται
1825 1073 1980 1119 πλοῦτος,
1996 1070 2056 1109 καὶ
2086 1071 2266 1121 μαλακοῖς,
2287 1070 2345 1107 καὶ

1323 1127 1482 1179 πόρναις,
1498 1129 1556 1166 καὶ
1571 1130 1832 1182 τυμὸωρύχοις,
1850 1133 1963 1170 Τοῦτο
1983 1126 2039 1170 οῧν
2059 1147 2098 1169 σε
2122 1131 2276 1184 ἐπαίρει,
2293 1130 2346 1168 ὅτι

1323 1188 1494 1232 τοιούτους
1508 1189 1598 1240 ἔχεις
1616 1191 1798 1234 κοινωνοὺς
1823 1197 1883 1230 τοῦ
1904 1191 2102 1242 κτήματος,
2123 1191 2226 1230 Ἀλλὰ
2242 1194 2345 1242 τιμῆς

1322 1249 1421 1300 ἐρᾷς,
1441 1247 1530 1286 Ἀλλ’
1549 1249 1644 1288 οὖδὲν
1664 1252 1711 1294 εἷς
1726 1253 1830 1301 τιμῆς
1848 1250 1949 1302 λόγον
1971 1251 2204 1302 ἐλεημοσύνης
2220 1254 2345 1299 ἐπιτη-

1323 1306 1667 1361 δειότερον.Ἒκεῖναι
1682 1310 1744 1361 μὲν
1758 1311 1823 1363 γὰρ
1837 1311 2169 1363 κατηναγκασμέναι
2185 1311 2268 1349 εἰσὶν
2285 1313 2344 1350 καὶ

1324 1368 1411 1418 μετὰ
1431 1368 1568 1420 μίσους,
1588 1373 1622 1408 αἱ
1643 1371 1743 1422 τιμαὶ
1773 1375 1807 1410 αἱ
1837 1375 1896 1410 τοῦ
1913 1372 2062 1410 πλούτου
2085 1372 2144 1410 καὶ
2161 1375 2222 1419 τ’ἥς
2242 1373 2344 1411 δυνα-

1322 1431 1456 1478 στείας,
1477 1426 1580 1470 αῧται
1603 1432 1638 1471 δὲ
1655 1435 1694 1471 ἐκ
1709 1433 1941 1486 προαιρέσεως
1963 1433 2021 1471 καὶ
2045 1434 2114 1472 ἀπὸ
2131 1434 2344 1478 εσυνειδότος

1320 1493 1388 1528 τῶν
1403 1491 1597 1541 τιμώντων.
1616 1493 1746 1546 Διόπερ
1766 1494 1842 1532 οὐδὲ
1858 1494 2040 1532 ἓκὸάλλειν
2058 1494 2164 1538 αὐτὰς
2180 1494 2342 1533 δύνανταί

1319 1567 1403 1589 ποτε
1417 1554 1447 1590 οἱ
1463 1555 1643 1603 τιμῶντες.
1664 1555 1709 1591 Εἰ
1729 1553 1764 1590 δὲ
1785 1553 1959 1607 ἅνθρωποι
1975 1554 2145 1601 τοσαύτην
2161 1558 2223 1601 τῆς
2242 1557 2342 1602 ἐλεη-

1320 1611 1472 1661 μοσύνης
1504 1613 1716 1663 ἀπονέμουσι
1749 1613 1811 1660 τὴν
1845 1615 1930 1651 αἰδῶ
1944 1645 1954 1662 ,
1984 1614 2043 1651 καὶ
2076 1614 2191 1652 πάντα
2227 1617 2341 1658 αὐτοῖς

1319 1671 1542 1724 συνεύχονται
1575 1672 1619 1710 τὰ
1644 1672 1777 1724 ἀγαθὰ,
1797 1673 1955 1721 ἐννόησον
1975 1674 2128 1722 πηλίκην
2157 1674 2254 1727 παρὰ
2279 1679 2338 1714 τοῦ

1272 1730 1295 1759 Ε
1318 1731 1562 1785 φιλανθρώπου
1588 1734 1679 1771 Θεοῦ
1701 1733 1870 1786 λήψονται
1890 1734 1953 1780 τὴν
1974 1735 2158 1781 ἀντίδοσιν,
2178 1734 2251 1773 οἵαν
2275 1734 2339 1782 τὴν

1318 1793 1480 1843 ἀμοιὸήν.
1497 1795 1629 1832 Τοῦτον
1649 1794 1761 1832 τοίνυν
1776 1796 1933 1845 ζητῶμεν
1955 1795 2012 1833 τὸν
2027 1798 2186 1843 πλοῦτον,
2205 1796 2262 1834 τὸν
2286 1796 2338 1834 ἀεὶ

1316 1854 1482 1904 μένοντα,
1505 1855 1564 1893 καὶ
1596 1855 1772 1906 μηδέποτε
1804 1856 2057 1908 δραπετεύοντα
2069 1872 2076 1880 ·
2105 1855 2162 1894 ἵνα
2192 1856 2251 1894 καὶ
2281 1857 2338 1893 ἐν-

1311 1918 1421 1952 ταῦθα
1439 1915 1583 1967 μεγάλοι
1603 1916 1662 1954 καὶ
1681 1919 1753 1954 ἐκεῖ
1768 1917 1945 1968 γενόμενοι
1963 1917 2142 1970 λαμπροὶ,
2169 1919 2236 1955 τῶν
2254 1919 2337 1955 αἰω-

1311 1974 1392 2014 νίων
1416 1976 1636 2028 ἐπιτύχωμεν
1665 1980 1816 2028 ἀγαθῶν,
1844 1977 1966 2030 χάριτι
1998 1978 2056 2016 καὶ
2094 1977 2337 2031 φιλανθρωπίᾳ

1310 2040 1369 2075 τοῦ
1394 2036 1523 2090 Κυρίου
1539 2040 1639 2087 ἡμῶν
1655 2036 1770 2085 Ἰησοῦ
1792 2039 1963 2091 Χριστοῦ,
1986 2040 2059 2089 μεθ’
2085 2033 2123 2077 οῧ
2147 2041 2197 2090 τῷ
2218 2039 2336 2090 Πατρὶ

1310 2100 1332 2142 ἡ
1349 2095 1447 2143 δόξα,
1468 2096 1542 2148 ἅμα
1563 2099 1613 2149 τῷ
1633 2097 1720 2150 ἁγίῳ
1736 2098 1940 2149 Πνεύματι,
1959 2101 2018 2137 νῦν
2040 2098 2100 2137 καὶ
2126 2099 2179 2138 ἀεὶ
2200 2099 2259 2137 καὶ
2287 2101 2335 2143 εἷς

1311 2158 1389 2202 τοὺς
1405 2160 1532 2201 αἰῶνας
1550 2161 1618 2196 τῶν
1636 2158 1782 2196 αἰώνων.
1800 2158 1921 2209 Ἀμήν.

305 2298 321 2322 d
339 2302 406 2331 ἀλλ’
424 2304 496 2336 εἰκός
512 2302 599 2332 αὐτὸν
615 2303 664 2332 καὶ
677 2303 849 2333 καταλιπεῖν
868 2304 956 2334 πάλιν
970 2304 1060 2342 ἡμᾶς.
1080 2299 1177 2332 Vocis
1191 2307 1265 2339 εἰκός
1329 2302 1389 2333 sed
1404 2301 1496 2333 haud
1509 2302 1626 2344 dubie,
1645 2301 1706 2333 sed
1726 2304 1923 2336 necessario.
1947 2302 2053 2344 [Infra
2073 2301 2173 2335 Sax‘il.
2198 2309 2232 2334 et
2249 2302 2333 2336 Cod.

262 2360 329 2381 non
345 2349 486 2392 vulgaris
503 2348 555 2381 hic
573 2361 647 2381 usus
660 2358 719 2383 cst.
735 2351 820 2382 Nam
837 2354 905 2384 ἀλλ’
934 2357 1006 2389 εἰκός
1026 2359 1062 2382 ut
1084 2351 1263 2393 plurimum
1330 2354 1393 2384 706
1410 2352 1644 2398 &releba-spem]

261 2400 434 2443 significat,
459 2401 519 2432 sed
529 2402 706 2444 fortassis,
724 2401 784 2433 sed
807 2402 988 2434 verisimile
1010 2410 1058 2434 cst
1074 2415 1083 2434 :
1097 2401 1152 2435 hic
1169 2414 1260 2441 vero,
1375 2410 1386 2422 ‘³
1404 2404 1600 2445 [συνειδήσεως
1618 2402 1719 2436 Savil.
1738 2411 1771 2435 et
1787 2402 1872 2437 Cod.
1892 2404 1984 2445 706.]

542 2660 747 2698 HOMILIA
775 2659 953 2699 XXXIV.

259 2779 320 2818 28.
342 2781 509 2831 Reliquit
545 2793 632 2833 ergo
659 2782 844 2830 hydriam
880 2796 991 2820 suam
1019 2783 1174 2829 mulier,
1203 2789 1241 2819 et

310 2843 407 2878 abiit
446 2844 487 2877 in
521 2844 739 2887 civitatem,
777 2851 813 2879 et
846 2844 944 2880 dixit
983 2844 1199 2880 hominibus
1226 2857 1237 2878 .·

309 2901 374 2938 529.
401 2901 546 2946 Venice,
566 2901 694 2938 videte
714 2902 919 2948 hominem,
938 2905 1004 2954 qui
1023 2903 1121 2939 dixit
1143 2903 1238 2939 mihi

309 2973 556 3010 quaecumque
571 2961 682 3011 feci:
716 2963 903 3012 numquid
933 2965 1012 3013 ipse
1040 2970 1095 3000 est
1124 2962 1236 3000 Chri-

308 3025 414 3058 stus?

115 3164 241 3194 Fervore
310 3144 344 3178 1.
375 3141 491 3178 Multo
520 3155 582 3179 nos
611 3141 746 3179 fervore
770 3150 925 3192 oportet,
954 3142 1065 3178 multo
1088 3142 1233 3180 excitari

52 3206 144 3233 mulio
168 3218 239 3244 opus
253 3201 369 3238 studio
377 3216 387 3250 3
410 3201 565 3251 alioquin
584 3201 754 3252 promissa
775 3201 866 3237 bona
895 3201 1055 3251 consequi
1077 3216 1143 3239 non
1164 3217 1232 3254 po—

51 3246 237 3315 g‘fffss'fffiaff'
253 3262 405 3299 terimus.
428 3261 534 3308 Quod
553 3261 755 3312 significans
777 3260 940 3298 Christus
966 3260 1071 3299 modo
1087 3262 1233 3311 quidem

290 3405 302 3418 ³¹
320 3393 431 3427 Motcl.
448 3398 526 3428 οὐδέν
541 3400 612 3429 ἐστι.

1253 2658 1299 2723 ¹X⁵
1680 2662 1857 2699 ΟΜΙΛΙΑ
1892 2659 1955 2699 λδ’.

1311 2778 1454 2832 Ἀφῆκεν
1474 2776 1530 2819 οὖν
1558 2781 1620 2828 τὴν
1640 2781 1758 2833 ὑδρίαν
1792 2784 1933 2829 αὐτῆςὴ
1954 2782 2060 2834 γυνὴ,
2088 2784 2146 2821 καὶ
2176 2786 2329 2830 ἀπῆλθεν

1363 2843 1411 2884 εἷς
1438 2841 1501 2887 τὴν
1529 2841 1641 2890 πόλιν,
1669 2842 1728 2879 καὶ
1755 2842 1847 2893 λέγει
1870 2849 1940 2886 τοῖς
1965 2843 2175 2896 ἀνθρώποις·
2209 2846 2329 2895 δεῦτε,

1360 2901 1448 2939 ἰ’δετε
1479 2902 1671 2954 ἄνθρωπον,
1691 2902 1725 2945 ὃς
1749 2896 1824 2940 εἶπέ
1843 2919 1902 2954 μοι
1917 2904 2033 2942 πάντα
2064 2904 2128 2943 ὅσα
2160 2906 2327 2955 ἐποίησα·

1361 2962 1446 3012 μήτι
1465 2956 1560 3006 οῧτός
1579 2965 1670 3001 ἐστιν
1687 2966 1704 3001 ὃ
1721 2964 1888 3015 Χριστός,

1358 3144 1497 3189 Πολλῆς
1510 3145 1594 3192 ἡμῖν
1614 3140 1821 3193 θερμότητος
1836 3143 1886 3180 δεῖ
1903 3143 1962 3181 καὶ
1980 3146 2129 3192 σπουδῆς
2148 3146 2325 3198 διεγηγερ-

1304 3203 1419 3252 μένης·
1434 3202 1562 3249 ταύτης
1576 3201 1643 3254 γὰρ
1658 3202 1737 3240 ἄνευ
1763 3207 1777 3223 ³
1788 3204 1850 3240 οὐκ
1876 3203 1986 3242 ἔνεστι
2000 3212 2116 3256 τυχεῖν
2132 3209 2199 3244 τῶν
2215 3207 2324 3256 ἐπηγ-

1302 3263 1480 3315 γελμένων
1496 3267 1579 3314 ἡμῖν
1602 3265 1751 3314 ἀγαθῶν.
1772 3263 1841 3302 Καὶ
1860 3268 1959 3304 τοῦτο
1985 3265 2116 3310 δεικνὺς
2135 3269 2153 3304 ὁ
2172 3267 2323 3319 Χριστός
