2481 3678
699 217 742 247 lN
777 217 985 247 JOANNEM
1023 216 1177 247 llOMlL.
1215 214 1357 245 xxxu.
1395 199 1456 244 {ll-
1497 216 1624 245 XXXI.
2084 220 2166 249 211

103 305 204 353 ἡμεῖς
224 303 259 342 δὲ
280 302 337 342 διὰ
364 306 464 341 τοῦτο
482 300 597 353 ψυχὴν
619 302 788 340 ἀθάνατον
808 302 948 354 ἔχομεν,
963 302 1019 339 ἵνα
1035 301 1119 353 πρὸς

103 363 167 410 τὴν
187 364 318 410 ἐκείνης
336 365 399 409 τῆς
418 364 508 409 ζωῆς
532 363 756 414 παρασκευὴν
785 364 901 401 πάντα
920 363 1118 416 πράξωμεν.

102 421 240 462 Ἵππων
259 423 321 474 μὲν
340 423 427 476 γὰρ,
444 422 503 461 καὶ
523 422 623 469 ὄνων,
645 423 703 461 καὶ
724 426 825 475 βοῶν,
846 423 905 462 καὶ
920 425 988 460 τῶν
1008 422 1121 460 ἄλλων

103 487 171 522 τῶν
190 484 351 523 τοιούτων
367 484 600 535 βοσκημάτων
617 484 657 522 ἂν
671 484 831 536 ἐρωτήσῃ
847 500 898 527 τις
911 483 974 529 τὴν
989 481 1123 535 χρείαν,

103 545 265 595 οὐδεμίαν
281 546 390 591 ἄλλην
408 546 563 597 ἐροῦμεν,
584 545 674 583 ἀλλὰ
695 545 759 591 τὴν
778 547 813 582 ἐν
831 547 881 596 τῷ
895 542 1041 595 παρόντι
1060 542 1124 594 βίῳ

105 605 292 644 διακονίαν.
315 605 405 658 Περὶ
427 606 462 644 δὲ
489 609 590 656 ἡμῶν
611 608 671 644 οὐκ
690 605 762 643 ἔστι
787 609 887 642 τοῦτο
907 605 1028 651 εἰπεῖν,
1047 603 1123 641 ἀλλ’

104 669 125 712 ἡ
157 666 301 717 βελτίων
331 667 567 715 κατάστασις,
591 671 613 714 ἡ
644 666 733 717 μετὰ
762 665 826 712 τὴν
855 663 1006 703 ἐντεῦθέν
1030 665 1124 703 ἐστιν

104 726 305 778 ἀποδημίαν
318 743 325 751 ·
344 727 404 766 καὶ
434 729 484 765 δεῖ
513 727 629 766 πάντα
648 732 770 774 ποιεῖν,
797 725 855 763 ἵνα
874 727 946 763 ἐκεῖ
966 724 1123 776 λάμψω-

104 804 181 839 μεν,
203 787 258 826 ἵνα
289 788 377 840 μετὰ
404 788 558 840 ἀγγέλων
585 787 821 840 χορεύσωμεν,
842 786 899 823 ἵνα
917 789 966 838 τῷ
989 788 1124 837 βασιλεῖ

102 848 383 901 παραστήκωμεν
403 849 588 891 διαπαντὸς
605 850 639 885 ἐν
655 853 726 890 τοῖς
745 849 847 886 αἰῶσι
863 846 957 890 1’τοῖς
975 847 1124 898 ἀπεράν-

102 925 184 953 τοις.
204 909 273 948 Διὰ
299 915 400 949 τοῦτο
418 909 485 961 γὰρ
505 909 565 947 καὶ
594 908 761 952 ἀθάνατος
783 908 920 961 γέγονεν
949 912 970 955 ἡ
1001 907 1097 960 ψυχὴ
1114 938 1123 955 ,

103 971 215 1008 καὶτὸ
230 973 332 1021 σῶμα
348 971 383 1009 δὲ
402 971 501 1009 ἔσται
519 970 704 1018 ἀθάνατον,
722 969 779 1008 ἵνα
798 972 866 1007 τῶν
887 970 1125 1016 ἀτελευτήτων

104 1030 360 1081 ἀπολαύσωμεν
387 1034 537 1083 ἀγαθῶν.
554 1028 614 1068 Ἂν
649 1030 684 1068 δὲ
712 1033 755 1082 τῇ
789 1033 832 1082 γῇ
856 1021 1126 1083 προσηλωμένος

101 1087 144 1145 ἧς
173 1093 242 1130 τῶν
269 1091 435 1145 οὐρανίων
453 1090 705 1144 προκειμένων,
726 1091 885 1138 ἐννόησον
909 1090 973 1138 ὅση
993 1091 1127 1142 γίνεται

104 1153 202 1207 ὕὸρις
232 1154 279 1196 εἷς
306 1154 364 1192 τὸν
387 1152 613 1205 δωρούμενον.
639 1152 793 1195 Ἐκεῖνος
814 1152 877 1202 μὲν
899 1152 966 1204 γὰρ
992 1152 1036 1191 τὰ
1057 1154 1127 1190 ἄνω

105 1230 160 1253 σοι
178 1213 374 1266 προτείνει·
403 1215 444 1252 σὺ
465 1214 500 1252 δὲ
530 1216 568 1252 οὐ
587 1212 694 1251 πολὺν
715 1216 825 1251 αὐτῶν
846 1213 1049 1263 ποιούμενος
1067 1214 1129 1250 λό-

105 1291 178 1328 γον,
206 1274 269 1322 τὴν
300 1277 364 1326 γῆν
396 1274 632 1326 ἀνταλλάσσῃ.
663 1273 732 1311 Διὰ
761 1279 870 1312 ταῦτα
899 1274 960 1312 καὶ
990 1274 1129 1325 γέενναν

107 1336 309 1383 ἠπείλησεν,
330 1336 390 1374 ἅτε
407 1334 727 1389 καταφρονούμενος
740 1365 749 1383 ,
769 1335 824 1372 ἵνα
839 1335 950 1386 μάθῃς
967 1337 1131 1384 ἐντεῦθεν,

106 1398 197 1437 ὅσων
230 1397 356 1435 σαυτὸν
386 1400 589 1448 ἀποστερεῖς
618 1397 747 1433 καλῶν.
777 1395 882 1434 Ἀλλὰ
913 1396 961 1445 μὴ
999 1396 1132 1447 γένοιτο

107 1464 231 1512 πεῖραν
250 1457 369 1496 λαέεῖν
385 1461 448 1504 τ’ῆς
466 1456 642 1499 κολάσεως
662 1455 795 1503 ἐκείνης
808 1485 818 1504 ,
841 1457 916 1494 ἀλλ’
940 1458 1129 1509 εὐαρεστή-

107 1535 234 1563 σαντας
248 1522 343 1569 ἡμᾶς
351 1521 402 1571 τῷ
421 1520 564 1571 Χριστῷ
577 1548 588 1567 ,
605 1521 673 1555 τῶν
692 1517 839 1555 αἰωνίων
854 1519 1029 1570 ἐπιτυχεῖν
1047 1521 1133 1569 ἀγα-

107 1583 188 1628 θῶν,
205 1579 327 1632 χάριτι
344 1578 404 1616 καὶ
420 1577 660 1631 φιλανθρωπίᾳ
675 1582 735 1616 τοῦ
751 1576 881 1630 Κυρίου
900 1581 999 1628 ἡμῶν
1017 1579 1134 1625 Ἰησοῦ

108 1641 278 1691 Χριστοῦ,
300 1641 374 1690 μεθ’
403 1633 442 1677 οῧ
461 1641 510 1691 τῷ
535 1638 652 1690 Πατρὶ
681 1642 703 1685 ἡ
736 1637 840 1686 δόξα,
871 1638 946 1689 ἅμα
966 1641 1016 1690 τῷ
1044 1639 1132 1692 ἁγίῳ

108 1700 290 1751 Πνεύματι
302 1728 312 1747 ,
330 1702 377 1744 εἷς
393 1699 472 1744 τοὺς
491 1702 618 1743 αἰῶνας
636 1701 704 1737 τῶν
725 1698 872 1737 αἰώνων.
890 1699 1011 1749 Ἀμήν.

155 1829 170 1853 b
190 1826 253 1861 Alii
267 1836 328 1868 τοῖς
343 1834 517 1876 ἀκηράτοις.

483 2081 662 2120 ΟΜΙΛΙΑ
692 2080 761 2119 w.

112 2201 296 2254 Ἀπεκρίθη
314 2202 449 2249 Ἰησοῦς
463 2203 522 2241 καὶ
537 2197 631 2242 εἶπεν
648 2206 735 2257 αὐτῇ
753 2221 760 2229 ·
779 2211 846 2249 πᾶς
861 2207 879 2244 ὁ
896 2204 1004 2242 πίνων
1022 2205 1061 2242 ἐκ
1074 2206 1134 2241 τοῦ

163 2262 287 2306 ὕδατος
301 2263 445 2311 τούτου,
467 2264 606 2317 διψήσει
629 2266 735 2304 πάλιν
747 2283 754 2290 ·
774 2266 808 2310 ὃς
828 2267 858 2304 δ’
879 2265 919 2304 ἂν
937 2265 1001 2318 πίῃ
1018 2266 1057 2303 ἐκ
1075 2269 1135 2302 τοῦ

165 2325 288 2368 ὕδατος
315 2318 353 2362 οὗ
381 2324 450 2376 ἐγὼ
471 2325 572 2363 δώσω
597 2328 712 2379 αὐτῷ,
733 2329 771 2365 οὐ
790 2327 838 2378 μὴ
857 2327 994 2379 διψήσει
1013 2328 1060 2370 εἷς
1078 2326 1134 2364 τὸν

165 2388 275 2424 αἰῶνα
287 2401 295 2408 ·
316 2386 406 2424 ἀλλὰ
424 2386 464 2425 τὸ
479 2386 590 2440 ὕδωρ,
607 2388 624 2428 ὃ
644 2388 745 2426 δώσω
761 2391 856 2441 αὐτῷ
870 2419 880 2437 ,
896 2388 1082 2440 γενήσεται
1103 2389 1137 2425 ἐν

164 2449 258 2499 αὐτῷ
282 2446 379 2499 πηγὴ
407 2447 548 2494 ὕδατος,
567 2449 586 2469 *
602 2449 779 2500 ἁλλομένη
808 2452 856 2494 εἷς
876 2449 965 2497 ζωὴν
987 2449 1137 2487 αἰώνιον.

132 2638 135 2639 ’
168 2632 240 2669 Τοῦ
260 2631 466 2681 Πνεύματος
481 2630 544 2677 τὴν
564 2629 704 2683 χοίρινή
726 2631 849 2683 Γραφὴ
871 2631 956 2670 ποτὲ
974 2631 1036 2681 μὲν
1053 2635 1135 2684 πῦρ,

112 2692 197 2731 ποτὲ
229 2690 264 2728 δὲ
289 2690 380 2742 ὕδωρ
412 2693 530 2740 καλεῖ,
561 2692 725 2729 δεικνῦσα
750 2691 804 2729 ὅτι
830 2694 892 2730 οὐκ
917 2691 1036 2735 οὐσίας
1061 2692 1136 2729 ἐστὶ

112 2756 223 2791 ταῦτα
236 2751 485 2804 παραστατικὰ
500 2751 542 2790 τὰ
556 2751 708 2802 ὀνόματα
718 2783 727 2800 ,
744 2754 820 2790 ἀλλ’
839 2752 1023 2804 ἐνεργείας.
1044 2752 1137 2790 Οὐδὲ

111 2813 178 2865 γὰρ
197 2814 236 2850 ἐκ
253 2813 424 2865 διαφόρων
441 2813 650 2858 συνέστηκεν
666 2814 791 2851 οὐσιῶν
806 2813 846 2851 τὸ
865 2815 1024 2864 Πνεῦμα,
1035 2812 1137 2865 ἀόρα-

111 2874 169 2912 τόν
189 2890 226 2912 τε
242 2874 301 2912 καὶ
320 2873 491 2924 μονοειδὲς
505 2874 554 2912 ὄν.
573 2874 650 2913 οΤὸ
669 2874 731 2925 μὲν
747 2869 804 2912 οὐν
819 2873 1008 2920 ὁἸωοίννης
1022 2876 1133 2922 δηλοῖ,

113 2935 203 2973 οὕτω
219 2934 331 2986 λέγων
347 2950 356 2958 ·
375 2935 488 2978 Αὐτὸς
502 2937 592 2986 ὑμᾶς
613 2935 777 2987 βαπτίσει
794 2937 828 2973 ἐν
847 2935 1032 2986 Πνεύματι
1048 2936 1136 2987 ἁγίῳ

112 2996 171 3034 καὶ
189 2996 291 3047 πυρί·
311 2996 350 3034 τὸ
374 2995 410 3033 δὲ
436 2999 454 3034 ὃ
485 2996 651 3049 Χριστὸς,
678 2997 840 3047 Ποταμοὶ
861 2998 900 3035 ἐκ
924 3000 986 3043 τῆς
1004 2996 1137 3040 κοιλίας

112 3059 217 3096 αὐτοῦ
241 3057 418 3109 ῥεύσουσιν
444 3057 567 3101 ὕδατος
594 3060 731 3102 ζῶντος.
751 3060 866 3096 Τοῦτο
894 3058 928 3096 δὲ
955 3052 1029 3096 εἶπε
1055 3058 1137 3110 περὶ

111 3122 172 3156 τοῦ
192 3118 419 3169 Πνεύματος,
439 3119 556 3170 φησὶν,
577 3114 614 3157 οἷ
635 3120 781 3170 ἔμελλον
800 3120 1007 3169 λαμὸάνειν.
1031 3119 1137 3157 Οὕτω

113 3180 171 3217 καὶ
187 3182 230 3231 τῇ
244 3179 380 3230 γυναικὶ
394 3179 409 3199 ‘¹
419 3180 682 3231 διαλεγόμενος,
695 3180 788 3232 ὕδωρ
805 3182 905 3218 καλεῖ
919 3180 958 3218 τὸ
977 3181 1136 3230 Πνεῦμα·

162 3304 177 3321 *
189 3303 304 3345 [Savil.
319 3311 352 3335 et
365 3303 474 3336 Codd.
491 3306 595 3337 nostri
606 3310 782 3349 ἁλλομένου.
797 3306 836 3338 V.
852 3318 873 3348 p
903 3307 976 3348 185,
992 3308 1016 3338 Β
1028 3315 1060 3339 et.
1071 3307 1126 3350 C.]

163 3365 176 3379 c
193 3354 255 3386 Alii
273 3359 326 3389 καὶ
339 3359 354 3390 ὁ
367 3360 424 3399 μὲν
438 3355 562 3396 imaum
578 3360 654 3393 οὕτω
671 3362 748 3401 λέγει
763 3363 849 3393 ὅτι...
869 3362 884 3392 ὁ
902 3361 931 3392 δὲ
949 3367 1082 3404 Χριστὸς.

169 3408 185 3431 ‘¹
206 3407 320 3440 Morel.
351 3411 572 3451 διαλεγόμενος,
602 3415 636 3445 τὸ
664 3414 735 3445 αὐτὸ
765 3414 841 3452 λέγει
867 3417 911 3444 νῦν
933 3422 938 3427 “
970 3416 998 3448 ὃς
1027 3415 1050 3445 δ’
1084 3420 1128 3445 νίκ-

1192 298 1270 336 ideo
1295 298 1531 336 immortalem
1553 298 1724 337 habemus
1739 298 1923 350 tammam,
1943 309 1983 339 ut
2011 302 2058 340 ad
2077 303 2175 341 illam

1192 358 1294 396 nobis
1310 359 1503 410 parandam
1530 359 1640 398 vitam
1659 360 1748 398 nihil
1769 374 1839 398 non
1863 375 2021 413 agamus.
2040 363 2079 401 Si
2098 364 2175 413 quis

1194 419 1390 457 sciscitetur
1401 420 1481 471 quis
1492 434 1577 458 usus
1591 420 1635 458 sit
1649 435 1833 472 equorum,
1844 423 2040 469 asinorum,
2051 423 2173 470 boum,

1193 481 1415 532 aliorumque
1430 482 1636 534 hujusmodi
1649 497 1830 535 pecorum,
1844 483 1984 521 nullum
1996 484 2108 521 alium
2122 484 2176 521 di-

1195 554 1313 579 cemus
1327 556 1435 592 quam
1458 542 1693 581 ministerium
1710 543 1745 581 in
1761 544 1926 595 praesenti
1948 544 2021 582 vita
2046 545 2177 596 praesti·

1193 612 1281 641 tum.
1297 605 1349 642 De
1366 604 1468 642 nobis
1486 618 1569 643 vero
1584 618 1652 643 non
1667 604 1752 643 item
1762 620 1774 656 5
1792 604 1852 643 sed
1863 605 1989 644 melior
2007 614 2117 644 status
2128 615 2179 645 est

1150 679 1173 709 Β
1194 675 1272 718 post
1285 665 1480 705 discessum
1497 681 1541 705 cx
1551 667 1618 705 hac
1634 667 1726 705 vita:
1743 667 1902 719 nihilque
1919 682 1987 706 non
2003 668 2179 720 agendum

1194 737 1268 776 est,
1283 737 1322 765 ut
1344 727 1394 765 ibi
1408 728 1572 766 clariores
1596 728 1708 767 simus
1726 739 1759 768 et
1783 743 1865 767 cum
1879 729 2014 780 angelis
2037 730 2182 768 choreas

1193 802 1353 839 agamus,
1365 798 1404 827 ut
1414 789 1502 840 Regi
1518 789 1696 829 adstemus
1705 800 1872 844 perpetuo
1885 800 1918 829 et
1933 791 1968 828 in
1983 791 2111 829 saecula
2127 792 2136 829 i
2142 806 2181 829 n-

1194 850 1307 888 finita.
1316 851 1399 888 Ideo
1412 865 1562 902 namque
1577 851 1787 891 immortalis
1798 861 1849 891 est
1864 852 1997 902 anima,
2009 861 2042 890 et
2055 866 2182 905 corpus

1195 910 1393 949 immortale
1404 911 1480 960 erit,
1496 920 1534 950 ut
1546 913 1725 965 perpetuis
1744 913 1903 950 fruamur
1917 912 2032 951 bonis.
2046 913 2083 951 Si
2099 927 2182 950 vero

1196 971 1289 1010 caelis
1308 971 1374 1010 tibi
1396 974 1599 1025 propositis,
1617 983 1717 1012 terrae
1732 974 1916 1023 inhaereas,
1938 974 2054 1026 cogita
2072 988 2185 1026 quan-

1196 1042 1269 1070 tam
1288 1033 1404 1071 datori
1434 1034 1684 1072 contumeliam
1703 1035 1841 1072 inferas.
1862 1034 1928 1072 Ille
1947 1048 2099 1086 superna
2117 1034 2184 1072 tibi

1198 1095 1323 1133 offert:
1344 1105 1383 1133 tu
1409 1110 1493 1136 vero
1524 1110 1593 1135 non
1613 1110 1740 1148 magna
1765 1096 1865 1135 illius
1887 1096 2007 1134 habita
2026 1096 2182 1143 ratione,

1199 1165 1328 1194 terram
1356 1157 1549 1209 anteponis.
1584 1157 1668 1195 Ideo
1698 1158 1892 1209 gehennam
1922 1158 2158 1195 comminatur
2174 1187 2183 1203 ‚

1200 1226 1321 1268 utpote
1339 1226 1546 1265 contemtus,
1568 1227 1607 1256 ut
1623 1218 1708 1255 hinc
1726 1218 1842 1256 discas
1856 1218 1997 1270 quantis
2018 1228 2049 1256 te
2066 1218 2185 1270 prives

1199 1277 1316 1315 bonis.
1335 1277 1406 1315 Sed
1424 1277 1517 1315 absit
1535 1278 1680 1316 utillud
1701 1279 1919 1330 supplicium
1941 1279 2167 1330 experiamur
2173 1292 2184 1326 3

1155 1344 1180 1375 C
1201 1352 1327 1377 verum
1347 1340 1466 1392 potius
1486 1341 1561 1378 Deo
1582 1340 1769 1392 placentes,
1778 1350 1907 1378 aeterna
1930 1354 2187 1390 consequamur

1202 1400 1309 1450 bona,
1341 1401 1453 1452 gratia
1482 1410 1516 1438 et
1543 1400 1759 1452 benignitate
1787 1401 1930 1439 Domini
1963 1401 2073 1439 nostri
2103 1402 2187 1439 Jesu

1206 1461 1360 1511 Christi,
1391 1461 1536 1511 quicum
1572 1461 1668 1499 Patri
1697 1461 1810 1512 gloria
1830 1491 1840 1510 ,
1870 1475 2010 1513 unaque
2035 1461 2188 1513 Spiritui

1205 1530 1337 1572 sancto,
1353 1521 1390 1560 in
1407 1522 1533 1560 saecula
1554 1522 1777 1561 saeculorum.
1797 1524 1921 1560 Amen.

1496 2080 1705 2118 HOMILIA
1740 2079 1899 2118 XXXII.

1159 2211 1185 2241 D
1206 2205 1268 2241 45.
1304 2203 1513 2256 Respondit
1541 2204 1654 2242 Jesus
1678 2211 1715 2240 et
1743 2204 1843 2240 dixit
1874 2206 1908 2241 ei
1932 2218 1942 2239 :
1967 2204 2099 2241 Omnis
2128 2206 2194 2255 qui

1262 2266 1355 2304 bibit
1384 2280 1431 2303 ex
1460 2266 1534 2303 hac
1560 2278 1678 2316 aqua,
1710 2266 1813 2302 sitiet
1839 2266 1977 2302 iterum
2002 2279 2012 2299 .·
2035 2264 2096 2300 14.
2128 2266 2194 2314 qui

1261 2333 1390 2364 autem
1412 2327 1549 2364 biberit
1569 2339 1616 2363 αι’
1636 2338 1755 2376 aqua,
1778 2338 1896 2375 quam
1921 2337 1989 2375 ego
2019 2324 2120 2360 dabo
2140 2326 2188 2368 ei,

1263 2400 1340 2425 non
1358 2390 1460 2425 sitiet
1478 2389 1519 2424 in
1536 2395 1719 2424 oeternum
1738 2400 1748 2420 :
1770 2385 1838 2423 sed
1855 2398 1959 2435 aqua
1978 2396 2096 2435 qztam
2125 2396 2192 2435 ego

1261 2449 1362 2486 dabo
1387 2449 1435 2494 ei,
1453 2447 1531 2499 fiet
1559 2448 1599 2482 in
1627 2459 1671 2483 eo
1687 2446 1787 2497 fons
1816 2458 1926 2496 aquae
1949 2444 2123 2482 salientis
2152 2446 2193 2480 in

1260 2510 1387 2545 vitam
1406 2515 1602 2544 (eternam.

1261 2632 1295 2667 1.
1325 2628 1478 2681 Spiritus
1507 2627 1658 2679 gratiam
1690 2626 1874 2679 Scriptura
1904 2626 2010 2665 modo
2041 2626 2159 2679 ignem
2181 2657 2191 2676 ‚
2267 2661 2394 2688 smnus

1207 2690 1312 2728 modo
1331 2703 1459 2740 aquam
1476 2688 1648 2740 appellat,
1669 2701 1739 2726 non
1758 2687 1974 2738 substantiae,
1991 2687 2051 2726 sed
2070 2702 2192 2740 opera-
2206 2702 2234 2729 in
2263 2674 2394 2739 Sclripm-

1206 2750 1294 2790 tioni
1324 2749 1522 2788 indicandae
1553 2748 1629 2786 haec
1663 2757 1746 2801 apta
1776 2748 1918 2787 nomina
1949 2763 2023 2787 esse
2047 2745 2245 2812 demon-(¹1¹3
2265 2745 2395 2811 ῧῑῑῑξυῧῖ’

1208 2821 1334 2850 strans.
1358 2812 1439 2849 Non
1469 2810 1563 2848 enim
1595 2824 1641 2848 ex
1663 2809 1814 2849 diversis
1832 2810 2040 2849 substantiis
2059 2821 2193 2850 constat
2208 2832 2254 2854 mr
2266 2796 2395 2864 ⁸3qu

1164 2879 1186 2909 f:
1208 2874 1364 2926 Spiritus
1377 2904 1386 2922 ‚
1401 2887 1483 2911 cum
1504 2872 1697 2912 invisibilis
1715 2881 1749 2910 et
1768 2873 1875 2911 unius
1894 2873 2029 2924 generis
2051 2875 2107 2912 sit.
2131 2874 2194 2911 Al-

1206 2944 1321 2973 terum
1349 2943 1442 2972 certe
1466 2935 1618 2974 Joannes
1653 2932 1841 2984 significat,
1870 2947 1951 2971 cum
1974 2933 2082 2972 dicit:
2107 2938 2194 2986 Ipse
2208 2952 2320 2980 Matth.
2338 2953 2367 2982 3,

1207 3010 1278 3035 vos
1296 2997 1512 3048 baptizabit
1530 2997 1572 3032 in
1592 2994 1737 3046 Spiritu
1761 3003 1896 3033 sancto
1915 3003 1952 3033 et
1975 2998 2063 3047 igne
2073 3010 2090 3043 ;
2106 2995 2215 3033 alte-1
2234 3004 2261 3023 1·

1207 3072 1288 3096 rum
1317 3071 1401 3097 vero
1427 3057 1614 3106 Christus,
1648 3057 1837 3095 Flumina
1870 3058 1918 3094 de
1947 3066 2082 3095 ventre
2109 3060 2190 3110 ejus
2203 3073 2381 3116 Joan.7.38

1193 3119 1328 3174 fluent
1346 3133 1459 3172 aqzcoe
1478 3122 1595 3157 vivae.
1612 3120 1698 3155 Hoc
1711 3127 1840 3156 autem
1860 3119 1959 3156 divit
1977 3119 2023 3156 de
2032 3119 2187 3169 Spiritu,
2205 3119 2245 3160 39

1208 3193 1321 3232 quem
1334 3182 1528 3231 accepturi
1543 3187 1668 3217 erant.
1687 3180 1740 3216 lta
1753 3187 1785 3216 et
1801 3177 1985 3215 mulierem
2001 3178 2193 3229 alloquens,

1195 3306 1295 3339 Paulo
1306 3314 1382 3350 post
1396 3306 1483 3339 idem
1499 3310 1655 3340 «camut
1671 3311 1698 3340 τί
1711 3309 1818 3345 δήποτε
1831 3308 1904 3339 οὕτω
1920 3310 1952 3339 τὸ
1965 3308 2079 3346 πνεῦμα
2091 3306 2163 3340 εἶπε.
2173 3331 2177 3338 .
2189 3327 2195 3336 .

1196 3365 1269 3396 ὥστε
1286 3366 1320 3396 τὸ
1336 3363 1435 3403 ‘dc-27...
1451 3363 1623 3400 αἰνίξασθαι-
