2481 3678
102 933 171 962 Luc.
200 932 245 962 15.

104 2633 217 2661 Matelz.
261 2653 269 2659 t
284 2654 289 2659 .

307 220 398 280 540
764 233 802 262 s.

303 327 494 367 expensam
509 313 702 366 opprobria
719 328 727 349 ι
746 313 775 350 si
794 312 940 350 obolum
957 311 1030 360 des,
1047 310 1077 348 si
1096 323 1238 362 panem,
1257 308 1286 347 si

303 376 449 413 calicem
478 389 577 426 aquae
595 373 735 426 frigidae
749 404 758 421 ‚
777 373 889 410 multa
908 371 973 409 tibi
1000 371 1113 423 gratia
1133 369 1286 407 habebi-

303 445 382 484 tur,
414 435 576 485 nihilque
605 444 638 472 te
665 447 815 471 moerore
841 432 1008 469 doloreve
1039 430 1195 480 asticiet5
1226 429 1287 467 sed

302 510 420 534 omnia
453 505 485 533 tc
515 496 670 532 liberum
700 493 964 545 gloriosumque
990 490 1166 536 reddent,
1191 499 1224 527 et
1242 490 1287 527 ab

302 556 399 594 omni
419 565 452 594 te
474 555 698 608 turpitudine
716 554 928 591 liberabunt.
944 552 1061 598 Quam
1076 565 1158 603 ergo
1180 565 1286 589 excu-

302 618 472 655 sationem
498 616 728 664 habebimus,
749 628 856 665 quam
877 613 1032 661 veniam,
1054 613 1116 664 qui
1138 613 1214 650 haec
1234 626 1288 649 re-

300 678 510 728 linquimus,
538 677 722 715 contrariis
746 690 808 713 nos
827 675 954 713 damus
968 705 978 724 ,
1000 684 1033 713 et
1052 675 1087 712 in
1109 674 1288 712 caminum

302 739 396 790 ignis
417 738 571 776 ardentis
587 752 648 775 nos
668 746 790 790 sponte
809 736 1045 788 conjicimus?
1067 737 1187 783 Quare
1204 735 1287 772 hor-

303 809 359 837 tor
382 814 440 837 eos
465 799 525 851 qui
544 799 612 837 hoc
633 799 757 837 morbo
782 798 959 846 laborant,
983 806 1022 834 ut
1054 796 1285 848 resipiscant,

303 869 337 898 et
355 860 401 898 ad
419 860 604 899 sanitatem
623 860 779 906 redeant,
801 873 863 896 nec
883 858 918 895 in
939 857 1218 910 desperationem
1234 855 1288 893 in-

304 922 435 960 cidant.
455 924 547 960 Nam
567 932 600 960 et
627 922 687 959 ille
706 921 803 959 filius
821 920 877 957 his
903 920 1006 971 longe
1026 919 1189 970 graviora
1209 931 1288 970 pas-

303 997 363 1022 sus
387 993 464 1033 est3
487 983 548 1021 scd
576 983 659 1033 quia
685 982 732 1019 ad
755 991 936 1033 paternam
959 980 1107 1017 domum
1127 992 1289 1016 reversus

301 1053 364 1093 est,
378 1053 411 1081 et
430 1044 476 1081 ad
491 1044 684 1095 pristinum
702 1045 885 1079 restitutus
905 1041 1075 1077 honorem
1094 1047 1159 1087 est,
1179 1047 1212 1076 et
1226 1038 1288 1075 illo

300 1106 360 1155 qui
392 1119 530 1157 semper
560 1105 669 1156 probe
688 1118 724 1141 se
751 1111 925 1153 gesserat,
946 1101 1075 1139 clarior
1104 1099 1284 1152 apparuit.

300 1165 405 1202 Hune
424 1175 456 1203 et
476 1180 539 1202 nos
559 1164 762 1213 imitemur3
781 1172 813 1200 et
838 1162 885 1200 ad
902 1163 1042 1200 Patrem
1069 1159 1201 1198 reversi
1228 1160 1287 1198 vel

297 1240 374 1264 sero
395 1227 548 1277 tandem,
571 1227 617 1264 ab
644 1226 705 1263 illa
726 1225 932 1277 captivitate
949 1223 1167 1270 resiliamus,
1189 1230 1223 1259 et
1247 1221 1284 1258 in

296 1287 498 1326 libertatem
526 1303 589 1326 nos
618 1287 880 1333 transferamus,
910 1294 950 1322 ut
976 1297 1083 1335 regno
1117 1283 1285 1321 caelorum

297 1348 469 1399 fruamur,
491 1349 603 1400 gratia
619 1358 652 1386 et
672 1346 888 1398 benignitate
908 1345 1053 1384 Domini
1074 1344 1185 1383 nostri
1201 1345 1284 1383 Jesu

299 1411 446 1461 Christi,
463 1411 606 1463 quicum
621 1410 716 1447 Patri
737 1408 860 1460 gloria,
879 1422 1017 1458 unaque
1031 1406 1183 1460 Spiritui
1205 1419 1284 1444 san-

297 1482 365 1522 cto,
385 1472 421 1510 in
439 1473 567 1511 saecula
580 1471 803 1510 saeculorum.
819 1471 941 1507 Amen.

840 230 1022 262 JOANNIS

340 1841 354 1856 ὃ
379 1829 479 1863 Savil.
499 1836 595 1871 putat
615 1827 789 1871 legendum
807 1831 854 1861 ἐπὶ
882 1834 923 1869 τῷ
950 1840 980 1859 σε
985 1824 1072 1866 .[In
1090 1820 1302 1866 sequentibus

297 1881 449 1925 eumdem
466 1880 566 1914 ὃωίΙ.
592 1880 719 1922 sequuti
746 1889 868 1910 sumus.
887 1875 1075 1919 Legebatur
1096 1879 1177 1909 ἀλλὰ
1203 1880 1302 1910 πάντα

296 1939 370 1968 ὥστε
392 1937 603 1974 ἀπαλλαγῆναι
624 1936 673 1964 καὶ
696 1945 743 1965 πο
748 1937 814 1968 ἧσαι
836 1932 959 1969 ἔνδοξον,
975 1938 1035 1960 nec
1057 1926 1151 1958 aliter
1177 1924 1303 1958 habent

1056 227 1298 259 CHRYSOST.
1336 228 1538 259 ARcfflEP.
1578 227 1934 259 CONSTANTINOP-

1358 309 1580 360 Πνεύματος,
1596 308 1716 360 ἀγάπη
1728 338 1737 355 ,
1751 308 1847 361 χαρὰ
1859 337 1868 354 ,
1882 307 2013 362 εἰρήνη.
2029 308 2196 359 Οὖδαμοῦ
2214 308 2377 360 πόλεμος,

1358 370 1438 409 οὐδὲ
1457 370 1650 423 χρημάτων
1682 371 1824 422 ἄκαιρος
1852 370 2010 416 δαπάνη,
2042 369 2119 407 οὐδὲ
2149 369 2261 417 ὀνείδη
2291 370 2379 421 μετὰ

1359 431 1532 477 δαπάνης·
1561 430 1625 468 κᾶν
1653 430 1773 469 ὂὸολὸν
1795 431 1879 482 δῷς,
1908 429 1972 468 κᾶν
1994 430 2109 482 ἄρτον,
2127 429 2191 468 κᾶν
2211 430 2378 482 ποτήριον

1358 493 1524 543 ψυχροῧν,
1552 490 1683 537 πολλήν
1706 506 1759 529 σοι
1792 490 1854 537 τὴν
1874 491 1976 545 χάριν
2011 491 2157 537 εἴσεται,
2190 491 2250 529 καὶ
2283 490 2378 528 οὐδὲν

1356 553 1434 590 ὃὲπὶ
1454 552 1493 591 τό
1518 568 1556 591 σε
1576 552 1705 597 δακεῖν,
1737 550 1796 589 καὶ
1827 553 1983 597 λυπῆσαι
2008 558 2116 598 ποιεῖ,
2146 552 2236 590 ἀλλὰ
2264 551 2379 590 πάντα

1357 613 1447 651 ὥστε
1461 613 1607 660 ποιῆσαί
1621 629 1658 651 σε
1674 611 1817 659 ἔνδοξον,
1832 612 1892 650 καὶ
1910 612 2025 660 πάσης
2042 612 2240 656 ἀπαλλάξαι
2260 612 2382 664 αἷσχύ-
2421 617 2425 620 “

1356 690 1429 721 νης.
1460 674 1550 712 Τίνα
1571 668 1629 712 οἶν
1648 673 1767 724 ἕξομεν
1798 673 1999 723 ἀπολογίαν,
2028 673 2130 712 ποίαν
2157 673 2379 724 συγγνώμην,

1356 738 1468 772 ταῦτα
1499 734 1560 786 μὲν
1588 734 1742 788 ἀφιέντες
1755 764 1764 781 ,
1785 738 1856 776 τοῖς
1883 733 1918 770 δὲ
1939 733 2104 777 ἐναντίοις
2125 733 2265 777 ἑαυτοὺς
2284 735 2379 771 ἐκδι-

1359 796 1472 840 δόντες
1487 825 1496 842 ,
1515 797 1574 834 καὶ
1594 799 1641 840 εἷς
1660 795 1721 843 τὴν
1741 799 1800 833 τοῦ
1819 795 1924 848 πυρὸς
1944 795 2088 846 κάμινον
2108 795 2170 841 τὴν
2192 795 2378 845 καιομένην

1359 857 1493 901 ἑκόντες
1510 857 1650 901 ἑαυτοὺς
1663 856 1678 877 ¹³
1691 857 1939 904 ἐκδάλλοντες,
1958 857 2021 894 Διὸ
2033 858 2227 908 παρακαλῶ
2243 855 2320 900 τοὺς
2335 852 2380 894 τὰ

1359 923 1502 956 τοιαῦτα
1530 923 1710 961 νοσοῦντας
1736 917 1998 964 ἀνακτήσασθαι
2021 916 2177 963 ἑαυτοὺς,
2208 917 2267 955 καὶ
2296 917 2380 969 πρὸς

1358 978 1421 1025 τὴν
1441 979 1556 1030 ὑγείαν
1577 982 1821 1030 ἐπαναγαγεῖν,
1850 979 1937 1029 μηδὲ
1955 979 2091 1031 ἀφιέναι
2115 981 2162 1021 εἰς
2182 978 2379 1029 ἀπόγνωσιν

1359 1042 1532 1090 ἐμπεσεῖν.
1549 1040 1652 1078 Ἐπεὶ
1667 1040 1726 1078 καὶ
1744 1043 1761 1077 ὁ
1779 1040 1849 1083 υἱὸς
1870 1044 1995 1084 ἐκεῖνος
2013 1042 2132 1092 πολλῷ
2148 1039 2380 1093 χαλεπώτερα

1357 1100 1486 1139 τούτων
1506 1100 1647 1138 ἔπαθεψ
1672 1102 1748 1138 ἀλλ’
1768 1101 1887 1147 ἐπειδὴ
1911 1102 1996 1153 πρὸς
2019 1102 2077 1139 τὸν
2094 1095 2185 1139 οἶκον
2206 1102 2380 1147 ἐπανῆλθε

1357 1160 1413 1198 τὸν
1433 1163 1608 1214 πατρῷον,
1640 1160 1699 1197 καὶ
1726 1160 1783 1198 ἐπὶ
1807 1163 1869 1205 τ’ῆς
1896 1160 2067 1212 προτέρας
2100 1161 2235 1212 ἐγένετο
2254 1164 2378 1212 τιμῆς,

1356 1221 1416 1259 καὶ
1444 1225 1503 1258 τοῦ
1529 1221 1714 1263 διαπαντὸς
1740 1220 2030 1271 εὐδοκιμήσαντος
2056 1221 2163 1272 ἐφάνη
2183 1221 2381 1274 λαμπρότε-

1359 1299 1426 1334 ρος.
1451 1283 1581 1320 Τοῦτον
1599 1281 1657 1319 καὶ
1677 1285 1779 1333 ἡμεῖς
1799 1280 2024 1332 ζηλώσωμεν,
2046 1282 2104 1320 καὶ
2121 1283 2206 1335 πρὸς
2221 1283 2278 1321 τὸν
2300 1284 2379 1320 Πα-

1355 1343 1440 1395 τέρα
1461 1341 1714 1390 ἐπανελθόντες,
1744 1341 1805 1393 ὀψὲ
1834 1346 1913 1393 γοῦν
1939 1359 2023 1381 ποτε
2054 1345 2116 1389 τῆς
2136 1343 2381 1395 αἰχμαλωσίας

1357 1407 1564 1454 ἀποστῶμεν
1581 1403 1730 1451 ἐκείνης,
1753 1404 1812 1441 καὶ
1835 1404 1919 1457 πρὸς
1941 1404 2003 1450 τὴν
2025 1405 2217 1458 ἐλευθερίαν
2239 1404 2382 1449 ἑαυτοὺς

1357 1465 1624 1516 μεταγάγωμεν,
1653 1465 1707 1502 ι’να
1735 1465 1795 1502 καὶ
1823 1469 1885 1512 τῆς
1914 1466 2092 1517 βασιλείας
2125 1470 2194 1504 τῶν
2227 1468 2379 1519 ουρανῶν

1356 1525 1624 1575 ἀπολαύσωμεν,
1647 1525 1768 1577 χάριτι
1801 1526 1860 1563 και
1889 1527 2132 1580 φιλανθρωπία
2153 1531 2213 1566 τοῦ
2251 1527 2379 1578 Κυρίου

1355 1589 1456 1638 ἡυῶν
1485 1585 1601 1632 Ἰπσου
1627 1587 1800 1638 Χριστου,
1835 1589 1910 1638 μεθ’
1943 1591 1980 1626 οὑ
2015 1590 2064 1625 τῶ
2095 1588 2210 1640 Πατρι
2237 1592 2258 1634 ἡ
2281 1587 2380 1635 δόξα,

1356 1647 1431 1698 ἅμα
1446 1662 1496 1698 τῳ
1513 1646 1601 1699 ἁγίῳ
1629 1645 1831 1698 Πνεύματι,
1849 1649 1895 1691 εἷς
1909 1664 1986 1692 τους
2006 1651 2134 1693 αἰῶνας
2149 1652 2217 1687 τῶν
2233 1647 2378 1686 αἰώνων.

1356 1707 1478 1760 Ἀμήν.

1367 1821 1477 1856 Codd.
1494 1820 1630 1865 nosti-L]

1411 1875 1426 1898 ¹³
1451 1875 1670 1918 [ἐμβάλλοντες
1685 1872 1793 1907 Codd.
1813 1874 1918 1906 nostri
1933 1900 1940 1913 ‚
1958 1874 2103 1917 melius]

591 2183 800 2223 HOMILIA
829 2181 984 2221 LXXX.

302 2311 390 2347 cip.
414 2307 536 2347 XVII.
557 2321 593 2345 v.
616 2308 651 2344 1.
675 2307 771 2342 Iloec
792 2305 973 2355 loquutus
1002 2309 1057 2339 est
1085 2301 1222 2346 Jews,
1251 2308 1287 2336 et

354 2371 564 2408 sublevatis
595 2368 717 2405 oculis
742 2369 783 2403 in
814 2366 965 2411 caelum,
998 2365 1122 2400 dia-it.-
1150 2363 1284 2407 Pater,

354 2437 464 2473 venit
493 2435 611 2479 hora,
642 2430 820 2482 clarifica
847 2429 996 2466 Filium
1032 2435 1138 2464 tuum
1156 2454 1168 2472 ,
1192 2432 1233 2462 ut
1252 2431 1288 2461 et

356 2498 394 2533 F
394 2496 482 2532 ilius
499 2503 585 2532 tuus
604 2491 793 2543 clarificet
814 2498 862 2527 te.

360 2621 394 2655 t.
428 2618 503 2668 Qui
525 2616 671 2669 fecerit
692 2622 728 2651 et
754 2613 942 2657 docuerit,
965 2608 1104 2659 inquit,
1122 2609 1186 2646 hic
1207 2620 1288 2644 ma-

304 2692 401 2731 gnus
429 2679 634 2715 vocabitur
662 2678 703 2712 in
729 2687 846 2725 regno
877 2672 1076 2715 coelorum‚·
1100 2678 1133 2707 et
1163 2667 1288 2705 merito

304 2752 396 2776 sane.
417 2737 546 2777 Ve1bis
572 2735 666 2773 enim
685 2731 929 2786 philosophari
957 2730 1061 2768 facile
1091 2738 1142 2767 est
1153 2741 1289 2780 fopeia

304 2810 422 2839 autem
452 2799 641 2846 exhibere,
672 2796 772 2835 fortis
802 2804 835 2833 et
866 2793 987 2845 magni
1015 2791 1137 2830 animi.
1171 2791 1290 2837 Quare

306 2859 470 2898 Christus
491 2858 534 2895 de
561 2856 731 2909 patientia
753 2855 860 2894 verba
888 2854 1042 2902 faciens,
1066 2852 1222 2904 seipsum
1252 2851 1288 2888 in

305 2919 422 2958 medio
454 2918 638 2970 proponit,
671 2917 799 2969 jubens
830 2915 913 2953 inde
943 2914 1105 2966 exempla
1137 2925 1286 2950 sumere.

304 2981 389 3020 Ideo
409 2979 594 3032 posthanc
619 2977 895 3015 admonitionem
918 2976 952 3013 in
971 2989 1090 3027 preces
1116 2972 1288 3011 converti-

303 3052 373 3088 tur,
395 3042 564 3090 docetque
584 3053 664 3087 nos,
686 3039 720 3075 in
753 3037 1004 3075 tentationibus
1036 3035 1154 3073 omnia
1180 3034 1286 3072 relin-

303 3102 440 3153 quenda
461 3110 494 3138 et
512 3100 558 3137 ad
577 3101 690 3136 Deum
709 3096 982 3147 confugiendum
997 3111 1080 3134 esse.
1096 3098 1286 3145 Postquam

302 3165 396 3203 enim
412 3164 521 3209 dixit,
538 3164 586 3199 In
603 3161 745 3198 mundo
765 3160 1054 3196 ινμίῖηιίαιιοηειη
1077 3159 1281 3203 habebitis,

301 3226 516 3275 illorumque
537 3222 671 3259 animos
693 3218 896 3265 concitavit,
913 3232 974 3269 per
990 3218 1183 3255 orationem
1205 3231 1284 3254 tur-

1742 2178 1921 2214 ΟΜΙΛΙΑ
1949 2174 1998 2214 π’.

1356 2302 1479 2338 Ταῦτα
1500 2300 1665 2346 ἐλάλησεν
1691 2302 1708 2337 ὃ
1731 2299 1882 2347 Ἰησοῦς,
1910 2300 1970 2337 καὶ
1999 2301 2106 2352 ἕπηρε
2126 2300 2203 2343 τους
2226 2301 2377 2351 ῧόφθαλ-

1412 2376 1495 2411 μους
1512 2362 1614 2398 αὐτου
1635 2362 1681 2403 εἷς
1702 2360 1759 2398 τὸν
1785 2360 1939 2412 οὐρανὸν,
1965 2376 2025 2397 και
2040 2376 2064 2397 ε·
2061 2376 2132 2398 πε·
2150 2360 2284 2412 Πάτερ,
2302 2360 2378 2406 ἕλκ’-

1408 2422 1547 2467 λυΟενὴ
1531 2419 1659 2473 ηόρα,
1680 2420 1820 2464 δόξασόν
1841 2436 1901 2458 σου
1918 2421 1975 2458 τὸν
1998 2420 2053 2457 Υ
2033 2436 2093 2468 ιον,
2114 2422 2170 2458 ι’να
2190 2421 2279 2458 καιὸ
2297 2421 2378 2465 ὶὶός

1411 2497 1470 2520 σου
1487 2481 1611 2534 δοςάσῃ
1634 2499 1683 2521 σε.

1411 2604 1455 2643 ‘O
1475 2604 1625 2651 ποιήσας
1649 2604 1708 2642 καὶ
1730 2603 1884 2652 διδάξας,
1910 2604 2028 2657 φησὶν,
2053 2599 2148 2649 οἶτος
2169 2605 2276 2657 με’γας
2292 2608 2377 2652 κλη-

1357 2666 1500 2712 θήσεται
1515 2669 1548 2704 ἐν
1569 2669 1611 2716 τῇ
1635 2665 1795 2718 βασιλείᾳ
1813 2667 1881 2703 τῶν
1902 2669 2051 2719 οὐρανῶν
2068 2682 2075 2689 ·
2096 2666 2154 2704 καὶ
2181 2667 2275 2717 μάλα
2291 2668 2378 2705 εἷκό·

1356 2743 1433 2772 τως.
1455 2728 1507 2766 Τὸ
1533 2727 1594 2778 μὲν
1620 2726 1687 2780 γὰρ
1709 2726 1766 2764 διὰ
1790 2726 1956 2777 ῥημάτων
1977 2728 2185 2779 φιλοσοφεῖν,
2219 2726 2376 2766 εὔκολον·

1356 2792 1377 2835 ἡ
1396 2788 1430 2827 δὲ
1451 2789 1505 2826 διὰ
1526 2791 1594 2826 τῶν
1615 2787 1723 2839 ἔργων
1740 2786 1919 2834 ἐπίδειξις,
1934 2787 2089 2837 γενναίου
2114 2787 2205 2831 τινὸς
2232 2789 2292 2826 καὶ
2319 2805 2378 2839 με·

1355 2849 1474 2900 γάλου.
1495 2848 1558 2886 Διὸ
1578 2848 1636 2885 καὶ
1652 2851 1669 2885 ὃ
1687 2848 1834 2900 Χριστὸς
1866 2847 1946 2899 περὶ
1974 2847 2192 2891 ἀνεξικακίας
2225 2848 2378 2900 διαλεγό-

1356 2926 1474 2960 μενος,
1499 2909 1601 2960 μέσον
1618 2908 1739 2946 ἑαυτὸν
1753 2907 1959 2959 προτίθησι,
1975 2908 2123 2946 κελεύων
2140 2911 2267 2947 ἐκεῖθεν
2287 2911 2377 2960 λαμ-

1355 2972 1470 3010 ῧάνειν
1491 2969 1534 3007 τὰ
1553 2967 1805 3019 ὑποδείγματα.
1826 2967 1894 3005 Διὰ
1917 2972 2017 3006 τοῦτο
2037 2968 2094 3006 καὶ
2115 2967 2203 3019 μετὰ
2229 2969 2291 3015 τὴν
2311 2985 2378 3007 πα-

1357 3032 1503 3087 ραίνεσιν
1526 3030 1654 3075 ταύτην
1676 3029 1732 3066 ἐπὶ
1759 3028 1863 3080 εὐχὴν
1886 3028 2068 3081 τρέπεται,
2093 3029 2264 3068 παιδεύων
2285 3034 2378 3080 ἡμᾶς

1353 3097 1387 3133 ἐν
1405 3099 1474 3136 τοῖς
1491 3096 1697 3143 πειρασμοῖς
1715 3089 1829 3127 πάντα
1847 3089 1993 3141 ἀφέντας
2013 3090 2069 3128 ἐπὶ
2088 3091 2145 3128 τὸν
2165 3090 2253 3128 Θεὸν
2271 3106 2378 3128 κατα-

1353 3154 1501 3230 φεύγειν.
1531 3150 1676 3197 Ἐπειδὴ
1707 3151 1773 3203 γὰρ
1805 3144 1911 3198 εἶπεν,
1943 3151 2004 3188 'liv
2033 3153 2083 3202 τῷ
2111 3151 2232 3201 κόσμῳ
2263 3150 2378 3202 θλίψιν

1353 3214 1466 3261 ε’,ξετε
1483 3212 1542 3250 καὶ
1558 3210 1755 3251 κατέσεισεν
1770 3212 1880 3248 αὐτῶν
1894 3210 1956 3253 τὰς
1970 3210 2084 3263 ψυχὰς
2096 3241 2106 3257 ,
2122 3211 2178 3248 διὰ
2195 3213 2256 3256 τῆς
2273 3213 2378 3262 εὐχῆς

301 3302 379 3325 suin
402 3287 517 3337 erigit
536 3285 645 3322 tuum
667 3283 760 3320 enim
788 3281 907 3320 adhuc
931 3295 994 3332 pro
1016 3279 1160 3318 homine
1178 3279 1281 3317 habe-
1308 3287 1331 3318 E
1354 3275 1514 3321 ἀνίστησι
1543 3273 1659 3312 πάλιν.
1688 3272 1749 3316 Ὡς
1776 3271 1843 3324 γὰρ
1873 3271 2044 3324 ἀνθρώπῳ
2064 3272 2149 3316 τέως
2178 3277 2374 3324 προσεῖχον,

343 3415 354 3426 2·
382 3402 439 3433 Alii
459 3403 625 3447 ὀφθαλμοὺς
643 3405 678 3437 εἰς
702 3406 763 3432 τόν.
