2481 3678
311 209 370 254 G).
776 229 813 257 S.

311 306 442 343 vertice
459 307 627 345 sublimes
646 309 747 346 nobis
765 319 1021 361 apparuerunt.
1040 310 1085 347 Id
1104 324 1188 348 vero
1208 323 1295 360 quo-

312 367 417 405 modo
444 378 478 406 et
504 369 599 407 unde
616 370 757 407 evenit?
775 370 869 407 Audi
899 371 1052 408 Paulum
1080 379 1295 408 narrantem.
1319 382 1341 411 Ε

311 426 440 464 Beatus
457 427 588 479 qnippe
600 428 671 473 ille,
685 428 773 466 dum
788 429 862 466 haec
879 428 1068 479 diligenter
1085 429 1293 479 inquireret,

311 501 379 525 non
395 488 545 526 cessavit
563 488 674 526 donec
692 503 834 526 causam
852 489 1053 535 invenisset,
1074 498 1112 526 ut
1130 489 1295 527 omnibus

310 551 472 602 aperiret.
493 552 665 597 Quaenam
689 552 750 589 illa
778 561 840 601 est,
866 561 898 590 et
926 552 1020 590 unde
1040 561 1134 589 tanta
1158 552 1295 590 caecitas

311 613 397 664 ipsis
423 614 637 651 obvenerat?
655 613 750 651 Audi
780 614 885 651 illum
902 614 959 651 cui
974 614 1041 651 hoc
1057 613 1293 652 ministerium

310 673 487 711 creditum
508 674 633 711 fuerat.
652 674 751 720 Quid
764 688 847 725 ergo
861 673 962 721 dicit,
980 683 1018 711 ut
1034 673 1294 713 dubitationem
1319 687 1341 715 Α

851 229 961 258 ,ΙΟΑΝ
970 229 1035 259 NIS
1071 229 1151 259 cun
1160 228 1294 258 YSOST
1303 248 1311 257 .

113 736 197 764 Rom.
215 735 295 765 1035.
312 732 508 769 multorum
533 733 670 770 solvat?
690 736 916 785 Ignorantes
940 735 1129 785 justitiam
1149 736 1239 781 Dei,
1259 744 1293 772 et

308 802 520 844 (lucet-entes
529 797 724 844 propriam
735 795 928 846 justiliam
943 804 1123 844 statuere,
1135 798 1294 847 justitiae

310 854 385 891 Dei
406 868 484 892 non
505 863 593 893 sunt
617 857 788 907 subjecti.
811 856 1001 908 Propterea
1026 870 1110 907 ergo
1135 855 1174 894 id
1199 856 1293 909 passi

309 925 401 953 sunt.
431 918 481 954 Ac
508 930 631 955 rulsus
661 917 818 970 idipsum
842 917 944 955 aliter
967 918 1151 970 explicans
1174 919 1290 957 dicit.

112 984 156 1011 R
151 985 293 1021 ”1030
314 979 418 1027 Quid
454 993 541 1032 ergo
571 981 764 1018 dicemus?
801 982 913 1031 Quod
940 990 1070 1032 gentes
1100 996 1186 1033 qztae
1217 996 1293 1019 non

110 1025 186 1053 -32

308 1043 557 1080 sectabantur
580 1044 782 1094 justitiam,
816 1044 1150 1094 apprehenderunt
1179 1045 1292 1095 justi-

309 1105 437 1142 tiam,-
431 1106 642 1154 -Ῐιιείίείαιη
662 1112 789 1142 autem
807 1119 892 1155 quse
915 1118 961 1141 ez
977 1104 1065 1155 fide
1084 1113 1151 1142 est.
1171 1105 1294 1142 Israe'l

306 1178 400 1202 vero
418 1166 600 1203 sectando
617 1166 736 1217 legem
746 1167 921 1216 justinae,
937 1167 979 1201 in
997 1165 1060 1216 leg
1038 1179 1117 1202 ‘rem
1131 1167 1293 1215 justitiae

307 1239 384 1261 non
398 1228 581 1275 pervenit.
605 1226 679 1262 Die
696 1240 774 1276 qna
793 1226 840 1261 de
857 1238 990 1261 causa.
987 1229 1000 1251 ³
1022 1226 1123 1274 Quia
1144 1238 1222 1261 non
1245 1238 1292 1262 ex

300 1285 380 1333 fide
399 1301 408 1320 :
428 1287 663 1337 impegerunt
679 1287 782 1322 enim
798 1287 838 1321 ἱη
854 1285 1022 1335 lapidem
1039 1285 1291 1337 offensionis;

304 1344 370 1381 hoe
404 1354 467 1393 est,
493 1345 723 1383 incredulitas
751 1345 824 1383 illis
852 1359 957 1382 eausa
983 1345 1160 1382 malorum
1191 1345 1289 1382 fuit:

303 1405 393 1443 hanc
407 1420 491 1444 vero
504 1406 642 1458 peperit
655 1406 867 1457 arrogantia.
880 1406 974 1452 Quia
987 1405 1081 1443 enim
1095 1415 1195 1443 antea
1208 1406 1290 1458 plus

304 1480 411 1516 quam
428 1467 574 1518 gentiles
597 1468 778 1516 hahentes,
797 1467 893 1518 quod
912 1481 1036 1519 nempe
1054 1467 1168 1518 legem
1190 1481 1287 1506 acce·
1312 1474 1334 1503 B

306 1530 449 1580 pissent‚
466 1532 583 1568 Deum
599 1540 751 1579 nossent,
768 1540 801 1568 et
819 1530 888 1567 alia
912 1544 989 1580 quae
1006 1530 1138 1567 Paulus
1156 1544 1287 1569 memo-

303 1601 369 1639 rat,
388 1602 467 1643 post
485 1592 618 1630 Christi
649 1592 843 1630 adventum
869 1591 1016 1643 gentiles
1037 1591 1209 1629 viderunt
1224 1607 1288 1644 per

301 1652 411 1690 fidem
433 1668 514 1691 eum
539 1653 617 1705 pari
646 1668 766 1691 secum
792 1654 925 1691 honore
951 1662 1108 1701 vocatos,
1136 1667 1177 1690 ac
1209 1664 1288 1705 post

302 1714 410 1751 fidem
427 1715 518 1752 nihil
536 1716 619 1767 plus
634 1715 764 1753 habere.
778 1729 860 1753 eum
876 1714 939 1765 qui
958 1729 1002 1752 ex
1017 1714 1286 1754 circumcisione

300 1787 401 1825 esset,
426 1792 533 1828 quam
557 1791 638 1815 eum
655 1778 716 1828 qui
739 1791 784 1815 ex
808 1776 970 1828 gentibus
1000 1777 1218 1814 accessisset:
1240 1791 1285 1815 ex

298 1839 465 1890 superbia
484 1839 519 1876 in
538 1839 713 1877 invidiam
730 1838 866 1890 delapsi
883 1847 978 1882 sunt,
994 1847 1098 1888 atque
1120 1838 1285 1876 ineffabi-

299 1899 368 1936 lem
405 1899 506 1936 illam
538 1899 817 1949 immensamque
850 1898 995 1936 Domini
1029 1898 1284 1950 benignitatem

299 1973 366 1996 non
390 1960 548 1998 tulerunt
570 1976 576 1996 :
596 1960 693 2010 quod
711 1974 779 1998 non
796 1959 942 1997 aliunde
970 1960 1152 2011 processit,
1176 1974 1283 2011 quam

298 2035 340 2059 ex
360 2022 574 2074 arrogantia,
591 2022 751 2072 nequitia
771 2031 806 2059 et
824 2021 918 2060 odio.

351 2206 386 2241 2.
407 2204 507 2249 Quid
523 2204 631 2251 enim,
648 2205 809 2242 omnium
833 2204 1046 2251 stultissimi,
1065 2204 1127 2241 illa
1144 2204 1179 2242 in
1194 2203 1282 2242 alios
1304 2214 1327 2245 C

297 2264 406 2301 effusa
425 2264 651 2316 providentia
674 2265 776 2304 vobis
800 2265 921 2303 damni
946 2266 1073 2303 affert?
1087 2279 1172 2303 num
1190 2265 1282 2303 bona

296 2334 415 2363 vestra
434 2340 477 2363 ex
494 2326 647 2364 aliorum
659 2327 834 2364 consortio
854 2326 1127 2365 minuebantur?
1145 2328 1283 2366 Verum

296 2400 385 2423 caeca
403 2387 560 2438 profecto
579 2387 716 2424 malitia
734 2397 796 2437 est,
817 2402 896 2438 quae
915 2384 1004 2438 qnid
1021 2387 1143 2425 deceat
1166 2386 1282 2439 perci-

296 2461 377 2498 pere
392 2448 524 2498 nequit.
543 2447 751 2485 Exulcerati
766 2463 849 2500 ergo
866 2448 963 2499 quod
980 2449 1015 2485 in
1033 2447 1157 2486 eadem
1174 2447 1281 2486 libcr-

298 2519 365 2547 tate
378 2520 552 2548 consortes
567 2511 733 2549 haberent
743 2544 752 2559 ,
770 2511 805 2549 in
822 2526 857 2549 se
871 2512 1032 2561 gladium
1046 2511 1279 2563 impulerunt,

296 2585 401 2621 seque
423 2586 441 2608 a
457 2571 578 2609 divina
596 2573 815 2624 benignitate
831 2574 1008 2625 ejecerunt
1020 2588 1031 2623 3
1055 2583 1088 2610 et
1101 2573 1184 2624 jure
1201 2572 1282 2623 qui-

98 2649 210 2676 snam„
232 2659 280 2678 20,
297 2631 390 2670 dem.
407 2633 499 2670 Nam
511 2632 559 2670 ait
577 2649 584 2669 ε
603 2634 756 2682 Amice,
775 2637 970 2688 nonfacio
985 2638 1053 2673 tibi
1068 2637 1252 2687 injuriam
1269 2651 1280 2671 .-

102 2689 146 2716 13.
172 2692 217 2728 14.

298 2693 392 2730 volo
409 2703 538 2731 autem
555 2703 592 2732 et
607 2696 665 2732 his
684 2697 777 2733 dare
795 2699 893 2736 sicut
908 2705 943 2734 et
960 2699 1042 2734 tibi.
1058 2697 1135 2734 Iino
1151 2710 1193 2733 ne
1204 2695 1283 2746 qui-

296 2755 377 2793 dem
397 2755 463 2793 hac
483 2756 705 2808 responsione
730 2757 830 2808 digni
851 2768 942 2797 sunt.
963 2759 1029 2796 Ille
1048 2773 1199 2808 namque
1217 2757 1282 2796 etsi

295 2830 387 2867 :egre
418 2817 564 2866 serebat,
598 2826 734 2868 poterat
755 2827 871 2856 tamen
898 2820 970 2857 diei
990 2820 1098 2857 totius
1127 2820 1279 2869 labores,

296 2891 484 2927 aerumnas,
517 2887 640 2916 aestum
670 2888 704 2916 et
738 2879 903 2917 sudorem
921 2882 1078 2931 proferre
1105 2897 1112 2917 τ
1134 2881 1173 2918 hi
1197 2895 1281 2919 vero
1302 2885 1327 2913 D

294 2938 383 2987 quid
402 2938 520 2976 dicere
545 2939 711 2991 possint?
731 2940 829 2977 Nihil
855 2941 1001 2991 quidem
1028 2943 1116 2992 talc-5
1137 2942 1200 2980 sed
1219 2942 1280 2980 de-

295 2999 440 3050 sidiam,
468 3000 775 3052 intemperantiam
794 3011 826 3039 et
845 3002 944 3040 mille
968 3004 1072 3053 vitia,
1096 3018 1173 3054 ‹111ae
1197 3018 1280 3056 pro-

296 3060 407 3110 phetae
436 3074 556 3098 omnes
591 3061 789 3099 incusantes
821 3063 893 3101 illis
928 3073 1097 3115 perpetuo
1134 3066 1280 3117 objicie-

292 3126 377 3162 bant
403 3137 410 3157 τ
434 3136 496 3173 per
517 3136 593 3171 quae
617 3122 705 3160 vitia
734 3123 787 3160 illi
818 3123 966 3175 perinde
995 3134 1101 3175 atque
1131 3127 1279 3176 gentiles

292 3188 406 3223 Deum
426 3186 652 3224 offenderent.
673 3186 718 3224 Id
734 3187 830 3237 quod
858 3188 1041 3227 declarans
1070 3191 1204 3229 Paulus
1222 3191 1278 3230 di-

334 3313 346 3326 2·
363 3304 420 3336 Sat
431 3304 463 3337 il.
484 3306 515 3336 in
533 3316 637 3347 marg.
654 3309 701 3340 διὰ
714 3312 810 3341 ταῦτα
824 3312 923 3342 οὐκοῦν
937 3314 1055 3343 ἔπαθον.

333 3356 349 3379 b
367 3355 480 3388 Morel.
502 3365 534 3388 et
550 3358 626 3390 Mss.
642 3367 700 3396 πῶς
716 3361 757 3391 δέ.
775 3359 875 3391 savit.
903 3366 931 3394 τί
953 3364 993 3394 δέ.
1016 3360 1143 3402 [Supra
1159 3359 1294 3404 quidam

288 3410 559 3449 mvfflixrsffla]
578 3410 616 3440 In
642 3410 716 3443 Mss.
743 3409 890 3451 plurimis
921 3416 1001 3445 ἀλλὰ.
1028 3423 1162 3455 sequens
1186 3412 1291 3445 deest.

1355 228 1556 260 ARmnEP.
1595 230 1930 264 CONSTANTlNOP
1939 256 1946 264 .

1367 310 1406 348 ἔκ
1422 326 1514 354 τινος
1534 315 1697 363 μηχανῆς
1715 313 1845 352 ἄνωθεν
1863 319 1948 365 ἡμῖν
1971 316 2030 353 καὶ
2047 318 2106 354 ἀπ’
2129 319 2234 364 αὐτῆς
2254 322 2321 357 τῶν
2339 323 2394 359 οὖ-

1368 373 1479 433 ρανῶν
1499 375 1561 418 τῆς
1589 376 1740 427 κορυφῆς
1770 376 1988 427 ἀνεφάνησαν
2018 378 2281 429 διαλάμποντες.
2311 383 2394 426 Πῶς

1363 435 1420 469 οὖν
1441 449 1542 472 τουτο
1561 433 1702 486 γέγονε,
1721 437 1781 474 καὶ
1809 437 1934 485 πόθεν,
1963 436 2126 477 Ακουσον
2156 440 2296 479 Παύλου
2324 442 2387 480 λέ-

1363 509 1491 544 γοντος.
1509 494 1579 533 Καὶ
1595 495 1662 569 γὰρ
1678 500 1695 535 ὃ
1717 513 1887 551 μακαριος
1901 501 2027 543 ἐκεῖνος
2041 505 2151 538 ταυτα
2167 501 2319 575 ἀκριὸῶς
2336 504 2393 550 ζη-

1362 570 1444 603 των,
1464 558 1524 594 οὐκ
1542 556 1674 604 ἀπέστη
1696 557 1760 602 ἕως
1779 562 1815 596 οὗ
1835 575 1898 604 την
1920 559 2032 598 αἰτίαν
2033 564 2152 621 jope,
2169 577 2228 599 και
2244 568 2316 606 τοῖς
2332 563 2392 601 ἅλ-

1363 616 1435 659 λοις
1452 616 1579 664 ταύτην
1601 618 1805 665 ἕδήλωσεν’
1792 635 1913 657 απασι
1936 619 2001 663 'lic
2015 623 2071 658 οὖν
2093 622 2183 659 ἐστιν
2208 621 2316 669 αὕτη,
2332 623 2392 661 καὶ

1363 676 1465 715 πόθεν
1479 681 1500 724 ἡ
1519 678 1668 726 τοσαύτη
1689 679 1852 732 πώρωσις
1869 682 2001 726 αὖτοῖς;
2020 679 2183 719 Ἄκουσον
2204 685 2307 721 αὐτοῦ
2330 687 2389 722 τοῦ

1362 736 1424 784 τὴν
1442 739 1638 790 οἰκονομίαν
1663 740 1790 787 ταύτην
1820 740 2110 791 ἐμπιστευθέντος
2128 745 2240 780 ταῦτα
2268 743 2391 794 λέγον-

1362 814 1428 841 τος.
1452 799 1500 836 Τί
1518 794 1574 837 οὖν
1596 794 1692 844 οὗτος
1707 800 1822 852 λέγει,
1837 801 1900 848 τὴν
1921 800 2128 853 διαπόρησιν
2153 804 2221 840 τῶν
2251 806 2388 842 πολλῶν

1362 859 1450 898 λύων
1482 861 1628 908 ταύτην,
1650 861 1880 913 Ἀγνοοῦντες,
1909 861 2011 914 φησὶ,
2038 861 2101 908 τὴν
2134 868 2194 901 τοῦ
2214 865 2305 902 Θεοῦ
2339 866 2389 902 δι-

1361 921 1557 970 καιοσύνην,
1569 922 1627 960 καὶ
1644 925 1821 969 ζητοῦντες
1834 922 1895 969 τὴν
1912 922 2000 961 ἰδίαν
2015 923 2234 970 δικαιοσύνην
2249 928 2388 973 στῆσαι,

1360 985 1403 1032 τῇ
1423 983 1621 1036 δικαιοσύνῃ
1651 989 1710 1023 τοῦ
1729 987 1820 1023 Θεοῦ
1842 986 1906 1036 οὐχ
1920 984 2158 1036 ὑπετάγησαν.
2178 985 2263 1023 ἱ’Διὸ
2278 991 2388 1025 ταῦτα

1361 1042 1497 1083 ἔπαθον.
1516 1045 1586 1082 Καὶ
1603 1045 1707 1083 πάλιν
1732 1045 1771 1083 τὸ
1799 1046 1883 1083 αὐτὸ
1903 1049 2002 1083 τοῦτο
2020 1045 2145 1098 ἑτέρως
2169 1047 2385 1099 ἑρμηνεύων,

1360 1103 1457 1154 φησί·
1469 1104 1516 1141 Τί
1530 1099 1847 1157 οἶνέροῦμεν;”οτι
1860 1106 1938 1152 ἔθνη
1955 1105 1998 1144 τὰ
2014 1105 2062 1156 μὴ
2072 1105 2241 1144 διώκοντα
2258 1108 2389 1147 δικαιο-

1360 1162 1478 1211 σύνην,
1497 1165 1669 1203 κατέλαὸε
1699 1166 1931 1214 δικαιοσύνην,
1956 1166 2175 1213 δικαιοσύνην
2196 1167 2232 1206 δὲ
2261 1167 2323 1215 τὴν
2351 1171 2389 1207 ἐκ

1360 1223 1528 1268 πίστεως·
1550 1224 1695 1278 Ἰσραὴλ
1725 1226 1760 1265 δὲ
1780 1225 1915 1264 διώκων
1943 1226 2048 1277 νόμον
2080 1226 2312 1275 δικαιοσύνης,
2341 1231 2389 1272 εἷς

1358 1283 1462 1334 νόμον
1483 1285 1699 1333 δικαιοσύνης
1717 1287 1780 1324 οὐκ
1797 1286 1954 1339 ἔφθασεν.
1984 1286 2073 1325 Εἰπὲ
2094 1287 2154 1324 καὶ
2177 1287 2388 1336 διατίςεΌτι

1358 1347 1421 1384 οὐκ
1436 1349 1474 1386 ἐκ
1497 1347 1665 1392 πίστεως·
1686 1348 1906 1401 προσέκοψαν
1929 1348 1996 1400 γὰρ
2014 1351 2064 1400 τῷ
2083 1347 2169 1401 λίθῳ
2195 1353 2255 1387 τοῦ
2282 1365 2389 1402 προσ-

1358 1407 1549 1459 κόμματος.
1576 1408 1625 1447 ⁰0
1646 1408 1681 1447 δὲ
1700 1409 1806 1461 λέγει,
1826 1409 1978 1448 τοιοῦτόν
1996 1412 2087 1448 ἐστιν
2100 1425 2108 1433 ·
2138 1409 2284 1448 ἀπιστία
2307 1410 2388 1449 τού-

1356 1485 1424 1507 των
1444 1470 1579 1521 γέγονεν
1601 1472 1715 1514 αὐτοῖς
1732 1470 1826 1509 αἰτία
1852 1473 1921 1508 τῶν
1940 1474 2058 1508 κακῶν
2072 1486 2080 1494 ·
2095 1470 2223 1517 ταύτην
2251 1470 2286 1510 δὲ
2315 1471 2386 1510 ἔτε-

1356 1544 1413 1566 κεν
1433 1533 1454 1575 ἡ
1477 1531 1635 1569 ἀπόνοια.
1654 1530 1800 1577 Ἐπειδὴ
1818 1530 1886 1583 γὰρ
1902 1531 1970 1583 πρὸ
1985 1530 2105 1569 τούτου
2125 1530 2228 1568 πλέον
2251 1531 2386 1583 ἔχοντες

1355 1587 1548 1639 Ἑλλήνιον,
1566 1593 1616 1643 τῷ
1638 1592 1694 1630 τὸν
1718 1591 1822 1643 νόμον
1851 1591 2027 1643 εἰληφέναι
2055 1590 2114 1629 καὶ
2132 1591 2220 1629 Θεὸν
2242 1592 2385 1641 εἰδέναι,

1354 1651 1413 1688 καὶ
1431 1652 1475 1690 τὰ
1492 1653 1581 1691 ἄλλα
1600 1653 1689 1706 ἅπερ
1704 1656 1721 1691 ὃ
1737 1652 1876 1696 Παῧλός
1901 1669 2005 1704 φησι,
2025 1652 2113 1703 μετὰ
2132 1651 2196 1698 τὴν
2217 1656 2276 1690 τοῦ
2298 1654 2385 1706 Χρι-

1353 1716 1434 1750 στοῦ
1452 1713 1644 1766 παρουσίαν
1662 1707 1749 1752 εἶδον
1762 1714 1831 1752 ἀπὸ
1846 1716 1908 1760 τῆς
1921 1712 2073 1756 πίστεως
2091 1712 2180 1763 μετὰ
2198 1715 2260 1759 τῆς
2278 1716 2384 1760 αὐτῆς

1351 1774 1537 1825 ὁμοτιμίας
1553 1775 1785 1826 καλουμένους
1798 1774 1975 1818 κάκείνους
1985 1773 2044 1812 καὶ
2063 1772 2204 1821 αὐτοὺς,
2216 1774 2276 1812 καὶ
2287 1775 2382 1815 οὐδὲν

1351 1834 1454 1873 πλέον
1471 1835 1596 1887 ἔχοντα
1614 1836 1671 1874 τὸν
1694 1839 1732 1874 ἐκ
1746 1837 1937 1888 περιτομῆς
1955 1839 2015 1873 τοῦ
2034 1833 2068 1878 ἐξ
2084 1836 2190 1872 ἐθνῶν
2213 1834 2301 1885 μετὰ
2319 1835 2382 1883 τὴν

1350 1894 1486 1934 πίστιν·
1504 1896 1701 1948 ἐδήχθησαν
1734 1897 1802 1935 ὑπὸ
1834 1895 1998 1939 ἀπονοίας
2027 1898 2073 1938 εἷς
2110 1895 2301 1946 βασκανίαν
2328 1899 2383 1935 ἐλ-

1352 1956 1484 2006 θόντες,
1498 1958 1556 1996 καὶ
1575 1958 1638 2005 τὴν
1654 1962 1713 1997 τοῦ
1734 1957 1913 1996 Δεσπότου
1930 1955 2194 2009 φιλανθρωπίαν
2210 1955 2273 2002 τὴν
2289 1955 2382 2010 ἄφα-

1349 2035 1406 2056 τον
1429 2019 1488 2057 καὶ
1510 2019 1793 2072 ὑπερὸάλλουσαν
1821 2021 1882 2057 οὐκ
1900 2018 2063 2070 ἤνεγκαν.
2080 2019 2192 2056 Τοῦτο
2211 2018 2246 2056 δὲ
2267 2020 2382 2063 αὐτοῖς

1350 2080 1512 2132 ἑτέρωθεν
1530 2079 1591 2131 μὲν
1611 2080 1810 2131 οὐδαμόθεν,
1831 2078 1866 2123 ἐξ
1886 2077 2086 2123 ἀλαζονείας
2118 2076 2153 2116 δὲ
2183 2078 2244 2115 καὶ
2274 2095 2380 2126 πονη-

1352 2139 1425 2189 ρίας
1447 2140 1506 2177 καὶ
1527 2139 1792 2193 μισανθρωπίας
1810 2140 1942 2192 γέγονε.

1405 2206 1452 2244 Τί
1470 2207 1556 2259 γὰρ,
1585 2199 1614 2243 ὦ
1642 2207 1781 2245 πάντων
1808 2210 1905 2257 ὑμεῖς
1938 2204 2179 2257 ἀνοητότεροι,
2201 2206 2379 2244 κατεὸλά-

1350 2272 1475 2307 πτεσθε
1506 2272 1545 2307 ἐκ
1577 2272 1639 2315 τῆς
1669 2270 1714 2311 εἷς
1754 2267 1889 2320 ἑτέρους
1922 2267 2108 2320 γινομένης
2145 2267 2376 2318 κηδεμονίας,

1350 2327 1450 2372 ι’πῶς
1471 2328 1507 2367 δὲ
1524 2328 1569 2367 τὰ
1587 2328 1737 2381 ὑμέτερα
1755 2330 1947 2374 ἠλαττοῦτο
1967 2327 2102 2378 ἀγαθὰ,
2119 2330 2169 2379 τῷ
2193 2328 2377 2373 κοινωνοὺς

1350 2389 1483 2443 ἑτέρους
1499 2389 1589 2442 ἔχειν
1609 2392 1677 2426 τῶν
1708 2391 1838 2435 αὐτῶν,
1859 2387 1964 2426 Ἀλλὰ
1989 2388 2114 2439 τυφλὸν
2137 2388 2244 2431 ὅντως
2260 2393 2281 2435 ἡ
2314 2405 2378 2427 πο-

1348 2451 1470 2503 νηρία,
1498 2451 1644 2489 καὶτῶν
1674 2449 1817 2488 δεόντων
1843 2447 1937 2487 οὐδὲν
1967 2448 2110 2486 δύναται
2139 2450 2285 2487 συνιδεῖν
2305 2466 2373 2487 τα-

1348 2512 1449 2563 χέως.
1464 2512 1656 2564 Δηχθέντες
1668 2510 1780 2549 τοίνυν
1791 2512 1841 2561 τῷ
1857 2508 2038 2552 κοινωνοὺς
2053 2509 2189 2559 μέλλειν
2208 2510 2298 2561 ἔχειν
2314 2514 2375 2557 τῆς

1350 2575 1454 2618 αὐτῆς
1473 2571 1668 2625 παῤῥησίας
1681 2600 1690 2618 ,
1709 2571 1785 2609 καθ’
1802 2572 1933 2607 ἑαυτῶν
1955 2569 1994 2607 τὸ
2021 2568 2112 2621 ξίφος
2132 2569 2291 2618 ὤθησαν,
2313 2574 2376 2618 τῆς

1348 2638 1407 2672 τοῦ
1446 2636 1537 2672 Θεοῧ
1573 2630 1833 2685 φιλανθρωπίας
1875 2630 2080 2672 ἐκὸαλόντες
2117 2631 2278 2675 ἑαυτούς·
2315 2632 2375 2670 καὶ

1351 2696 1447 2747 μάλα
1478 2695 1628 2738 εἰκότως.
1650 2693 1792 2746 Ἑταῖρε
1825 2691 1915 2746 γὰρ,
1937 2691 2054 2744 φησὶν,
2077 2694 2138 2730 οὐκ
2169 2694 2280 2731 ἀδικῶ
2313 2709 2373 2731 σε·

1350 2757 1438 2796 θέλω
1457 2756 1491 2795 δὲ
1514 2756 1573 2794 καὶ
1587 2754 1716 2797 τούτοις
1737 2754 1852 2791 δοῦναι
1875 2752 1994 2805 ὥσπερ
2007 2751 2066 2790 καὶ
2089 2752 2153 2791 σοί.
2177 2755 2320 2791 Μᾶλλον
2338 2753 2374 2792 δὲ

1350 2817 1424 2856 οὐδὲ
1436 2817 1563 2855 τούτων
1581 2815 1668 2859 ἄξιοι
1682 2815 1750 2851 τῶν
1769 2812 1880 2864 λόγων
1895 2806 1998 2850 οὗτοι.
2012 2812 2166 2856 Ἐκεῖνος
2182 2812 2243 2863 μὲν
2260 2813 2327 2867 γὰρ
2345 2816 2373 2852 εἷ

1349 2895 1408 2917 και
1428 2876 1678 2929 ἐδυσχέραινεν,
1700 2875 1775 2912 ἀλλ’
1794 2872 1887 2924 ὅμως
1904 2872 1992 2924 ἔχων
2014 2874 2120 2910 ειπεῖν
2146 2873 2280 2927 ἡμέρας
2298 2876 2373 2913 ὁλο-

1349 2938 1491 2998 κλήρου
1487 2937 1626 2983 πόνους,
1641 2932 1976 2984 καὶταλαιπωρίαςο
1988 2948 2047 2970 και
2064 2933 2178 2980 θάλπη
2197 2934 2256 2972 καὶ
2271 2936 2372 2988 ἱδρω-

1347 3013 1425 3041 τας·
1454 2999 1546 3035 οὗτοι
1575 2994 1610 3032 δὲ
1637 2993 1672 3031 τί
1692 2993 1801 3044 ἔχοιεν
1825 2991 1864 3028 ἂν
1895 2992 2020 3037 εἰπεῖν’,
2034 2992 2198 3029 Ἰοιοῧτον
2230 2991 2292 3042 μὲν
2313 2995 2371 3031 οὖ-

1349 3058 1421 3097 δέν·
1442 3054 1611 3109 ῥαθυμίαν
1632 3053 1667 3092 δὲ
1696 3069 1755 3091 και
1777 3050 1944 3098 ἀσωτίαν,
1964 3051 2024 3088 καὶ
2052 3049 2096 3088 τὰ
2125 3051 2232 3105 μυρία
2253 3053 2370 3101 κακὰ,

1349 3124 1370 3162 ἃ
1391 3122 1575 3165 διαπαντὸς
1601 3122 1869 3171 κατηγοροῦντες
1896 3119 2007 3155 αὐτῶν
2036 3117 2206 3156 διετέλουν
2229 3122 2260 3157 οἱ
2286 3135 2370 3171 προ-

1348 3195 1455 3243 φῆται
1487 3189 1635 3236 πάντες,
1656 3189 1698 3225 δι’
1731 3186 1753 3223 ὁὶ
1788 3185 1847 3223 καὶ
1881 3185 1976 3223 αὐτοὶ
2003 3184 2131 3236 ὁμοίως
2162 3190 2233 3229 τοῖς
2260 3185 2369 3224 ἔθνεσι

1407 3320 1421 3334 c
1443 3308 1558 3343 Morel,
1579 3313 1627 3342 καὶ
1644 3310 1754 3347 θάλπη,
1772 3312 1805 3337 et
1826 3303 1874 3337 sic
1895 3305 1971 3337 Mss.
2000 3304 2148 3347 quidam.
2174 3303 2236 3337 Alii
2258 3303 2366 3347 plures

1364 3367 1484 3400 θάλπος.
1504 3361 1603 3395 Savil.
1623 3358 1710 3392 solus
1723 3358 1815 3400 hujus
1831 3358 1922 3392 vocis
1939 3355 2013 3389 loco
2030 3360 2187 3394 καύσωνκς.
