2507 3673
891 193 931 221 ΙΝ
970 192 1136 221 PASCUA
1174 192 1200 219 V
1210 211 1219 220 .

14 277 103 315 κατὰ
127 277 165 314 το
186 276 387 328 φαινόμενον
402 305 411 321 ,
431 274 553 311 ταύτὸν
571 273 604 310 δὲ
625 273 713 310 κατὰ
730 273 786 310 τὀν
808 272 1032 322 ὑποκείμενον

12 337 83 372 τοῖς
112 328 278 381 χρώμασι
306 328 527 380 χαρακτῆρα.
568 324 701 363 Σκόπει
735 325 774 372 δή
804 341 861 374 μοι
889 325 946 363 διὰ
964 327 1032 361 τῶν

15 384 120 420 σκιῶν
141 381 184 419 τὰ
209 379 375 426 ἀληθινὰ,
406 378 465 416 καὶ
485 378 605 429 θεώρει
627 377 682 416 διὰ
702 377 818 415 τύπων
841 377 884 415 τὰ
904 378 1033 424 δηλού-

17 450 117 484 μενα,
134 433 193 471 καὶ
212 436 251 471 ἐκ
267 435 335 470 τῶν
354 434 486 484 μικρῶν
504 432 589 484 πρὸς
604 431 647 469 τὰ
665 430 801 482 μεγάλα
821 429 958 482 πρόϊθι·
976 429 1035 466 καὶ

17 487 66 536 μή
95 501 153 538 μοι
179 485 259 537 περὶ
280 487 343 535 γῆν
371 483 579 535 ἀπομείνης,
612 483 804 535 ἐλευθερίας
830 482 943 525 ἔθνους
964 482 1036 524 ἑνὸς

16 543 78 585 τῆς
109 539 179 577 ἀπὸ
194 537 358 590 τυράννου
371 567 380 584 ,
409 537 468 574 καὶ
488 535 663 587 σωτηρίας
680 535 829 573 παιδίων
848 538 910 580 τῆς
929 549 1036 586 προσ-

16 591 136 642 καίρου
151 618 161 635 ,
189 591 249 628 καὶ
276 589 452 640 μετοικίας
467 592 529 635 τῆς
546 588 614 626 ἀπὸ
634 591 698 638 γῆς
717 590 764 630 εἷς
781 591 845 638 γῆν
869 589 1036 624 ἐπιτελῶν

16 642 264 693 ὑπομνήματα.
295 641 387 680 Οὐδὲ
414 641 482 693 γὰρ
508 641 570 685 τὰς
590 640 771 686 Ἑλλήνων
791 638 912 692 ἑορτὰς
940 637 1036 689 εὑρή-

18 711 90 737 σεις
117 695 207 733 πάνυ
236 711 271 732 τι
289 697 357 731 τῶν
387 694 548 732 τοιούτων
576 691 807 745 ἀφεστηκυίας
828 689 1039 740 ὑπόμνημά·

16 763 97 785 των.
118 746 342 799 Ἑορτάζουσι
356 747 423 799 γάρ
438 763 491 785 τοι
509 745 568 784 καὶ
582 747 704 784 ἐκεῖνοι
719 744 826 782 νόσων
843 742 1037 795 ἀποφυγὰς,

18 801 76 837 καὶ
92 800 302 852 τυραννίδων
319 798 571 852 ἐλευθερώσεις,
592 797 755 840 ἀποικίας
768 812 804 834 τε
826 796 885 834 καὶ
903 795 1039 834 πόλεων

18 852 160 897 κτίσεις,
177 852 236 889 καὶ
251 851 349 895 νίκας
362 852 538 900 πολέμων,
554 850 614 888 καὶ
629 849 673 888 τὰ
689 854 846 895 τοιαῦτα,
861 847 927 886 ὅσα
937 847 1041 899 γήϊνα

19 905 77 942 καὶ
120 904 318 957 πρόσκαιρα
354 903 592 954 λαμέάνοντες
623 905 669 945 εἰς
702 900 863 940 ὑπόθεσιν
894 903 1037 951 ἑορτῶν.

18 957 110 1003 ’Πδη
139 957 182 994 τὰ
211 956 347 1007 μεγάλα
379 958 576 1006 μνησθῆναι
607 955 678 1001 δεῖ,
698 954 743 992 τὰ
763 957 837 991 θεῖα
857 952 917 991 καὶ
936 953 1041 996 ὄντως

19 1012 112 1047 Θεοῦ
140 1010 256 1061 δῶρα,
285 1008 344 1045 καὶ
374 1007 531 1058 μεγάλην
557 1007 620 1053 τὴν
649 1006 791 1045 αἰωνίαν
824 1005 1040 1059 ἑορτάζουσιν

21 1060 155 1114 ἑορτὴν,
174 1061 396 1112 ἐλευθέρωσιν
415 1064 453 1099 ἐκ
472 1060 645 1111 δαιμόνων
667 1059 913 1110 ἀντικειμένων
938 1059 1042 1095 πολε-

22 1113 179 1164 μούντων
203 1113 288 1165 πρὸς
307 1113 346 1151 τὸ
372 1112 516 1165 ἀγαθὸν,
543 1112 761 1164 ἀφελκόντων
782 1111 851 1149 ἀπὸ
866 1115 927 1158 τῆς
950 1113 1041 1149 Θεοῦ

23 1166 214 1217 βασιλείας,
235 1165 408 1216 σωτηρίαν
429 1168 466 1203 οὔ
483 1165 568 1217 πρὸς
585 1165 716 1218 βραχύν
734 1180 812 1202 τινα
833 1163 906 1215 βίον
920 1193 929 1210 ,
952 1162 1043 1201 ἀλλὰ

22 1220 106 1271 πρὸς
124 1218 265 1256 αἰωνίαν
287 1218 453 1268 διαμονὴν
466 1249 476 1266 ,
504 1218 680 1269 μετοικίαν
702 1218 772 1255 ἀπὸ
789 1220 852 1269 γῆς
870 1218 917 1260 εἰς
938 1218 1043 1268 οὖρα-

22 1272 78 1309 νον
97 1271 186 1309 κατὰ
215 1271 276 1317 τὴν
307 1276 485 1323 παροῦσαν
517 1271 708 1318 πολιτείαν,
736 1269 794 1308 καὶ
825 1271 872 1312 εἷς
899 1267 1043 1306 αἰωνίαν

23 1325 145 1368 κτῆσιν
179 1324 269 1361 κατὰ
299 1323 360 1370 τὴν
395 1323 586 1374 μέλλουσαν
616 1323 818 1361 ἀνάστασιν.
870 1321 1044 1372 Αἴγυπτος

23 1375 156 1414 ἔθλιῧεν
175 1375 360 1419 Ἰουδαίους
379 1376 573 1428 ἐλευθέρους
589 1376 690 1419 ὄντας
706 1377 745 1413 ἐκ
760 1374 921 1427 πατέρων
932 1405 941 1421 ,
959 1376 1044 1411 ὓπο-

24 1428 179 1466 ὅαλοῦσα
195 1428 350 1471 δουλείας
370 1430 460 1479 ζυγῷ
475 1459 485 1476 ,
505 1430 744 1479 πλινθουργεῖν
764 1427 824 1465 καὶ
842 1426 960 1470 πόλεις
983 1442 1046 1464 κα-

23 1481 249 1524 τασκευάζειν
281 1481 538 1534 ἀναγκάζουσα.
576 1481 761 1532 Σύμὸολον
781 1483 882 1517 τοῦτο
899 1479 1047 1530 θλίψεως

24 1537 195 1584 κοσμικῆς
210 1564 219 1582 ,
247 1536 281 1571 ἐν
303 1537 324 1584 ᾗ
345 1538 567 1571 κατεπονεῖτο
586 1534 625 1571 τὸ
642 1532 738 1584 γένος
756 1532 796 1570 τὸ
815 1531 1045 1583 ἀνθρώπινον,

27 1587 202 1624 ἀποπεσὸν
231 1589 293 1632 τῆς
324 1588 420 1638 παρὰ
438 1587 530 1624 Θεοῦ
556 1590 686 1638 τρυφῆς
704 1601 740 1622 τε
762 1584 821 1622 καὶ
841 1582 1046 1635 ἐλευθερίας,

26 1640 106 1690 περὶ
137 1638 200 1685 τὴν
232 1639 359 1690 γηίνων
389 1638 553 1690 ἐργασίαν
587 1637 853 1688 διαπονούμενον
870 1664 880 1682 ,
899 1636 959 1674 καὶ
987 1635 1047 1678 τὰς

28 1691 158 1738 σκηνὰς
178 1690 450 1742 ἀπολλυμμένας
477 1691 756 1735 κατασκευάζον·
776 1689 830 1728 ὅτι
851 1688 959 1739 μηδὲν
978 1691 1047 1726 τῶν

27 1746 60 1782 ἐν
91 1743 284 1796 ἀνθρώποις
317 1743 462 1795 μόνιμον
491 1743 580 1794 μηδὲ
610 1746 664 1781 ἀσ’
683 1742 781 1790 αλὲς,
813 1741 902 1780 ἀλλὰ
932 1740 1048 1779 πάντα

28 1797 236 1849 φθειρόμενα
255 1800 382 1849 χειρῶν
403 1796 626 1848 ἀνθρωπίνων
647 1811 743 1848 εργα,
763 1794 822 1833 καὶ
841 1793 964 1846 χρόνου
982 1809 1049 1831 πα-

31 1849 278 1901 ραναλώματα.
317 1851 575 1901 Ἐλευθερῶσαι
600 1853 662 1896 τῆς
688 1846 843 1891 δουλείας
878 1846 1006 1894 ταύτης
1032 1849 1050 1884 6

30 1902 117 1946 Θεὸς
146 1901 327 1953 βούλεται,
357 1901 660 1957 καταπονούμενον
687 1900 727 1939 τὸ
750 1900 888 1950 ποίημα
907 1899 946 1937 τὸ
963 1899 1049 1937 ἴδιον

30 1954 216 2008 οἰκτείρας,
239 1955 357 2006 ὥσπερ
375 1956 442 1992 εἶδε
456 1954 518 2001 τὴν
539 1955 693 1992 κάκωσιν
710 1957 778 1991 τῶν
792 1955 876 1990 υἱῶν
892 1951 1050 2004 Ἰσραὴλ,

32 2010 201 2059 ἐλευθεροῖ
223 2007 280 2045 διὰ
302 2008 467 2054 κτήσεως.
490 2007 682 2051 Ἑκουσίως
702 2005 768 2058 γὰρ
789 2007 836 2048 εἷς
851 2005 942 2043 Θεὸν
963 2007 1050 2043 ἐπα·

30 2063 158 2098 νελθεῖν
188 2061 237 2098 δεῖ
260 2059 337 2104 τοὺς
358 2059 523 2103 ἑκουσίως
542 2059 850 2107 ἀποπηδήσαντας.
879 2057 1051 2108 Πέμπον-

32 2130 89 2150 ται
111 2114 224 2151 δοῦλοι
243 2112 347 2163 νόμον
374 2113 591 2163 κομίζοντες,
614 2112 670 2159 διᾲ
691 2111 797 2162 νόμου
816 2111 901 2162 πρὸς
922 2111 1053 2148 δικαιο-

33 2165 138 2212 σύνην
168 2167 470 2217 παρακαλοῦντες,
505 2165 562 2203 διὰ
597 2164 816 2210 δικαιοσύνης
846 2164 931 2214 πρὸς
964 2162 1053 2202 Θεὸν

33 2220 247 2269 ὁδηγοῦντες,
263 2218 390 2269 μικρὰς
407 2217 456 2256 ἔτι
478 2218 636 2262 κολάσεις
647 2223 722 2261 ταῖς
733 2216 988 2267 ἀντικειμέναις
998 2216 1054 2252 δυ-

4 2318 9 2319 ⁷
33 2271 178 2321 νάμεσιν
195 2271 394 2323 ἐπάγοντες,
415 2270 512 2308 οὔπω
523 2270 637 2309 τέλεον
650 2271 787 2322 ὄλεθρον
800 2271 833 2307 ἐν
850 2267 1054 2320 μέρεικομί-

36 2326 170 2372 ζοντες,
201 2323 278 2367 τοὺς
313 2323 450 2367 &sesag
481 2322 578 2361 οὔπω
604 2324 783 2365 παντελῶς
805 2321 1059 2373 ἐξαλείφοντες,

35 2378 147 2414 Τοῦτο
174 2376 241 2429 γὰρ
270 2376 479 2428 ἐφυλάττετο
509 2378 553 2427 τῆ
585 2380 644 2414 τοῦ
675 2374 853 2414 Δεσπότου
881 2373 1055 2425 παρουσία

36 2428 126 2478 μετὰ
146 2429 224 2472 τοὺς
253 2428 390 2471 δούλους
406 2428 695 2479 παραγινομένου.
724 2428 757 2465 Τ
760 2427 838 2466 ύποι
862 2425 897 2465 δὲ
924 2425 1054 2464 τούτων

37 2482 96 2519 καὶ
128 2480 309 2531 σύμὸολα,
339 2482 494 2527 Μωῦσῆς
524 2480 821 2530 ἀποστελλόμενος
852 2480 938 2530 πρὸς
969 2478 1057 2516 Ἰου-

38 2533 152 2577 δαίους
173 2532 261 2583 μετὰ
277 2532 407 2585 Ἀαρὼν
426 2537 486 2570 τοῦ
507 2534 666 2584 ἀδελφοῦ,
685 2534 801 2570 καλῶν
819 2531 876 2570 ἐπὶ
893 2530 1057 2583 λατρείαν

38 2589 130 2624 Θεοῦ
147 2617 156 2633 ,
189 2589 367 2636 μαστιγῶν
398 2587 573 2636 Αἴγυπτον
599 2587 751 2636 πληγαῖς
784 2590 942 2635 μερικαῖς
970 2582 1058 2634 ὑπὲρ

39 2643 97 2676 τοῦ
113 2637 339 2687 δουλουμένου
357 2638 414 2675 καὶ
432 2637 634 2688 θλιὸομένου
648 2639 746 2676 λαοῦ.
777 2636 883 2675 Ἀλλὰ
897 2635 963 2688 γὰρ
979 2635 1058 2673 τού-

39 2707 107 2729 των
129 2690 338 2742 γινομένων,
372 2690 422 2728 ἔτι
444 2690 504 2728 καὶ
523 2694 540 2728 6
562 2689 708 2742 Ἰσραὴλ
728 2691 762 2727 ἐν
784 2689 972 2740 Αἰγύπτῳ,
1000 2688 1058 2725 καὶ

39 2748 57 2782 6
74 2743 235 2794 βασιλεὺς
253 2746 322 2781 τῶν
338 2743 538 2794 Αἰγυπτίων
553 2742 673 2795 χώραν
693 2737 766 2794 εἶχε
786 2745 845 2780 τοῦ
863 2745 1058 2792 θεομαχεῖν.

40 2796 166 2834 Ἰἰννέα
187 2796 340 2846 πληγαὶ,
359 2796 418 2833 καὶ
435 2795 530 2838 τέλος
550 2795 646 2834 οὔπω
662 2798 721 2833 τοῦ
741 2794 960 2846 πράγματος.
984 2796 1016 2832 Τ
1019 2793 1060 2840 ὴν

41 2848 241 2887 τελευταίαν
262 2851 458 2900 ἐπαχθῆναι
475 2850 525 2886 δεῖ
539 2848 603 2895 τὴν
621 2850 689 2885 τῶν
706 2845 936 2898 πρωτοτόκων
959 2845 1062 2884 ἀναί-

44 2917 136 2953 ρεσιν
150 2930 159 2947 ,
184 2901 243 2939 καὶ
263 2900 336 2948 ἅμα
360 2900 468 2952 ταύτῃ
489 2900 614 2944 ἐξιέναι
636 2899 694 2937 τὸν
710 2899 866 2951 Ἰσραήλ.
890 2900 1062 2936 Ἐνταῦθα

42 2954 216 3005 πρόέατον
262 2952 400 2998 θύεται,
440 2953 499 2991 καὶ
530 2956 566 2991 αἱ
592 2956 660 2991 τῶν
692 2954 808 2991 οἰκιῶν
838 2951 964 2990 εἴσοδοι
993 2953 1061 2988 τῶν

44 3006 241 3058 Ἑῧραϊκῶν
269 3008 318 3057 τῷ
351 3005 474 3056 αἵματι
505 3005 688 3059 ιχρίονται,
712 3005 770 3043 καὶ
798 3003 842 3042 τὰ
858 3003 1063 3056 πρωτότοκα

45 3063 111 3098 τῶν
142 3057 319 3097 Ἰουδαίων
338 3058 497 3111 ἐκφεύγει
519 3058 582 3104 τὴν
602 3062 661 3096 τοῦ
680 3057 828 3096 θανάτου
847 3056 987 3108 πληγὴν
1009 3055 1064 3093 διὰ

44 3113 83 3150 τὸ
102 3116 160 3149 τοῦ
179 3110 324 3161 αἵματος
340 3110 525 3161 σύμῧολον.
542 3110 719 3149 Ἐσθίουσι
735 3110 773 3148 τὸ
789 3109 962 3162 πρόὲατον
979 3110 1063 3146 Ἰου-

47 3167 136 3202 δαῖοι
156 3163 213 3201 σὺν
231 3163 371 3213 ἀζύμοις
389 3164 447 3201 καὶ
463 3163 629 3215 πικρίσιν.
652 3162 806 3206 Ἐξίασιν
821 3162 856 3206 ἐξ
875 3161 1063 3212 Αἰγύπτου·

47 3216 224 3255 ἐπιδιώκει
245 3215 383 3267 Φαραὼ
412 3217 471 3253 καὶ
495 3220 526 3254 οἱ
552 3215 750 3266 λειπόμενοι
768 3217 837 3252 τῶν
854 3213 1065 3265 Αἰγυπτίων·

49 3270 104 3307 ἐπὶ
132 3269 193 3315 τὴν
221 3268 397 3314 θάλασσαν
420 3269 580 3319 ἔρχονται
602 3268 664 3314 τὴν
692 3268 846 3320 ἓρυθράν.
872 3266 969 3312 Αὕτη
1007 3266 1066 3304 δέ-

49 3338 147 3373 χεται
166 3321 226 3371 μὲν
244 3322 300 3359 τὸν
320 3323 387 3359 τῶν
408 3320 582 3373 Ἱέἕραίων
606 3321 749 3372 στρατὸν
772 3322 979 3371 διαιρεθεῖσα
1002 3321 1067 3357 δυ-

668 3373 676 3386 Ι

50 3375 150 3423 νάμει
177 3378 268 3412 Θεοῦ
283 3405 292 3419 ,
322 3375 380 3411 καὶ
410 3374 526 3425 ράζὶδῳ
543 3375 745 3416 Μωυσεως·
768 3371 1011 3415 καταποντίζει
1033 3372 1067 3410 δὲ

2008 172 2066 229 91³}
2075 188 2096 226 7

1106 272 1223 321 imago
1244 268 1471 313 umbratilis3
1492 266 1647 317 idipsum
1664 265 1821 310 veroid,
1843 264 1940 315 quod
1960 278 2021 317 per
2039 278 2100 302 co-

1060 332 1081 360 B
1107 324 1198 360 lores
1226 328 1506 374 repraesentatur.
1531 321 1597 356 Per
1622 318 1766 355 umbras
1792 330 1875 367 ergo
1896 331 1976 355 vera
2010 316 2106 354 mihi,

1107 374 1296 428 perpende,
1309 382 1341 410 et
1358 386 1420 424 per
1440 371 1573 421 figuras
1591 384 1644 420 ea,
1663 383 1740 419 quae
1756 369 1826 406 1llis
1846 379 2098 420 repraesentan-

1108 437 1181 477 tur,
1200 424 1398 473 considera,
1416 432 1521 473 atque
1540 437 1585 460 ex
1604 421 1726 474 parvis
1743 420 1788 458 ad
1806 434 1934 471 magna
1953 421 2097 459 accede:

1108 495 1150 517 ne
1166 479 1259 517 circa
1277 487 1408 515 terram
1428 475 1598 524 verseris5
1619 487 1729 523 neque
1744 473 1951 510 memoriam
1970 474 2102 513 recolas

1109 532 1220 583 gentis
1239 544 1260 567 a
1279 539 1432 582 tyranno
1452 527 1623 577 liberatae,
1642 525 1768 563 salutis
1787 525 1946 563 filiorum
1962 535 2103 577 tempo-

1108 598 1238 632 raneae,
1275 579 1596 631 transmigrationis
1615 593 1635 616 a
1653 587 1746 615 terra
1769 577 1805 615 in
1832 586 1964 615 terram
1983 578 2102 615 aliam.

1109 637 1232 686 Neque
1252 635 1347 674 enim
1379 632 1565 685 gentilium
1589 630 1807 669 celebritates
1830 630 1876 667 ab
1900 630 2103 681 hujusmodi

1113 686 1506 727 commemorationibus
1517 682 1811 722 multumdistare
1825 683 2027 733 comperies.
2042 684 2105 720 Ce-

1112 741 1250 779 lebrant
1261 739 1419 779 enimilli
1431 737 1636 776 morborum
1654 736 1865 784 curationes,
1883 749 1903 771 a
1915 735 2107 786 tyrannide

1114 794 1353 843 liberationes,
1364 789 1704 841 transmigrationes,
1717 786 2106 836 urbiumsundationes,

1115 847 1282 885 victorias
1300 855 1333 884 et
1349 843 1496 893 similia,
1510 853 1646 881 terrena
1661 850 1695 879 et
1712 850 1937 892 temporanea
1952 840 1987 877 in
2004 840 2108 878 sesto-

1116 915 1196 938 rum
1212 906 1462 950 argumentum
1480 903 1706 934 assumentes.
1724 895 1804 933 Jam
1822 906 1963 943 magna,
1983 892 2108 931 divina

1117 962 1149 991 et
1163 953 1228 990 Dei
1242 952 1335 989 dona
1350 947 1629 988 commemorare
1639 955 1778 998 oportet
1790 945 1931 995 eos‚qui
1943 958 2109 995 magnam

1117 1015 1150 1044 et
1169 1014 1335 1042 aeternam
1353 1003 1531 1041 celebrant
1552 999 1818 1048 solennitatem,
1835 1011 1961 1049 nempe
1978 997 2109 1035 libera-

1116 1059 1248 1096 tionem
1266 1071 1287 1094 a
1304 1055 1526 1094 daemonibus
1545 1051 1772 1101 adversariis,
1791 1050 1852 1101 qui
1868 1050 1961 1088 bono
1974 1050 2110 1088 bellum

1116 1111 1286 1159 inferunt,
1310 1109 1372 1159 qui
1407 1122 1427 1145 a
1459 1106 1525 1144 Dei
1557 1119 1665 1156 regno
1694 1112 1883 1141 avertunt:
1899 1102 2110 1141 celebranda

1116 1173 1167 1202 est
1181 1164 1276 1201 salus
1290 1175 1359 1199 non
1378 1159 1479 1198 brevi
1499 1168 1667 1210 tempore,
1680 1156 1743 1194 sed
1757 1156 1794 1193 in
1813 1165 1985 1193 aeternum
2000 1155 2107 1193 dura-

1116 1225 1210 1266 tura,
1235 1211 1499 1264 transmigratio
1518 1225 1538 1248 a
1560 1220 1651 1248 terra
1671 1209 1706 1246 in
1727 1209 1852 1246 caelum
1882 1208 1917 1245 in
1948 1208 2110 1259 praesenti

1117 1269 1206 1318 vita,
1228 1277 1261 1305 et
1279 1267 1315 1304 in
1340 1264 1596 1318 possessionem
1614 1271 1823 1314 perpetuam
1851 1270 1931 1313 post
1952 1261 2111 1298 futuram

1117 1320 1422 1360 resurrectionem.
1458 1317 1640 1369 AEgyptus
1668 1314 1823 1352 vexabat
1855 1313 2014 1362 Judaeos,
2048 1313 2110 1363 qui

1118 1374 1220 1412 liberi
1241 1381 1339 1411 erant
1366 1385 1412 1408 ex
1437 1379 1582 1422 paterna
1609 1367 1840 1415 successione,
1865 1366 2018 1416 illosque
2044 1365 2112 1402 sub

1120 1426 1300 1465 servitutis
1313 1426 1401 1477 jugo
1421 1423 1574 1465 tenebat,
1597 1434 1724 1471 cogens
1740 1419 1821 1457 illos
1839 1419 1993 1457 lateritio
2013 1418 2111 1469 operi

1120 1479 1325 1517 incumbere
1343 1486 1376 1515 et
1392 1476 1497 1513 urbes
1515 1483 1726 1523 construere.
1748 1471 1965 1524 Symbolum
1977 1471 2045 1508 hoc
2062 1480 2113 1509 est

1122 1545 1361 1569 aerumnarum
1381 1527 1522 1575 mundi,
1546 1527 1645 1577 queis
1664 1525 1892 1578 premebatur
1912 1538 2022 1575 genus
2042 1523 2111 1561 hu—

1122 1597 1279 1631 manum,
1298 1581 1395 1633 quod
1413 1581 1459 1618 ab
1478 1595 1516 1618 ea
1536 1594 1614 1630 quae
1635 1578 1830 1617 secundum
1846 1579 1961 1615 Deum
1982 1586 2034 1614 est
2052 1590 2112 1615 vo-

1121 1636 1256 1688 luptate
1275 1645 1309 1673 et
1327 1649 1347 1672 a
1366 1635 1529 1672 libertate
1554 1631 1748 1678 exciderat,
1771 1640 1804 1667 et
1822 1630 1971 1667 terrenis
1997 1630 2112 1680 operi-

1121 1689 1188 1728 bus
1208 1687 1413 1734 insudabat,
1433 1700 1474 1723 ac
1500 1685 1661 1737 peritura
1689 1683 1917 1722 tabernacula
1936 1683 2082 1734 parabat
2103 1698 2109 1717 :

1121 1741 1205 1792 quia
1225 1740 1317 1779 nihil
1341 1738 1439 1792 apud
1471 1737 1633 1775 homines
1664 1736 1791 1774 stabile
1819 1735 1877 1773 vel
1908 1744 2027 1772 tutum
2046 1744 2112 1779 est,

1122 1793 1185 1832 sed
1203 1794 1321 1831 omnia
1340 1793 1579 1830 humanarum
1598 1802 1770 1827 manuum
1788 1802 1895 1840 opera
1912 1802 1932 1825 a
1957 1796 2116 1838 tempore

1124 1847 1373 1884 absumuntur.
1391 1844 1447 1882 Ab
1461 1844 1527 1880 hae
1546 1856 1610 1880 nos
1626 1841 1798 1880 servitute
1815 1840 1896 1878 vult
1912 1841 2009 1878 Deus
2026 1839 2115 1877 libe-

1124 1912 1226 1948 rare,
1246 1911 1329 1949 erga
1347 1911 1438 1949 opus
1457 1909 1563 1933 suum
1592 1895 1714 1932 labore
1741 1907 1950 1945 oppressum
1972 1891 2117 1930 misera-

1124 1951 1220 1989 tione
1235 1951 1379 1994 ductus,
1400 1958 1441 1986 ut
1458 1948 1545 1985 olim
1564 1946 1688 1985 videns
1707 1945 1937 1984 afflictionem
1954 1945 2115 1983 filiorum

1126 2004 1247 2053 Israel,
1267 2004 1361 2055 ipsos
1376 2000 1544 2039 liberavit
1562 2014 1624 2051 per
1645 2009 1746 2037 terrae
1772 1998 1953 2050 promissae
1981 2012 2116 2049 posses-

1125 2057 1274 2094 sionem.
1304 2054 1518 2095 Voluntarie
1539 2052 1633 2090 enim
1652 2051 1700 2090 ad.
1718 2054 1835 2089 Deum
1854 2050 1983 2089 reverti
2009 2064 2115 2102 opor-

1126 2119 1174 2147 tet
1190 2123 1259 2158 eos,
1277 2108 1338 2158 qui
1357 2105 1557 2145 voluntarie
1575 2104 1786 2143 resilierunt.
1807 2103 2004 2141 Mittuntur
2023 2102 2115 2140 servi

1125 2163 1240 2213 legem
1258 2162 1456 2203 afferentes,
1470 2173 1535 2211 per
1552 2158 1666 2209 legem
1682 2157 1728 2195 ad
1740 2155 1919 2208 justitiam
1934 2164 2113 2204 vocantes,

1127 2229 1191 2268 per
1204 2214 1383 2267 justitiam
1405 2212 1452 2250 ad
1483 2213 1599 2249 Deum
1628 2210 1809 2257 ducentes,
1839 2223 1951 2260 parva
1973 2208 2115 2246 interim

1128 2267 1303 2320 supplicia
1324 2264 1539 2304 adversariis
1562 2263 1798 2315 potestatibus
1817 2262 2014 2308 inferentes,
2034 2275 2117 2298 nec-

1127 2320 1216 2358 dum
1236 2320 1427 2373 perfectam
1452 2316 1662 2370 perniciem,
1688 2315 1749 2354 sed
1769 2329 1813 2353 ex
1836 2323 1936 2366 parte
1960 2322 2114 2361 tantum,

1128 2373 1356 2421 adducentes,
1387 2370 1516 2422 impios
1534 2368 1693 2407 nondum
1713 2369 1818 2420 plane
1838 2366 1883 2404 de
1906 2366 2024 2404 medio
2045 2367 2116 2403 tol-

1127 2427 1248 2464 lentes.
1274 2425 1350 2462 Hoc
1370 2423 1464 2461 enim
1487 2422 1734 2460 reservabatur
1753 2419 1898 2457 Domini
1925 2418 2092 2457 adventui
2107 2448 2117 2466 ‚

1129 2479 1190 2529 qui
1209 2487 1289 2530 post
1307 2490 1426 2514 servos
1446 2475 1520 2512 suis
1539 2474 1664 2511 adfuit.
1691 2473 1829 2510 Horum
1857 2481 1975 2509 autem
1994 2471 2118 2522 figurae

1130 2540 1162 2568 et
1181 2530 1346 2582 symbola
1366 2537 1482 2573 erant,
1503 2529 1647 2578 Moyses
1663 2525 1791 2563 missus
1809 2523 1854 2561 ad
1874 2526 1895 2564 J
1901 2523 2017 2561 udaeos
2036 2538 2116 2561 eum

1132 2586 1271 2622 Aarone
1298 2581 1420 2629 fratre,
1442 2579 1490 2618 ad
1508 2579 1646 2616 cultum
1663 2577 1732 2615 Dei
1750 2591 1878 2616 vocans
1890 2606 1901 2626 ,
1923 2576 2038 2628 plagis
2057 2590 2120 2628 per

1130 2645 1247 2687 partes
1266 2633 1434 2671 immissis
1465 2631 1655 2684 AEgyptios
1675 2630 1864 2669 verberans
1883 2637 2028 2681 propter
2051 2643 2118 2680 po-

1131 2687 1259 2739 pulum
1271 2686 1307 2724 in
1318 2686 1525 2724 servitutem
1536 2683 1718 2722 redactum
1729 2692 1762 2720 et
1776 2682 1965 2720 afflictum.
1983 2683 2120 2721 Verum

1133 2740 1176 2778 iis
1201 2740 1249 2777 ita
1277 2739 1405 2791 gestis,
1424 2737 1544 2775 adhuc
1571 2736 1681 2774 Israel
1705 2736 1741 2773 in
1768 2735 1928 2787 AEgypto
1947 2743 2034 2780 erat,
2057 2749 2121 2772 rex

1134 2792 1388 2844 AEgyptiorum
1415 2804 1496 2828 cum
1527 2791 1602 2827 Deo
1629 2788 1748 2826 adhuc
1775 2801 1936 2840 pugnare
1967 2796 2118 2838 poterat.

1134 2846 1252 2895 Plagae
1284 2858 1412 2882 novem
1439 2842 1606 2880 immissae
1634 2842 1788 2890 fuerant,
1815 2849 1849 2878 et
1880 2839 2039 2877 nondum
2067 2853 2122 2877 res

1134 2898 1287 2950 perfecta
1305 2905 1393 2934 erat.
1418 2897 1636 2934 Postremam
1668 2893 1790 2931 inferri
1818 2892 2017 2945 oportebat,
2048 2891 2121 2943 pri-

1136 2949 1396 3001 mogenitorum
1414 2947 1608 2997 interitum,
1625 2955 1659 2984 et
1676 2955 1796 2997 postea
1816 2945 1982 2984 Israelem
2007 2944 2118 2982 exire.

1137 3003 1205 3040 Hic
1223 3015 1335 3053 agnus
1354 3001 1571 3048 immolatur,
1588 3008 1621 3037 et
1636 2998 1770 3036 aedium
1784 2997 2015 3036 Hehraeorum
2031 2997 2122 3033 fores

1136 3055 1307 3107 sanguine
1331 3062 1532 3104 unguntur,
1553 3065 1593 3089 ac
1620 3065 1684 3104 per
1714 3050 1896 3101 sanguinis
1916 3049 2121 3101 symbolum

1136 3106 1363 3160 primogeniti
1386 3106 1618 3144 Hebraeorum
1645 3103 1740 3142 necis
1761 3104 1905 3156 plagam
1929 3101 2117 3151 effugiunt.

1138 3160 1337 3199 Comedunt
1367 3172 1501 3210 agnum
1530 3156 1647 3197 Judaei
1674 3171 1755 3194 cum
1777 3154 1912 3207 azymis
1942 3163 1975 3191 et
2003 3152 2122 3189 herbis

1140 3213 1279 3251 amaris.
1290 3212 1432 3249 Exeunt
1445 3226 1490 3249 ex
1503 3210 1676 3262 AEgypt05
1686 3208 1882 3258 insequitur
1894 3206 2029 3242 Pharao
2040 3219 2120 3242 cum

1141 3265 1285 3316 reliquis
1300 3264 1498 3323 AEgyptiis;
1513 3262 1557 3299 atl
1572 3277 1667 3300 marc
1683 3261 1845 3297 Rubrum
1860 3257 2016 3305 veniunt,
2025 3256 2122 3307 quod

1141 3319 1296 3356 divisum
1309 3332 1369 3369 per
1380 3325 1547 3354 virtutem
1563 3315 1626 3352 Dei
1640 3323 1669 3351 ct
1684 3313 1821 3363 virgam
1832 3309 1982 3362 Moysis,
1991 3309 2123 3360 excipit

1141 3371 1285 3422 quidem
1294 3369 1489 3407 exercitum
1497 3368 1740 3414 Hebraeortuu,
1750 3364 1809 3402 sed
1820 3361 2123 3414 ingressamAEgy-
