2522 3683
124 1562 206 1591 l’sal.
232 1570 254 1588 1.
272 1563 301 1592 3,

118 1822 243 1851 Proust».
256 1823 300 1853 18.

116 2034 179 2061 λεν,
199 2042 297 2072 ιῐ.ι9,

119 2191 233 2220 ῐιίόι,
254 2199 298 2219 11.

117 2236 163 2271 πῄ.

322 190 408 252 752

319 289 385 325 hoe
410 295 473 334 est,
496 290 584 322 Ante
608 283 800 323 adventum
818 295 934 320 meum
956 281 1176 321 fructificasti
1201 293 1296 316 mor—

317 349 404 388 te1n;
415 352 493 377 eece
506 337 646 386 adveni,
656 337 733 375 haec
740 345 789 374 est
803 335 1025 374 resurreetio.
1041 336 1129 372 Cum
1142 346 1223 384 ergo
1234 332 1296 369 ad-

318 391 490 439 venerim,
513 404 707 441 numquam
719 403 764 427 ex
781 398 816 426 te
833 389 967 426 fruetus
982 395 1143 424 nascatur
1158 385 1192 422 in
1207 398 1297 421 sem-

320 445 510 497 piternum.
533 445 585 481 Et
601 443 779 495 arefacta
809 449 863 479 est
883 443 1066 478 continuo
1084 438 1264 490 ficulnea
1285 452 1296 471 .-

300 520 304 524 ·
322 506 354 535 et
372 496 557 549 impletum
576 504 625 533 est
643 494 737 545 quod
753 493 923 545 seriptum
942 503 992 530 est
1007 508 1015 528 :
1029 491 1228 541 Absorpta
1245 496 1299 526 est

323 563 422 588 mors
434 552 475 586 in
489 551 669 586 victoria.
695 549 768 584 Ubi
779 554 847 591 est,
862 558 976 590 mors,
995 543 1172 582 stimulus
1188 551 1274 580 tuus
1285 544 1301 577 P
1319 543 1343 572 D

323 606 387 641 ubi
407 611 461 639 est
482 610 560 650 lua,
581 602 746 653 inferne,
766 600 934 636 victoria
948 601 964 633 Ρ
982 597 1072 634 Cum
1087 595 1180 633 enim
1206 594 1302 632 dixit

323 654 552 705 evangelista,
580 662 656 690 tum
686 651 855 704 temporis
891 649 1043 687 hiemem
1072 648 1194 696 fuisse,
1217 661 1299 684 euin

322 707 529 745 luxuriabat
554 706 647 743 foliis
666 706 766 753 ficus,
785 713 862 741 tum
886 702 1086 739 luxuriasse
1114 709 1298 753 peccatum

322 759 509 807 indicavit,
526 758 624 809 quod
639 757 702 795 toti
717 756 903 794 hominum
922 754 1038 806 generi
1060 753 1223 792 diabolus
1242 752 1299 789 in—

322 813 438 851 sidens
462 812 576 849 hiems
615 819 712 848 esset.
741 808 883 847 Etenim
916 816 1104 858 antequam
1136 805 1300 858 princeps

320 865 418 917 pacis
433 864 597 903 Christus
612 860 1021 911 adveniret,mortalium
1034 872 1142 909 genus
1150 856 1301 896 diversis

320 917 505 970 spiritibus
521 916 565 954 ad
580 915 756 953 idolorum
776 914 892 951 cultus
913 921 946 950 et
961 911 1141 963 sanguinis
1158 910 1301 948 effusio—

322 985 396 1020 nes,
427 969 693 1007 comessationes
730 976 763 1004 et
797 965 979 1003 luxuriam
1009 963 1250 1001 concitabatur
1291 977 1298 997 :

322 1033 508 1075 postquam
532 1030 651 1058 autem
676 1018 850 1058 Dominus
873 1025 989 1054 noster
1016 1018 1117 1055 Jesus
1138 1014 1301 1052 Christus

321 1091 393 1127 pax
419 1073 543 1113 mundi
563 1072 672 1120 venit,
687 1069 974 1108 adversariorum
998 1068 1191 1119 spirituum
1222 1080 1301 1103 sco-

320 1129 421 1179 pulos
454 1124 662 1177 suppressit,
683 1138 702 1160 a
722 1122 852 1173 quibus
880 1120 1187 1172 perturbationum
1216 1118 1300 1157 vitm

320 1181 426 1231 liujus
445 1192 542 1216 mare
555 1176 816 1225 salsuginosum
831 1173 1056 1221 turbabatur,
1075 1181 1109 1209 et
1128 1185 1300 1223 spuman—

320 1241 370 1270 tes
404 1233 627 1283 voluptatum
653 1229 782 1266 ssuctus
813 1226 967 1264 sustulit.
999 1226 1160 1275 Cumque
1189 1223 1298 1261 ficum

320 1285 530 1330 areseeisset,
552 1281 667 1321 crucis
691 1280 799 1318 fidem
827 1277 1015 1331 plantavit,
1029 1291 1108 1328 quae
1128 1276 1249 1314 floruit
1266 1285 1299 1314 et

319 1338 391 1376 vita
421 1337 585 1375 omnibus
617 1332 817 1372 coruscavit
845 1347 852 1367 ε
883 1332 984 1384 cujus
1015 1330 1130 1368 crucis
1162 1329 1298 1367 radices
1318 1330 1340 1360 E

320 1391 464 1441 quidem
481 1390 517 1427 in
542 1398 671 1426 terram
700 1385 828 1424 defixae
848 1393 941 1432 sunt,
956 1392 992 1421 at
1022 1383 1059 1420 in
1085 1382 1189 1420 caelos
1215 1396 1298 1434 pro-

318 1444 408 1481 tensi
434 1451 514 1481 sunt
534 1440 644 1488 rami,
665 1439 766 1490 eujus
794 1436 878 1474 folia
898 1445 980 1474 sunt
1013 1435 1201 1473 senectutis
1229 1449 1297 1473 ex—

318 1497 443 1547 pen-tia,
465 1505 497 1534 et
522 1494 585 1533 flos
604 1489 920 1539 immarcescibilis,
939 1498 972 1526 et
995 1489 1131 1526 fruetus
1150 1487 1298 1525 immor-

318 1549 420 1599 talis,
444 1549 545 1600 eujus
564 1545 655 1597 ligni
683 1542 844 1582 meminit
863 1551 896 1580 et
925 1541 1061 1590 David,
1076 1540 1196 1578 dicens
1216 1555 1223 1575 :
1244 1542 1297 1578 Et

319 1605 390 1639 erit
426 1610 626 1652 tamquam
665 1598 834 1648 lignum,
864 1595 968 1647 quod
992 1595 1214 1645 plantatum
1242 1601 1299 1630 est

318 1668 424 1692 secus
445 1655 625 1691 decursus
645 1662 860 1702 aquarum:
879 1648 983 1699 quod
989 1648 1170 1699 fructum
1186 1659 1297 1683 suum

318 1708 427 1745 dabit
441 1709 481 1743 in
509 1714 674 1755 tempore
696 1715 762 1739 sno
785 1717 795 1736 .-
812 1700 1003 1753 etsolium
1024 1701 1105 1758 ejus
1132 1712 1210 1735 non
1225 1699 1294 1735 de-

311 1759 418 1810 fluet.
448 1758 565 1810 Hujus
593 1755 682 1805 ligni
710 1752 870 1791 meminit
889 1751 1080 1804 Sapientm,
1108 1750 1196 1788 dum
1220 1751 1293 1788 ait:

317 1814 482 1863 Lignum
512 1813 604 1848 vita>
625 1816 679 1845 est
712 1807 886 1843 omnibus
904 1807 972 1857 qui
990 1804 1296 1855 complectuntur

316 1879 412 1902 eam.
433 1864 508 1901 Hoc
526 1863 664 1913 lignum
678 1873 758 1897 cum
774 1858 877 1896 oculo
901 1856 1105 1909 prophetico
1124 1856 1294 1895 Jeremias

316 1916 567 1968 conspexisset,
594 1928 613 1951 a
636 1911 771 1952 Judaeis
792 1911 963 1948 adversus
983 1908 1165 1946 Christum
1184 1908 1294 1946 fabri—

1274 198 1446 229 spuma.

1367 279 1443 323 σίας
1463 278 1750 332 ἐκαρποφόρησας
1772 279 1932 318 θάνατον·
1964 279 2032 318 ἰδοὺ
2056 278 2124 332 ἐγὼ
2150 277 2388 331 παραγέγονα,

1367 331 1453 378 αὕτη
1473 335 1494 378 ἡ
1517 332 1716 376 ἀνάστασις.
1751 332 1862 382 Ἔμοῦ
1880 332 2161 386 παραγενομένου
2186 331 2324 377 Μηκέτι
2346 334 2387 369 ἐκ

1367 388 1428 422 σοῦ
1447 384 1579 437 καρπὸς
1601 384 1743 436 γένηται
1768 387 1814 428 εἷς
1839 385 1896 423 τὸν
1918 388 2038 424 αἰῶνα.
2074 384 2144 423 Καὶ
2163 383 2285 427 εὐθέως
2306 383 2387 430 ἐξη-

1370 436 1475 487 ράνθη
1495 440 1517 483 ἡ
1537 440 1624 483 συκῆ
1637 452 1645 460 ·
1675 436 1735 474 καὶ
1757 435 1942 488 ἐπληρώθη
1959 438 1998 476 τὸ
2018 436 2259 489 γεγραμμένον
2275 466 2285 483 ,
2304 438 2385 474 Κα-

1368 488 1496 535 τεπόθη
1512 492 1529 526 ὃ
1549 489 1691 532 θάνατος
1710 491 1757 532 εἷς
1772 494 1876 532 νῖκος.
1906 491 1982 528 Ποῦ
1996 506 2072 535 σου,
2093 489 2230 536 θάνατε,
2251 488 2290 526 τὸ
2305 487 2386 526 κέν-

1368 556 1468 593 τρον;
1490 545 1556 579 ποῦ
1574 557 1646 589 σου,
1667 542 1746 596 ᾅδῃ,
1767 542 1807 580 τὸ
1824 547 1915 585 νῖκος
1930 558 1940 588 ;
1957 541 2102 580 “Eia-(bv
2117 541 2184 595 γὰρ
2202 544 2219 579 ὃ
2239 543 2385 592 εὐαγγε-

1367 593 1488 640 λιστὴς
1508 597 1666 646 χειμῶνα
1691 597 1778 632 εἰναι
1798 593 1876 632 κατ’
1907 596 2034 632 ἐκεῖνον
2064 594 2122 632 τὸν
2153 594 2273 645 καιρὸν
2302 595 2335 631 ἐν
2356 587 2386 644 ᾧ

1368 649 1389 691 ἡ
1413 649 1499 693 συκῆ
1528 653 1598 689 τοῖς
1625 647 1764 701 φύλλοις
1794 645 1927 696 ἐκόμα,
1945 646 2086 697 ᾐνίξατο
2110 646 2162 684 ὅτι
2181 650 2204 692 ἦ
2230 645 2386 698 ἁμαρτία

1369 698 1499 749 ἐκόμα,
1531 699 1587 737 διὰ
1607 699 1647 738 τὸ
1673 703 1760 737 εἰναι
1779 699 1837 737 τὸν
1858 698 2017 737 διάὸολον
2034 701 2192 750 χειμῶνα
2210 698 2388 748 ἐπικείμε-

1368 766 1424 789 νον
1441 752 1537 803 πάσῃ
1557 755 1599 802 τῇ
1619 751 1872 805 ἀνθρωπότητι.
1901 751 1979 804 Πρὸ
1995 750 2062 803 γὰρ
2076 754 2137 797 τῆς
2153 755 2213 789 τοῦ
2228 749 2387 802 εἷρηνάρ-

1368 819 1431 854 χου
1452 804 1655 857 παρουσίας,
1675 804 1844 848 ποικίλοις
1861 804 2055 855 πνεύμασιν
2075 805 2244 842 ἐκλονεῖτο
2261 803 2301 840 τὸ
2320 804 2391 840 τῶν

1371 855 1560 907 ἀνθρώπων
1579 856 1686 908 γένος,
1704 857 1789 909 πρὸς
1808 856 2092 907 εἷδωλολατρείας
2107 856 2166 894 καὶ
2181 854 2393 907 αἷμοχυσίας

1370 908 1430 945 καὶ
1459 907 1597 958 κώμους
1627 910 1686 948 καὶ
1716 909 1876 961 λαγνείας
1912 909 2157 959 ἐλαυνόμενον·
2188 907 2295 947 ἐλθὼν
2316 906 2350 945 δὲ
2373 911 2395 945 ὁ

1369 961 1496 1013 Κύριος
1514 960 1529 981 ¹³
1541 964 1641 1013 ἡμῶν
1661 961 1794 1008 Ἰησοῦς
1815 962 1977 1014 Χριστὸς,
1993 965 2015 1008 ἡ
2031 960 2149 1013 εἰρήνη
2168 964 2226 999 τοῦ
2246 960 2393 1010 κόσμου,

1370 1013 1569 1051 κατέστειλε
1600 1013 1660 1057 τὰς
1692 1017 1759 1052 τῶν
1788 1015 1951 1053 ἐναντίων
1981 1012 2186 1064 πνευμάτων
2219 1013 2391 1055 σπιλάδας

1368 1064 1607 1128 ταραττούσας
1625 1066 1689 1112 τὴν
1711 1071 1770 1104 τοῦ
1792 1066 1866 1117 βίου
1880 1066 2001 1105 τούτου
2015 1069 2084 1104 τῶν
2100 1069 2219 1104 παθῶν
2240 1067 2393 1117 ἁλμυρο-

1369 1131 1471 1169 φορον
1493 1117 1684 1165 θάλασσαν,
1703 1119 1762 1156 καὶ
1781 1118 1826 1156 τὰ
1848 1118 2026 1172 ἀφροφόρα
2043 1121 2110 1156 τῶν
2135 1118 2264 1164 ἡδονῶν
2287 1117 2390 1155 κατέ-

1369 1168 1472 1208 σὸεσε
1490 1169 1644 1221 κύματα.
1666 1170 1736 1209 Καὶ
1757 1170 1905 1223 ξηράνας
1922 1171 1984 1216 τὴν
2006 1173 2125 1217 συκῆν,
2144 1170 2306 1222 ἐφύτευσε
2324 1169 2388 1215 τὴν

1367 1227 1426 1260 τοῦ
1439 1226 1586 1277 σταυροῦ
1598 1223 1714 1261 πίστιν
1726 1225 1909 1271 ἀνθοῦσαν,
1924 1223 1985 1260 καὶ
1999 1222 2090 1268 ζωὴν
2119 1229 2225 1260 πᾶσιν
2254 1223 2389 1275 ἀστρά-

1366 1289 1532 1313 πτουσαν·
1543 1279 1581 1315 οὗ
1597 1279 1744 1329 σταυροῦ
1760 1279 1794 1314 αἱ
1812 1275 1872 1327 μὲν
1888 1276 1978 1329 ῥίζαι
1992 1277 2038 1319 εἷς
2053 1275 2116 1322 τὴν
2132 1277 2196 1328 γῆν
2211 1275 2390 1323 ἐτέθησαν,

1369 1330 1399 1366 οἱ
1430 1327 1466 1366 δὲ
1493 1328 1615 1368 κλάδοι
1642 1330 1689 1371 εἰς
1715 1328 1874 1381 οὐρανοὺς
1897 1328 2133 1374 ἀνετᾶθησαν·
2156 1322 2194 1367 οὗ
2211 1326 2254 1365 τὰ
2279 1327 2392 1380 φύλλα

1370 1381 1551 1434 ἀγήρατα,
1582 1382 1652 1435 καὶ,
1673 1381 1712 1419 τὸ
1739 1382 1837 1425 ἄνθος
1871 1381 2093 1434 ἀμάραντον,
2125 1380 2186 1419 καὶ
2212 1384 2230 1419 ὃ
2257 1380 2390 1432 καρπὸς

1371 1434 1539 1478 ἀθάνατος
1552 1450 1559 1457 ·
1594 1437 1652 1472 ⁰015
1682 1433 1741 1472 καὶ
1778 1437 1796 1472 ὃ
1825 1434 1934 1472 Δαυὶδ
1965 1434 2140 1485 μέμνηται
2167 1433 2264 1477 ξύλου
2279 1461 2288 1478 ,
2322 1432 2388 1471 λε’-

1368 1502 1437 1536 γων
1451 1503 1458 1510 ·
1489 1487 1559 1525 Καὶ
1585 1486 1683 1525 ἔσται
1705 1489 1752 1530 ὡς
1775 1486 1815 1524 τὸ
1843 1486 1938 1530 ξύλον
1957 1486 1997 1524 τὸ
2019 1485 2272 1538 πεφυτευμένον
2291 1484 2389 1536 παρὰ

1367 1539 1429 1583 τὰς
1445 1539 1610 1583 διεξόδους
1633 1542 1701 1577 τῶν
1724 1539 1858 1578 ὑδάτων
1871 1568 1880 1586 ,
1909 1538 1927 1576 ὃ
1942 1539 1998 1576 τὸν
2013 1539 2145 1590 καρπὸν
2162 1541 2265 1576 αὐτοῦ
2286 1536 2390 1575 δώσει

1369 1593 1402 1629 ἐν
1425 1595 1537 1644 καιρῷ
1561 1594 1664 1630 αὐτοῦ
1679 1621 1688 1638 ,
1715 1592 1774 1630 καὶ
1795 1591 1834 1629 τὸ
1858 1591 1982 1644 φύλλον
2004 1594 2108 1629 αὐτοῦ
2130 1592 2190 1629 οὒκ
2212 1590 2387 1642 ἀπορῥυή-

1368 1660 1477 1683 σεται.
1517 1644 1651 1683 Τούτου
1671 1647 1730 1682 τοῦ
1751 1643 1848 1688 ξύλου
1867 1644 2041 1695 μέμνηται
2057 1643 2116 1682 καὶ
2130 1647 2152 1690 ἡ
2170 1642 2281 1695 Σοφία
2297 1673 2306 1690 ,
2326 1642 2387 1680 λε’-

1367 1713 1491 1748 γουσα·
1521 1697 1632 1736 Ξύλον
1655 1698 1744 1742 ζωῆς
1765 1699 1838 1735 ἐστι
1861 1703 1948 1735 πᾶσι
1966 1703 2037 1740 τοῖς
2057 1695 2298 1748 ἀντεχομένοις
2318 1695 2384 1731 αὖ-

1366 1754 1439 1797 τῆς.
1456 1752 1569 1788 Τοῦτο
1587 1751 1627 1788 τὸ
1649 1748 1745 1792 ξύλον
1766 1749 1996 1802 ἀπροφητικῷ
2018 1750 2185 1800 ὀφθαλμῷ
2206 1746 2383 1800 θεωρήσας

1366 1801 1561 1854 Ἱερεμίας,
1589 1802 1656 1840 ὑπὸ
1683 1805 1751 1840 τῶν
1772 1800 1947 1840 Ἰουδαίων
1975 1801 2100 1852 μέλλον
2118 1800 2208 1839 κατὰ
2232 1801 2387 1853 Χριστοῦ

1365 1858 1588 1903 πελεκᾶσθαι,
1604 1857 1652 1898 εἷς
1665 1854 1850 1907 πρόσωπον
1867 1856 1934 1892 τῶν
1945 1854 2123 1892 Ἰουδαίων
2135 1852 2384 1905 ἀπεφθέγξατο,

1364 1907 1474 1960 λέγων
1503 1909 1637 1950 αὐτοῖς·
1666 1911 1797 1952 Δεῦτε,
1826 1906 1885 1945 καὶ
1913 1906 2121 1957 ἐμὸάλωμεν
2146 1906 2241 1950 ξύλον
2262 1907 2308 1948 εἷς
2326 1905 2384 1943 τὸν

315 1968 539 2013 bricandum,
562 1967 596 2003 in
616 1980 652 2003 os
688 1962 894 2003 Judaeorum
910 1961 1143 2014 proloquutus
1156 1970 1219 2007 est,
1234 1961 1350 2000 di—110
1365 1960 1467 2011 ἄρτον
1496 1963 1615 2006 αὐτοῦ,
1639 1960 1699 1998 καὶ
1727 1958 1946 2012 ἐκτρίψωμεν
1967 1960 2067 1998 αὐτὸν
2088 1962 2126 1997 ἐκ
2149 1962 2211 2010 γῆς
2235 1957 2384 2003 ζώντων.

315 2036 396 2060 cens
414 2022 499 2073 ipsis
520 2036 527 2056 ε
548 2021 694 2063 Venite,
718 2019 916 2054 mittamus
933 2016 1079 2066 lignum
1099 2017 1140 2051 in
1153 2027 1294 2065 panem
1315 2015 1339 2043 Α

316 2077 410 2126 ejus,
449 2082 485 2111 et
512 2073 717 2110 eradamus
744 2082 830 2106 eum
858 2069 904 2105 de
926 2076 1030 2105 terra
1063 2069 1291 2104 viventium.

315 2128 469 2178 Lignum
493 2133 544 2163 est
572 2138 673 2171 crux,
695 2121 797 2174 panis
826 2134 952 2172 corpus
986 2119 1130 2157 Christi.
1164 2119 1294 2157 Domi-

314 2195 380 2218 nus
399 2179 493 2217 enim
525 2185 666 2228 accepto
691 2187 782 2226 pane
810 2173 898 2210 dicit
927 2188 934 2208 :
964 2174 1049 2209 Hoc
1075 2180 1130 2209 est
1157 2185 1293 2223 corpus

315 2247 453 2279 meum,
477 2230 581 2283 quod
596 2243 666 2281 pro
682 2230 791 2265 vobis
805 2227 1015 2277 frangitur
1040 2227 1082 2261 in
1100 2227 1295 2262 remissio—

318 2300 401 2323 nem
430 2291 685 2336 peccatorum,
714 2280 755 2317 In
785 2279 876 2315 hanc
905 2277 1065 2314 tabulam
1084 2276 1199 2313 crucis
1216 2290 1295 2315 ere-

317 2348 409 2375 ctam
423 2350 503 2375 eum
524 2334 698 2373 Dominus
718 2340 835 2369 noster
855 2332 958 2369 Jesus
980 2329 1143 2367 Christus
1172 2342 1296 2366 aseen-

316 2391 438 2437 disset,
472 2398 505 2426 et
536 2401 617 2425 suas
658 2398 783 2422 manus
824 2382 1062 2434 expandisset,
1091 2395 1131 2418 ac
1172 2381 1296 2420 volan-

320 2454 367 2481 tes
389 2443 423 2480 in
442 2456 521 2479 aere
540 2440 688 2477 virtutes
707 2435 946 2488 expandisset,
976 2433 1181 2487 expeditam
1198 2433 1300 2472 nobis

358 2585 371 2598 ἱ·
399 2572 519 2614 [Saxil.
540 2578 567 2606 τί
585 2575 613 2604 δὲ
636 2575 678 2604 ἔτι
695 2577 827 2612 χειμῶνα
845 2571 920 2609 λέγει
936 2568 1009 2600 εἶναι
1029 2569 1042 2600 ὀ
1057 2569 1098 2599 εὖ.
1118 2570 1146 2599 ἐν
1163 2569 1260 2608 ἐκείνῳ
1277 2572 1319 2608 τῷ

317 2630 499 2671 καιροζ),ε“’νοκ
517 2629 545 2661 ἡ.
566 2639 591 2656 σ.
608 2638 636 2655 τ.
654 2637 683 2666 p.
699 2627 811 2662 ἐκόμας
827 2624 844 2658 ἦ
860 2624 977 2655 πάντως
994 2622 1194 2660 ἐπειγόμενος,
1212 2621 1254 2650 ε”τι
1271 2625 1321 2654 τῆς

317 2683 468 2721 ἁμαρτίας
493 2679 649 2714 ἀνθούσης,
667 2678 712 2706 ἵνα
738 2677 787 2705 τὸν
805 2674 967 2704 διαθολικὸν
988 2678 1121 2712 χειμῶνα
1143 2674 1323 2711 ἐπικείμενον

318 2735 395 2772 πάσῃ
414 2733 622 2771 dampnandum
638 2728 775 2769 ἐπιδείξῃ.
794 2722 909 2753 Postea
926 2732 992 2752 om.
1011 2720 1168 2765 Χριστοῦ.]

362 2782 378 2804 ¹³
402 2781 408 2819 1
430 2778 527 2810 8ιινὶ1.
547 2782 640 2818 ἡμῶν,
656 2779 843 2812 zurici-em,
862 2773 989 2806 omissis
1005 2769 1236 2816 interpositis]

362 2839 371 2850 ‘⁸
398 2831 405 2874 l
426 2829 523 2862 Snril.
542 2830 605 2869 ¹215]

1365 2013 1477 2051 Ξύλον
1503 2017 1520 2051 ὃ
1544 2013 1709 2065 σταυρὸς,
1742 2012 1843 2067 ἄρτος
1866 2012 1906 2050 τὸ
1926 2014 2029 2062 σῶμα
2051 2013 2215 2064 Χριστοῦ.
2256 2009 2386 2048 Auge->v

1364 2065 1432 2120 γὰρ
1458 2069 1475 2103 ὁ
1499 2064 1624 2119 Κύριος
1646 2065 1762 2118 ἄρτον,
1789 2069 1874 2103 εἰπε*
1901 2064 2015 2103 Τοῦτό
2036 2066 2109 2102 ἐστι
2129 2064 2169 2102 τὸ
2185 2063 2287 2114 σῶμά
2308 2078 2388 2111 μου,

1365 2119 1404 2156 τὸ
1428 2117 1515 2171 ὑπὲρ
1544 2120 1639 2168 ὑμῶν
1669 2116 1847 2168 κλώμενον
1867 2119 1914 2160 εἷς
1934 2117 2054 2169 ἄφεσιν
2075 2118 2266 2168 ἁμαρτιῶν.
2303 2115 2389 2154 Ἐπὶ

1366 2175 1465 2209 τοῦτο
1492 2171 1531 2208 τὸ
1550 2169 1681 2222 εἰκρίον
1703 2175 1762 2209 τοῦ
1788 2173 1936 2223 σταυροῦ
1957 2168 2090 2213 ἀναὸὰς
2107 2173 2125 2207 ὁ
2142 2168 2266 2220 Κύριος
2286 2170 2388 2219 ἡμῶν

1368 2223 1503 2269 Ἰησοῦς
1525 2223 1672 2276 Χριστὸς
1689 2253 1699 2271 ,
1727 2222 1787 2260 καὶ
1818 2222 1880 2266 τὰς
1904 2228 2025 2274 χεῖρας
2052 2224 2155 2260 αὐτοῦ
2182 2221 2388 2265 ἐκπετάσας,

1368 2276 1426 2313 καὶ
1457 2275 1518 2318 τὰς
1546 2278 1582 2313 ἐν
1614 2277 1663 2325 τῷ
1692 2275 1768 2327 ἀέρι
1796 2274 1988 2324 πετομένας
2024 2274 2185 2324 δυνάμεις
2214 2272 2389 2319 ἐξελάσας,

1370 2328 1620 2378 ἀνεμπόδιστον
1640 2329 1724 2377 ἡμῖν
1741 2326 1803 2373 τὴν
1819 2329 1865 2370 εἷς
1882 2327 2022 2379 οὐρανὸν
2036 2326 2177 2379 πορείαν
2192 2325 2389 2378 ηὐτρέπιζε,

1369 2380 1428 2419 καὶ
1447 2379 1603 2430 κλίμακα
1627 2378 1764 2431 μακρὰν
1781 2383 1866 2430 ἡμῖν
1885 2379 1947 2426 τὴν
1969 2379 2085 2416 πίστιν
2104 2379 2172 2417 ἀπὸ
2187 2382 2250 2430 γ’ῆς
2266 2380 2312 2420 εἷς
2327 2379 2389 2415 οὐ-

1373 2433 1472 2485 ρανὸν
1493 2431 1700 2475 Ῑάνατείνας
1716 2447 1723 2454 ·
1746 2432 1806 2470 καὶ
1830 2432 1870 2470 τὸ
1891 2431 2097 2484 παράδοξον,
2123 2431 2180 2469 ἐὰν
2205 2429 2389 2477 ἀκούσητε,

1418 2563 1434 2587 «l
1469 2561 1594 2604 [Savil.
1615 2569 1803 2608 προφητικῶς
1828 2565 1992 2606 ὀφθαλμοὶ,-
2018 2564 2165 2606 θεωρῶνὸ
2188 2557 2210 2593 i.
2231 2563 2384 2603 μέλλον...

1375 2615 1600 2661 ἀνερθέγξατο.]

1419 2673 1430 2686 ⁶
1455 2665 1581 2709 [Savil.
1606 2674 1736 2709 σημεῖον.
1755 2665 1799 2698 Εῑ
1815 2676 1892 2697 mox
1909 2665 2035 2697 omittit
2066 2664 2127 2702 ἰησ.
2147 2674 2203 2709 Χρ.
2239 2671 2271 2695 et
2297 2667 2386 2698 αὐτοῦ

1378 2726 1453 2761 post
1469 2719 1599 2763 χεῖρας.]

1422 2772 1435 2796 s
1458 2768 1627 2814 [ἀνατείνει
1644 2769 1731 2811 conj.
1748 2767 1865 2809 Savil.]

988 2929 1254 2969 SEVERIANI
1282 2927 1569 2967 INTERPRET
1578 2928 1706 2966 ATIO.

320 3071 529 3100 adernam:
553 3066 586 3095 et
602 3059 781 3094 continuo
807 3054 983 3104 arefacta
1010 3060 1063 3089 est
1073 3052 1271 3103 ficulnea,·
1290 3060 1394 3101 atque
1425 3050 1638 3102 completum
1657 3047 1725 3085 fuit
1744 3047 1915 3099 scriptum
1934 3061 1940 3082 :
1962 3047 2002 3084 A
2007 3048 2161 3097 bsorpta
2180 3055 2234 3085 est
2254 3049 2385 3084 mortis

318 3115 494 3152 victoria.
518 3112 591 3148 Ubi
610 3117 678 3154 est,
699 3119 812 3152 mors,
831 3107 1000 3142 victoria
1017 3104 1108 3141 tua?
1127 3113 1162 3141 et
1181 3106 1245 3141 ubi
1261 3104 1438 3141 stimulus
1455 3106 1567 3140 tuus?

258 3178 304 3203 [ιη
372 3168 444 3204 Cur
463 3173 580 3201 autem
595 3162 760 3213 hyemem
779 3158 884 3195 fuisse
906 3156 1000 3193 dixit
1019 3156 1233 3205 evangelista
1253 3170 1293 3193 eo
1329 3165 1501 3207 tempore,
1539 3168 1609 3205 quo
1645 3153 1797 3191 ficulnea
1832 3151 2018 3188 frondibus
2051 3159 2171 3188 ornata
2204 3160 2384 3200 tamquam

318 3228 453 3257 comata
472 3225 558 3265 erat,
585 3214 652 3252 nisi
672 3220 711 3249 ut
730 3209 885 3259 undique
903 3207 1115 3244 declarasset
1132 3208 1249 3245 adhuc
1262 3217 1415 3260 peccatis
1437 3208 1593 3257 viguisse
1614 3205 1828 3243 diabolicam
1855 3212 2112 3255 tempestatem,
2133 3216 2210 3253 quae
2231 3203 2292 3239 toti
2312 3202 2382 3239 hu-

317 3271 475 3310 manitati
504 3265 698 3306 insidebat?
717 3261 903 3313 Siquidem
930 3268 1009 3296 ante
1031 3259 1223 3296 adventum
1248 3260 1420 3311 principis
1447 3260 1557 3311 pacis,
1587 3258 1734 3307 Christi,
1758 3256 1865 3295 variis
1890 3256 2004 3295 ventis
2035 3268 2145 3306 genus
2170 3255 2381 3303 humanum,

318 3322 529 3367 idololatria,
549 3317 729 3369 sanguinis
745 3313 928 3371 effusione,
946 3311 1164 3355 temulentia,
1185 3321 1217 3348 et
1236 3312 1512 3350 oninisluxuriae
1524 3311 1684 3349 moribus
1703 3309 1824 3362 pravis
1843 3308 2055 3359 agitabatur.
2078 3307 2250 3345 Dominus
2267 3315 2384 3344 autem

315 3378 374 3415 mlx
386 3376 501 3414 eniens
521 3387 591 3426 pax
611 3379 741 3420 nostra,
759 3366 934 3407 exstinxit
948 3363 1202 3403 contrariorum
1219 3373 1401 3403 ventorum
1418 3364 1602 3416 proeellas,
1616 3377 1693 3414 qua:
1712 3362 1891 3414 praesentis
1911 3360 1992 3400 vitae
2010 3373 2170 3399 amarum
2187 3373 2282 3397 marc
2303 3372 2385 3396 con-
