2481 3678
657 208 700 238 IN
736 207 944 238 JOANNEM
979 206 1119 236 Romu,

83 294 208 346 ἀγρόν·
239 287 331 332 οὗτοι
353 292 388 331 δὲ
415 293 583 337 πολλάκις
617 294 725 346 χωρὶς
761 294 890 332 ἐκείνου
924 296 1104 344 πανταχοῦ

81 362 267 408 περιιᾶσιν.
283 354 374 392 Ἀλλ’
395 357 412 391 ὁ
427 354 535 391 δοκῶν
553 348 640 392 εἶναι
660 355 794 408 κύριος,
819 354 858 392 ἂν
880 354 928 405 μὴ
945 355 1102 406 παρῶσιν

81 417 112 452 οἱ
129 417 262 463 δοῦλοι,
279 416 316 453 οὐ
336 416 451 466 τολμᾶΙ
469 417 646 467 προελθεῖν
667 416 810 463 οἴκοθεν,
830 414 920 452 ἀλλὰ
936 413 999 452 κᾶν
1020 428 1104 466 προ-

81 475 172 527 κύψῃ
192 479 254 522 τῆς
282 475 391 516 οἰκίας
426 475 545 526 μόνος,
576 476 835 528 καταγέλαστον
867 475 986 513 ἑαυτὸν
1019 467 1106 511 εἶναι

81 536 222 585 νομίζει.
253 537 285 573 Τ
288 536 357 587 άχα
384 535 471 579 τινὲς
498 539 643 587 γελῶσιν
673 540 766 587 ἡμᾶς
793 540 901 574 ταῦτα
925 535 1102 586 λέγοντας·

82 595 173 634 ἀλλὰ
203 597 245 633 δι’
276 597 358 634 αὐτὸ
379 596 440 647 μὲν
461 602 562 636 τοῦτο
589 596 720 649 μυρίων
752 595 907 647 δακρύων
941 593 1030 638 ἄξιοι
1065 593 1105 630 ἂν

82 649 160 694 εἶεν.
182 655 268 695 “Ort
288 657 355 710 γὰρ
379 658 516 696 δουλεία
547 663 666 705 τοῦτο,
687 657 796 703 ἡδέως
819 656 858 693 ἄν
881 671 918 694 σε
939 654 1103 708 ἐροίμην·

81 717 222 755 ἐδούλου
243 719 375 757 δεῖσθαι
394 723 453 757 τοῦ
474 720 529 757 τὸν
551 719 674 770 ψωμὸν
686 720 735 770 τῷ
749 715 898 766 στόματί
913 731 972 754 σου
995 731 1106 767 προσ-

81 778 253 826 τιθέντος,
287 778 308 824 ἢ
348 779 410 826 τὴν
444 779 569 817 κύλικα
601 785 671 821 τοῖς
695 777 828 829 χείλεσι
856 776 1107 829 προσάγοντος;

81 840 159 891 οὗχὶ
174 840 330 892 δακρύων
350 841 501 890 ἐνόμιζες
522 839 618 884 ἀξίαν
643 833 729 877 εἶναι
744 837 806 884 τὴν
825 837 1000 876 διακονίαν
1016 838 1107 875 ταύ-

81 916 160 947 την,
182 901 228 939 Τί
247 901 303 949 δὲ,
324 904 353 939 εἷ
378 901 619 952 βασταζόντων
640 902 742 938 τινῶν
767 898 861 938 ἐδέου
881 900 967 951 προς
982 899 1021 936 τὸ
1043 901 1106 950 βα-

82 961 184 1006 δίζειν
209 963 390 1009 διηνεκῶς,
411 964 471 1000 οὐκ
488 961 527 999 ἂν
547 961 689 1000 σεαυτὸν
706 961 850 999 ἐλεεινὸν
867 960 926 998 καὶ
943 959 1107 998 ἀθλιώτε-

84 1037 139 1074 ρον
168 1021 277 1074 ταύτη
313 1023 453 1061 πάντων
482 1022 661 1074 ἐνόμισας
691 1023 824 1060 Οὐκοῦν
851 1021 911 1059 καὶ
931 1026 990 1060 νῦν
1019 1021 1107 1059 οὕτω

82 1084 276 1123 διακεῖσθαι
294 1085 374 1123 ἔδει.
391 1084 501 1123 Οὐδὲν
517 1084 584 1137 γὰρ
605 1083 780 1136 διαφέρει,
796 1083 863 1122 εἴτε
883 1084 948 1122 ὑπο
960 1084 1107 1136 ἀλόγων,

83 1144 150 1182 εἴτε
182 1146 248 1184 ὑπὸ
273 1145 463 1199 ἀνθρώπων
496 1146 607 1184 ταῦτά
625 1161 678 1188 τις
708 1145 852 1197 πάσχει.
872 1144 919 1183 Τί
952 1145 1007 1192 δὲ,
1031 1147 1107 1184 εἰπέ

83 1221 162 1254 μοι,
177 1206 255 1258 οὐχὶ
275 1207 334 1245 καὶ
349 1207 455 1259 ταύτῃ
474 1208 694 1254 διεστιζκασιν
709 1209 810 1257 ἡμῶν
827 1209 857 1244 οἱ
873 1206 1013 1259 ἄγγελοι
1029 1237 1038 1254 ,
1054 1207 1108 1246 ὅτι

82 1267 120 1304 οὗ
142 1267 275 1306 δέονται
288 1267 377 1306 ὅσων
394 1272 516 1319 ἡμεῖς,
537 1270 672 1307 Οὐκοῦν
688 1267 758 1319 ὅσῳ
777 1266 839 1317 μὲν
859 1268 897 1304 ἂν
914 1268 1107 1307 ἐλαττόνων

83 1328 230 1378 δεόμεθα
244 1359 253 1375 ,
278 1329 431 1382 τοσούτῳ
446 1330 531 1381 πρὸς
548 1329 697 1371 ἐκείνους
718 1328 897 1378 ὃδεύομεν·
919 1328 989 1380 ὅσῳ
1006 1328 1042 1367 δὲ
1064 1329 1106 1367 ἂν

82 1390 263 1436 πλειόνων,
282 1389 434 1442 τοσοῖτῳ
450 1390 536 1442 πρὸς
554 1391 610 1428 τὸν
635 1389 802 1441 ἐπίκηρον
820 1394 940 1427 τοῦτον
956 1390 1107 1428 καταπί-

81 1466 214 1501 πτομεν
237 1451 321 1502 βίον.
347 1451 417 1489 Καὶ
445 1450 501 1488 ἵνα
523 1451 653 1501 μάθῃς,
674 1450 726 1487 ὅτι
747 1454 859 1487 ταῦτα
885 1449 992 1493 οὕτως
1018 1451 1108 1502 ἔχει,

82 1511 255 1562 ἐρώτησον
275 1511 352 1555 τοὺς
371 1512 629 1564 γεγηρακότας,
649 1517 744 1549 ποῖον
770 1510 1000 1563 μακαρίζουσι
1021 1512 1107 1562 βίον,

81 1573 138 1610 τὸν
154 1572 211 1611 ὅτε
232 1575 437 1624 ἐκρατοῦντο
462 1572 588 1623 μάτην,
614 1571 710 1617 ἢτὸν
730 1571 785 1610 ὅτε
815 1574 926 1610 αὐτῶν
946 1577 1111 1625 κρατοῦσι

83 1638 162 1681 νῦν;
195 1632 263 1671 Διὰ
295 1633 362 1686 γὰρ
392 1632 517 1672 ι’τοῦτο
549 1632 672 1676 αὐτοὺς
701 1632 849 1676 ἐκείνους
875 1634 1108 1685 ἐκαλέσαμεν,

85 1694 203 1741 ἐπειδὴ
219 1697 249 1733 οἱ
268 1697 300 1733 ἓν
317 1694 453 1740 νεότητι
470 1694 653 1744 μεθύοντες
668 1693 743 1731 οὐδὲ
764 1693 861 1732 ἴσασι
880 1697 942 1740 τῆς
958 1695 1112 1739 δουλείας

83 1756 146 1802 τὴν
170 1756 380 1816 ὓπερέολὴν.
403 1756 450 1794 Τί
477 1755 511 1793 δὲ
544 1754 859 1808 οἱοπυρέττοντες,
889 1754 969 1793 ὅταν
998 1757 1112 1794 πολλὰ

84 1819 250 1869 διψῶντες
263 1818 376 1856 πολλὰ
401 1816 528 1855 πίνωσι
555 1816 614 1854 καὶ
634 1818 773 1854 πολλῶν
793 1816 959 1863 δέωνται,
980 1816 1002 1862 ἢ
1029 1817 1111 1855 ὅταν

84 1878 286 1928 ὑγιοίναντες
308 1879 541 1928 ἀπαλλαγῶσι
558 1879 621 1923 τῆς
641 1877 846 1928 ἐπιθυμίας,
877 1877 1018 1921 ἑαυτοὺς
1044 1895 1112 1929 μα-

84 1938 425 1991 καρίζουσιν;(ορᾄς
440 1968 449 1984 ,
479 1938 531 1975 ὅτι
546 1941 728 1989 πανταχοῦ
753 1938 792 1976 τὸ
820 1941 958 1977 πολλῶν
980 1941 1112 1978 δεῖσθαι

83 1999 241 2046 ἐλεεινὸν,
272 1999 331 2037 καὶ
362 1999 481 2050 πόρρω
508 1998 728 2050 φιλοσοφίας,
768 1999 828 2036 καὶ
858 2000 1011 2043 δουλείας
1053 2000 1112 2038 καὶ

85 2060 270 2110 ἐπιθυμίας
304 2059 482 2106 ἐπίτασις;
513 2058 560 2098 Τί
585 2059 696 2097 τοίνυν
729 2059 864 2104 ἑκόντες
896 2060 1110 2110 ἐπιτείνομ;ν

85 2122 216 2164 ἑαυτοῖς
231 2121 293 2167 τὴν
316 2120 524 2176 ἀθλιότητα;
561 2120 635 2159 ’,ἶπὲ
653 2120 720 2172 γάρ
743 2137 822 2172 μοι,
845 2121 928 2172 εἴγε
944 2116 985 2168 ἦν
1002 2122 1111 2174 χωρὶς

84 2181 207 2232 στέγης
225 2182 283 2219 καὶ
304 2181 432 2232 τοίχων
454 2182 560 2232 μηδὲν
584 2181 824 2232 βλαπτόμενον
847 2185 965 2230 οἶκεῐν,
990 2185 1050 2221 οὐκ
1070 2184 1110 2220 ἂν

83 2241 175 2280 εἵλου
192 2247 292 2280 τοῦτο
312 2243 467 2292 μᾶλλον,
485 2241 576 2284 τίνος
596 2236 653 2279 oliv
674 2242 786 2281 ἕνεκεν
806 2243 850 2281 τὰ
870 2243 1029 2293 σύμὸολα
1048 2247 1111 2290 τῆς

81 2303 259 2346 ἀσθενείας
275 2302 474 2348 ἔπιτείνεις;
493 2304 546 2341 Οὐ
565 2303 622 2342 διὰ
638 2307 738 2343 τοῦτο
756 2304 813 2342 τὸν
834 2304 941 2355 Ἀδὰμ
959 2305 1112 2357 μακαρί-

82 2366 197 2415 ζομεν,
212 2364 264 2402 ὅτι
281 2363 414 2408 οὐδενὸς
431 2366 539 2402 ἐδεῖτο
552 2396 561 2410 ,
580 2367 641 2402 οὐκ
655 2364 871 2416 οἰκημάτων,
887 2367 948 2404 οὐκ
966 2367 1111 2418 ἐνδυμά-

81 2441 169 2472 των;
189 2426 283 2472 Ναὶ,
308 2425 428 2477 φησίν·
450 2425 540 2463 ἀλλὰ
560 2431 617 2464 νῦν
652 2428 687 2463 ἐν
707 2426 811 2480 χρείᾳ
830 2428 1110 2479 καθεστήκαμεν.

81 2486 129 2525 Τί
144 2486 257 2524 τοίνυν
271 2486 335 2532 τὴν
352 2486 474 2538 χρείαν
492 2486 657 2537 αὔξομεν;
678 2489 722 2524 Ei.
738 2488 805 2538 γὰρ
823 2489 947 2526 πολλοὶ
962 2489 1021 2526 καὶ
1040 2493 1109 2528 τῶν

82 2551 145 2594 τῆς
165 2547 285 2599 χρείας
306 2547 420 2585 πολλὰ
439 2546 688 2598 περικόπτουσι
714 2549 878 2593 (δούλους
906 2549 1022 2600 λέγω,
1051 2551 1110 2588 καὶ

83 2608 261 2659 οἰκήματα
273 2638 281 2654 ,
297 2608 357 2645 καὶ
371 2607 559 2660 χρήματα)
572 2636 582 2654 ,
599 2607 675 2645 τίνα
690 2608 730 2645 ἂν
751 2608 891 2660 ἔχοιμεν
907 2610 1110 2661 ἀπολογίαν,

82 2668 146 2715 τὴν
173 2668 293 2721 χρείαν
325 2668 612 2721 ὑπερδαίνοντες,
633 2667 736 2721 υΟσῳ
757 2668 797 2706 ἂν
828 2668 971 2707 πλείονα
1005 2687 1108 2724 περι-

83 2730 196 2782 ὅάλλη
210 2761 218 2777 ,
239 2729 393 2781 τοσούτῳ
410 2729 658 2782 δουλικώτερος
677 2728 832 2780 γέγονας.
853 2729 957 2782 υΟσῳ
973 2730 1040 2784 γὰρ
1069 2731 1109 2770 ἂν

82 2792 252 2830 πλειόνων
269 2792 392 2842 δεηθῇς
404 2822 413 2839 ,
435 2791 590 2844 τοσούτῳ
609 2791 674 2838 τὴν
688 2792 884 2845 ἐλευθερίαν
900 2798 914 2813 ²¹
926 2793 1107 2844 ἐπετέμου.

82 2853 125 2891 ‘H
145 2853 206 2902 μὲν
227 2852 293 2905 γὰρ
317 2852 465 2904 ἀκριὸὴς
483 2853 676 2905 ἐλευθερία,
697 2853 736 2891 τὸ
757 2853 901 2904 μηδενὸς
927 2854 1014 2898 ὅλως
1037 2856 1105 2893 δεῖ·

82 2917 179 2952 σθαι·
196 2917 217 2960 ἡ
242 2913 277 2950 δὲ
300 2916 375 2963 μετ’
396 2913 544 2961 ἐκείνην,
570 2914 609 2951 τὸ
629 2913 753 2966 ὀλίγων
776 2915 920 2961 δεῖσθαι,
940 2916 981 2962 ἣν
1005 2917 1107 2967 ἅγγε-

79 2977 134 3013 λοι
154 2974 309 3024 μάλιστα
337 2973 478 3026 ἔχουσι,
511 2974 570 3012 καὶ
595 2977 626 3013 οἳ
650 2974 778 3013 τούτων
809 2977 974 3027 μιμηταί.
999 2978 1051 3016 Τὸ
1072 2977 1108 3016 δὲ

80 3037 140 3075 καὶ
163 3038 195 3073 ἐν
222 3038 335 3086 θνητῷ
367 3035 507 3086 σώματι
535 3036 701 3086 μένοντας
735 3040 954 3089 κατορθῶσαι
983 3043 1107 3085 τοῦτο,

81 3098 240 3143 ἐννόησον
258 3096 379 3142 ἡλίκον
394 3096 466 3148 ἔχει
481 3097 538 3135 τὸν
558 3097 710 3137 ἔπαινον.
732 3101 846 3137 Τοῦτο
863 3100 922 3138 καὶ
938 3103 955 3138 ὃ
970 3103 1111 3145 Παῦλος

82 3162 178 3215 ἔλεγε
202 3161 396 3214 Κορινθίοις
427 3162 592 3214 γράφων·
618 3164 714 3216 Ἐγὼ
743 3165 776 3203 δὲ
809 3168 905 3216 ὑμῶν
927 3166 1110 3218 φείδομαι·

83 3229 165 3277 καὶ,
187 3228 244 3267 ἵνα
265 3228 313 3280 μὴ
337 3228 450 3281 θλίψιν
468 3232 511 3281 τῇ
541 3231 646 3283 σαρκὶ
665 3230 785 3276 ἕξωσιν
809 3233 839 3269 οἱ
860 3236 1019 3272 τοιοῦτοι.
1043 3233 1112 3272 Διὰ

131 3336 147 3359 b
173 3332 232 3365 Alii
247 3338 334 3367 τοῦτο
350 3339 483 3372 ἐκείνους.

133 3397 145 3410 ⁴·
171 3385 230 3418 Alii
251 3392 498 3431 ἐμπυρέττοντες.

1127 225 1135 234 .
1176 205 1314 234 Lxxx.
1353 188 1414 233 al.
1456 204 1606 233 itxxix.
2066 187 2156 247 545

1174 291 1228 328 illi
1250 303 1334 329 vero
1355 303 1447 340 saepe
1464 289 1539 326 sine
1567 289 1652 326 hero
1671 288 1946 338 circumquaque
1973 289 2154 326 incedunt.

1127 363 1150 393 C
1174 351 1246 390 Sed
1263 350 1324 401 qui
1352 349 1496 389 videtur
1516 363 1588 387 esse
1605 348 1784 397 domiuus,
1806 348 1872 385 nisi
1901 348 2016 386 adsint
2051 350 2158 398 servi,

1174 427 1243 450 non
1263 411 1368 449 audet
1388 411 1486 448 exire
1515 409 1638 458 domo;
1665 409 1727 447 sed
1757 409 1785 446 si
1815 418 1913 446 extra
1936 409 2081 447 domum
2101 411 2159 448 vel
2174 396 2289 424 fastum.

1175 481 1387 525 compareat,
1409 486 1445 509 se
1465 480 1566 524 putat
1581 484 1654 508 esse
1672 469 1879 507 ridiculum.
1900 470 2058 515 Quidam
2074 472 2162 508 forte

1176 549 1238 573 nos
1258 534 1406 572 irrident
1425 533 1501 570 haec
1519 532 1690 581 dicentes;
1717 531 1779 569 sed
1800 531 1878 569 ideo
1898 531 2021 569 multis
2040 531 2092 568 illi
2112 531 2162 569 la—

1177 595 1312 648 crymis
1331 604 1412 633 sunt
1437 594 1552 645 digni.
1575 593 1682 640 Quod
1701 593 1796 630 enim
1827 593 1902 629 haec
1934 592 2085 630 servitus
2105 592 2163 641 sit,

1178 666 1216 694 ut
1235 656 1432 705 ostendam,
1452 655 1604 692 libenter
1634 653 1950 705 interrogaverim:
1983 666 2027 690 an
2055 652 2164 691 velles

1177 731 1277 769 egere
1290 717 1422 768 aliquo,
1433 716 1495 767 qui
1509 716 1562 754 ori
1575 725 1636 753 tuo
1652 716 1773 753 cibum
1786 715 1844 752 vel
1860 715 2028 766 poculum
2043 714 2166 752 admo-

1179 779 1305 817 veret?
1326 792 1441 815 annon
1463 777 1631 829 lacrymis
1649 776 1800 827 dignum
1815 785 1957 827 putares
1977 775 2047 812 tale
2063 774 2167 811 mini-

1179 840 1354 878 sterium?
1377 839 1491 889 Quid,
1515 839 1544 877 si
1565 853 1701 890 semper
1720 837 1939 889 gestantibus
1967 850 2098 887 egeres,
2128 844 2166 873 ut

1178 902 1370 948 incederes,
1386 915 1500 939 nonne
1513 909 1546 938 te
1560 899 1639 937 ideo
1653 899 1817 954 'omnium
1836 897 2075 935 miserrimum
2095 912 2163 948 pu-

1178 964 1296 1001 tares?
1319 963 1379 1001 Sic
1410 976 1504 1000 nunc
1519 971 1553 999 te
1577 961 1744 998 affectum
1765 974 1838 998 esse
1857 968 2042 1012 oporteret.
2064 959 2168 996 Nihil

1133 1033 1157 1062 1»
1179 1026 1275 1063 enim
1289 1026 1406 1073 refert,
1426 1039 1470 1062 an
1491 1023 1664 1071 homiues,
1679 1037 1723 1060 an
1746 1023 1906 1074 jumenta
1930 1030 2073 1072 gestent.
2097 1023 2167 1058 An-

1180 1102 1264 1138 non,
1287 1101 1418 1138 quaeso,
1445 1086 1529 1123 hinc
1555 1084 1672 1136 angeli
1692 1099 1711 1122 a
1739 1083 1842 1121 nobis
1870 1082 2053 1131 disserunt,
2072 1082 2169 1133 quod

1176 1163 1249 1187 non
1273 1158 1324 1187 tot
1355 1156 1479 1199 egeant
1514 1146 1636 1193 rebus,
1652 1154 1737 1195 quot
1772 1159 1834 1182 nos
1854 1144 2027 1195 egemus?
2048 1144 2170 1194 Itaque

1179 1219 1310 1260 quanto
1330 1207 1560 1260 paucioribus
1582 1205 1795 1257 indigemus,
1812 1214 1909 1242 tanto
1939 1204 2170 1256 propinquio-

1178 1285 1234 1309 res
1248 1270 1320 1308 illis
1348 1283 1472 1307 sumus
1490 1284 1497 1304 :
1521 1276 1654 1318 quanto
1674 1266 1852 1318 pluribus,
1874 1274 1971 1302 tanto
1997 1265 2110 1316 magis
2125 1265 2172 1302 ad

1178 1333 1271 1370 hanc
1303 1331 1475 1370 caducam
1494 1330 1608 1368 vitam
1635 1328 1868 1366 deflectimus.
1902 1329 2017 1377 Atque
2036 1336 2075 1365 ut
2097 1342 2172 1364 rem

1177 1395 1231 1432 ita
1259 1407 1333 1430 esse
1354 1392 1484 1440 discas,
1508 1404 1605 1427 senes
1628 1389 1818 1439 interroga,
1837 1402 1945 1438 quam
1964 1387 2075 1425 vitam
2089 1388 2173 1425 bea-

1179 1464 1253 1492 tam
1284 1453 1499 1500 existiment,
1513 1465 1557 1488 an
1587 1451 1688 1487 illam
1708 1448 1849 1499 quando
1865 1449 1922 1486 his
1944 1449 2050 1486 rebus
2070 1450 2177 1487 stulte

1181 1516 1430 1563 vincebantur,
1447 1528 1490 1551 an
1506 1513 1597 1550 hanc
1611 1511 1755 1563 quando
1770 1511 1843 1548 illis
1862 1520 1943 1547 sunt
1959 1511 2175 1562 superiores?

1182 1577 1271 1615 Ideo
1305 1577 1400 1614 enim
1437 1576 1519 1613 illos
1548 1573 1821 1621 advocavimus,
1850 1573 1933 1623 quia
1964 1573 2018 1609 illi
2047 1573 2108 1624 qui
2142 1574 2177 1612 in

1179 1641 1366 1692 juventute
1397 1637 1527 1675 ebriosi
1565 1645 1647 1674 sunt
1670 1666 1678 1683 ,
1723 1634 1906 1674 servitutis
1934 1634 2074 1686 pondus
2108 1650 2177 1674 non

1135 1703 1159 1733 E
1182 1700 1350 1739 sentiunt,
1388 1698 1487 1745 Quid
1520 1697 1787 1735 febricitantes?
1821 1710 1866 1733 an
1903 1710 1984 1733 cum
2021 1696 2178 1735 sitientes

1182 1762 1336 1800 multum
1351 1760 1496 1809 bibunt,
1510 1768 1543 1797 et
1557 1758 1679 1796 multis
1694 1766 1820 1809 egent,
1832 1771 1874 1794 an
1891 1771 1973 1794 cum
1990 1757 2024 1794 in
2040 1757 2177 1796 valetu-

1182 1823 1301 1861 dinem
1317 1821 1482 1867 restituti,
1509 1820 1602 1858 sitim
1623 1819 1816 1871 deponunt,
1848 1832 1884 1855 se
1911 1818 2032 1855 beatos
2055 1819 2177 1856 existi-

1183 1885 1309 1922 mant?
1331 1883 1463 1924 Viden’
1488 1881 1622 1931 ubique
1642 1880 1811 1917 miserum
1831 1893 1904 1917 esse
1927 1880 2049 1917 multis
2063 1894 2176 1931 egere,

1181 1955 1214 1983 et
1229 1945 1356 1998 procul
1375 1960 1394 1982 a
1424 1942 1651 1996 philosophia
1671 1955 1744 1978 esse
1765 1941 1931 1978 miseram
1951 1941 2174 1991 servitutem,

1181 2016 1214 2044 et
1233 2006 1309 2044 vim
1328 2004 1568 2057 cupiditatis?
1589 2003 1663 2040 Cur
1689 2015 1771 2052 ergo
1802 2011 1926 2053 sponte
1950 2001 2053 2039 nobis
2072 2003 2177 2040 mise-

1180 2067 1270 2106 riam
1290 2079 1462 2118 augemus
1475 2065 1492 2102 Ξ)
1505 2064 1586 2107 Dic,
1607 2077 1739 2114 quaeso,
1764 2062 1792 2099 si
1819 2062 1894 2099 sine
1907 2071 1996 2099 tecto
2012 2072 2045 2099 et
2059 2063 2175 2114 parie-

1124 2128 1277 2184 awtibUS
1298 2127 1482 2165 commode
1515 2126 1642 2177 degere
1669 2137 1785 2175 posses
1802 2153 1812 2172 ,
1842 2137 1959 2160 annon
1994 2123 2031 2160 id
2055 2124 2174 2175 potius

1135 2197 1159 2224 Α
1181 2189 1357 2241 eligeres?
1375 2204 1439 2226 cur
1471 2183 1555 2238 ergo
1584 2184 1804 2223 infirmitatis
1831 2184 1996 2236 symbola
2031 2198 2137 2236 auges
2154 2186 2172 2222 ⁴?

1180 2265 1296 2289 annon
1331 2250 1411 2288 ideo
1440 2248 1619 2286 Adamum
1645 2247 1790 2284 beatum
1810 2245 2062 2297 praedicamus,
2087 2246 2171 2296 quia

1179 2314 1278 2351 nullo
1316 2312 1454 2364 egebat,
1485 2324 1554 2348 non
1588 2308 1737 2355 aedibus,
1772 2321 1841 2345 non
1877 2307 2058 2345 vestibus?
2079 2309 2172 2346 Sane

1180 2374 1338 2425 quidem,
1356 2372 1519 2423 inquies,
1542 2370 1605 2409 sed
1634 2383 1727 2407 nunc
1750 2368 1786 2405 in
1807 2367 2013 2405 necessitate
2032 2369 2168 2407 consti—

1179 2436 1328 2472 tuimur.
1349 2436 1422 2472 Cur
1437 2447 1519 2484 ergo
1540 2430 1785 2469 necessitatem
1804 2443 1974 2480 augemus
1991 2430 2007 2467 9
2030 2431 2123 2468 Nam
2139 2432 2169 2470 si

1179 2496 1285 2534 multi
1319 2496 1425 2534 etiam
1442 2494 1486 2531 de
1505 2494 1611 2531 rebus
1630 2491 1836 2529 necessariis
1860 2491 1973 2528 multa
1995 2491 2063 2529 sibi
2083 2494 2168 2531 sub-

1178 2560 1325 2597 trahunt
1353 2562 1486 2606 (servos
1518 2555 1703 2603 nimirum,
1726 2553 1830 2601 aedes,
1848 2554 2043 2605 pecunias),
2060 2570 2166 2606 quam

1179 2635 1241 2658 nos
1273 2618 1536 2657 excusationem
1566 2615 1780 2653 habebimus
1798 2644 1809 2665 ,
1835 2614 1897 2665 qui
1928 2617 2168 2655 necessitatem

1177 2681 1413 2719 excedimus?
1433 2681 1575 2726 Quanto
1586 2677 1752 2729 pluribus
1768 2676 1927 2729 stiparis,
1941 2687 2038 2716 tanto
2054 2680 2168 2731 magis

1177 2743 1342 2781 servituti
1365 2741 1530 2780 addictus
1550 2754 1596 2777 es.
1623 2739 1766 2785 Quanto
1785 2739 1880 2777 enim
1897 2740 2063 2792 pluribus
2080 2756 2165 2794 ege-

1174 2804 1245 2850 bis,
1262 2813 1359 2841 tanto
1379 2801 1493 2853 magis
1512 2801 1714 2839 libertatem
1734 2799 1909 2838 minuisti.
1923 2802 2019 2840 Vera
2032 2803 2166 2855 quippe

2253 356 2360 383 Contra

2293 2821 2365 2847 Vera

1174 2866 1320 2903 libertas
1340 2873 1392 2901 est
1410 2863 1509 2901 nullo
1529 2876 1629 2914 egere
1637 2878 1648 2912 3
1668 2876 1746 2912 quae
1765 2871 1844 2914 post
1872 2863 1972 2900 illam
1991 2865 2163 2914 sequitur,
2179 2863 2296 2891 “beflas
2328 2866 2371 2888 ‘³⁵²

1130 2931 1153 2961 B
1175 2936 1225 2965 est
1250 2925 1374 2979 paucis
1396 2938 1509 2976 egere,
1536 2938 1644 2974 quam
1670 2923 1870 2961 libertatem
1892 2925 2024 2963 habent
2040 2935 2073 2963 et
2096 2942 2164 2965 an-

1178 2989 1247 3041 geli
1283 2997 1316 3026 et
1349 2987 1496 3025 illorum
1529 2986 1737 3024 imitatores.
1773 2987 1814 3024 In
1858 2988 2001 3025 mortali
2047 2998 2165 3028 autem

1178 3064 1326 3102 corpore
1362 3049 1402 3087 id
1422 3063 1598 3097 exercere,
1621 3048 1737 3099 cogita
1768 3058 1942 3099 quantum
1974 3050 2072 3088 laudi
2105 3052 2163 3090 sit.

2180 2905 2260 2932 nullo
2272 2912 2366 2939 egere.

1180 3112 1257 3150 Hoc
1274 3111 1405 3149 Paulus
1426 3109 1623 3148 Corinthiis
1641 3109 1782 3161 scripsit
1806 3125 1814 3145 :
1847 3112 1931 3163 Ego
1949 3121 2076 3150 autem
2094 3128 2169 3151 vo.-
2188 3127 2213 3145 1.
2238 3116 2310 3144 Cor.
2327 3125 2354 3154 7.

1183 3175 1238 3210 bis
1254 3185 1388 3224 parco,
1411 3180 1459 3221 et,
1490 3172 1545 3209 Ne
1574 3170 1844 3209 tribulationem
1871 3172 1985 3210 carnis
2018 3174 2171 3212 babeant
2187 3157 2235 3188 ²8¹

1181 3233 1405 3287 hujusmodi.
1428 3232 1513 3271 Ideo
1536 3247 1619 3286 opes
1652 3232 1838 3283 dicuntur,
1864 3242 1902 3270 ut
1930 3234 2075 3272 illarum
2106 3250 2173 3287 ope

1209 3349 1221 3363 ss
1247 3337 1307 3372 Alii
1328 3341 1488 3380 ὑπετέμον.
