2481 3678
689 217 728 245 IN
767 216 843 245 JOA
855 216 972 244 xxm!
1012 213 1168 243 ntum„

122 301 190 339 Καὶ
225 303 255 338 οἱ
284 300 344 350 μεν
379 299 512 344 ἤσθιον,
536 297 591 335 τον
629 297 662 335 δὲ
700 297 845 349 ἀδελφὸν
880 296 1077 348 περιεώρων
1108 296 1140 332 ἐν

120 363 240 412 λάκκῳ
260 360 386 412 γυμνὸν
411 357 628 410 ἐρριμμένον.
647 357 693 395 Τί
708 357 836 403 ταύτης
865 359 927 401 τῆς
957 354 1142 407 θηριωδίας

121 422 245 473 γένοιτ’
268 422 307 459 ἂν
327 426 460 473 χεῖρον;
484 419 600 457 πόσων
626 418 840 470 ἀνδροφόνων
869 418 930 455 οὐκ
950 411 1039 463 ἦσαν
1065 414 1139 466 χεί-

767 477 1056 522 ῧάνελκύσαντες,
1078 490 1142 524 μυ-

123 498 217 535 ρους;
235 482 303 520 Καὶ
335 480 422 532 μετὰ
444 483 554 517 ταῦτα
573 479 609 517 δὲ
641 478 740 517 αὐτὸν

123 544 206 596 ρίοις
225 542 380 585 θανάτοις
409 540 629 593 παρέδωκαν,
650 539 841 591 ἀνθρώποις
868 536 1055 589 βαρὸοίροις
1083 534 1142 573 καὶ

123 604 254 656 ἀγρίοις
274 603 374 641 αὐτὸν
408 601 617 652 ἀποδόμενοι
637 602 722 652 πρὸς
743 598 937 651 βαρὸάρους
957 597 1142 648 μέλλουσιν

124 663 275 702 ἀπιέναι.
301 664 392 701 Ἀλλ’
427 661 526 705 αὐτὸς
551 662 731 712 γενόμενος
764 657 922 710 βασιλεὺς
934 688 944 705 ,
976 659 1013 695 οὐ
1042 658 1143 708 μόνον

123 724 186 770 τὴν
202 723 372 776 τιμωρίαν
392 724 506 765 αὐτοῖς
524 724 669 774 ἀφῆκεν,
688 718 777 758 ἀλλὰ
797 718 856 756 καὶ
878 720 942 764 τῆς
972 719 1145 771 ἁμαρτίας

124 785 263 831 αὐτοὺς,
284 784 323 822 τό
342 801 380 835 γε
399 786 447 827 εἷς
478 783 578 820 αὐτὸν
597 777 694 829 ἧκον,
717 778 930 827 ἀπήλλαξεν,
947 781 1145 832 οἰκονομίαν

125 848 216 884 Θεοῦ
229 846 272 883 τὰ
286 844 499 896 γεγενημένα
516 844 645 889 καλῶν,
664 843 701 880 οὐ
719 840 888 892 πονηρίαν
907 841 1058 880 ἐκείνων.
1077 843 1146 880 Καὶ

125 907 214 958 ἅπερ
240 906 275 944 δὲ
306 906 466 951 ἐποίησεν
493 906 540 946 εἰς
570 902 711 947 αὐτοὺς,
740 904 778 940 οὗ
805 906 1047 952 μνησικακῶν,
1068 906 1144 942 ἀλλ’

123 967 211 1019 ὑπὲρ
225 972 284 1005 τοῦ
299 967 445 1017 ἀδελφοῦ
459 968 568 1003 ταῦτα
583 963 697 1002 πάντα
715 962 937 1014 ὑπεκρίνατο.
956 964 1057 1002 Μετὰ
1067 969 1146 1017 γοῦν

124 1031 233 1065 ταῦτα
265 1025 384 1072 ἐπειδὴ
414 1019 501 1063 ε’ἷδεν
522 1030 535 1045 ⁶
550 1024 799 1077 ἀντεχομένους
830 1025 951 1070 αὐτοῦ,
972 1025 1090 1078 ἔρριψε
1109 1028 1149 1065 τὸ

125 1094 341 1140 προσωπεῖον
363 1086 485 1130 εὐθέως
504 1086 563 1123 καὶ
579 1084 730 1130 ὠλόλυξε
751 1086 810 1123 καὶ
830 1086 1083 1139 περιεπτύξατο
1103 1091 1148 1131 ὡς

126 1149 168 1187 τὰ
187 1149 336 1200 μέγιστα
355 1147 629 1200 εὖηργετημένος
645 1176 655 1195 ,
674 1149 691 1184 ὁ
706 1147 816 1185 πάλαι
830 1150 912 1199 παρ’
935 1149 1047 1185 αὐτῶν
1068 1151 1149 1200 ἀνῃ-

129 1210 274 1262 ρημένος
287 1226 294 1233 ·
315 1209 374 1247 καὶ
394 1209 528 1251 πάντας
547 1207 668 1250 αὐτοὺς
687 1209 733 1250 εἷς
755 1207 929 1256 Αἴγυπτον
951 1209 1149 1261 κατήγαγε,

128 1271 187 1309 καὶ
216 1270 354 1323 μυρίαις
381 1269 592 1321 εὐεργεσίαις
612 1268 798 1321 ἠμείψατο.
822 1269 912 1308 Τίνα
941 1263 998 1307 οῦν
1029 1270 1150 1321 ἕξομεν

129 1331 320 1383 ἀπολογίαν
343 1330 431 1381 μετὰ
451 1331 553 1381 νόμον
573 1330 633 1367 καὶ
658 1330 761 1381 χάριν
781 1330 839 1368 καὶ
859 1331 1031 1377 τοσαύτης
1051 1333 1152 1383 φιλο-

130 1393 251 1445 σοφίας
271 1393 437 1439 ἐπίδοσιν,
458 1391 546 1441 μηδὲ
567 1392 624 1429 τὸν
656 1391 804 1442 πρὸτῆς
832 1392 975 1444 χάριτος
1006 1393 1064 1430 καὶ
1093 1397 1151 1431 τοῦ

130 1455 234 1504 νόμου
252 1454 492 1501 ζηλώσαντες,
511 1452 562 1495 τίς
585 1455 678 1502 ἡμᾶς
708 1451 928 1503 ἐξαιρήσεται
956 1457 1019 1500 τῆς
1048 1455 1153 1492 κολά-

131 1531 234 1561 σεως;
254 1517 306 1552 Οὐ
326 1514 394 1565 γάρ
408 1516 500 1561 ε’στι,
521 1514 584 1551 οὐκ
599 1512 672 1550 ἔστι
692 1528 726 1549 τι
743 1514 975 1563 μνησικακίας
993 1515 1154 1566 χαλεπώ-

131 1592 239 1628 τερον.
258 1576 326 1614 Καὶ
346 1579 448 1613 τοῦτο
469 1574 642 1621 ἐδήλωσεν
662 1577 680 1612 ὃ
697 1574 741 1612 τὰ
760 1576 867 1626 μυρία
886 1576 1042 1614 τάλαντα
1058 1577 1154 1630 ὀφεί-

130 1640 198 1675 λων
211 1653 218 1660 ·
250 1631 326 1674 εἶτα
363 1639 423 1674 οὐκ
454 1635 658 1682 ἀπαιτηθεὶς
695 1635 754 1673 καὶ
791 1636 898 1675 πάλιν
929 1639 1133 1686 ἀπαιτηθείς
1147 1655 1154 1662 ·

132 1700 195 1737 οὐκ
212 1698 419 1745 ἀπαιτηθεὶς
437 1697 512 1748 μὲν,
526 1696 583 1735 διὰ
600 1696 663 1744 τὴν
690 1702 750 1736 τοῦ
763 1700 855 1736 Θεοῦ
872 1700 1133 1753 φιλανθρωπίαν
1148 1717 1155 1724 ·

134 1759 338 1805 ἀπαιτηθεὶς
363 1760 399 1797 δὲ
421 1759 477 1797 διὰ
496 1758 558 1805 τὴν
580 1758 710 1796 οἰκείαν
728 1759 913 1811 πονηρίαν,
934 1761 993 1799 καὶ
1015 1762 1054 1800 τὸ
1075 1778 1158 1812 μνη-

133 1824 324 1867 σικακῆσαι
337 1823 387 1873 τῷ
405 1819 593 1871 συνδούλῳ.
615 1819 721 1872 Ἅπερ
735 1820 850 1858 πάντα
867 1822 1034 1871 μαθόντες
1046 1851 1055 1868 ,
1068 1826 1158 1876 ἀφῶ-

135 1898 197 1933 μεν
217 1888 287 1925 τοῖς
307 1882 454 1929 πλησίον
478 1881 522 1918 τὰ
541 1880 802 1932 ἁμαρτήματα,
824 1882 881 1920 καὶ
906 1889 977 1927 τοῖς
995 1884 1161 1929 ἐναντίοις

136 1942 256 1986 αὐτοὺς
284 1941 531 1993 ἀμειὸώμεθα,
550 1941 608 1978 ἵνα
634 1942 694 1979 καὶ
712 1945 774 1988 τῆς
790 1942 886 1994 παρὰ
913 1947 972 1981 τοῦ
993 1947 1085 1983 Θεοῦ
1102 1945 1159 1984 τύ-

133 2020 254 2057 χωμεν
286 2002 566 2056 φιλανθρωπίας,
599 2002 721 2054 χάριτι
751 2003 811 2041 καὶ
837 2005 1080 2057 φιλανθρωπίᾳ
1102 2009 1161 2044 τοῦ

137 2065 268 2117 Κυρίου
288 2067 388 2116 ἡμῶν
409 2064 524 2112 Ἰησοῦ
549 2066 722 2116 Χριστοῦ,
745 2058 774 2117 ᾧ
801 2069 823 2112 ἡ
843 2064 922 2109 δόξα
943 2066 1001 2104 καὶ
1020 2067 1059 2105 τὸ
1077 2068 1163 2119 κρά-

136 2142 193 2170 τος
213 2129 261 2170 εἷς
297 2125 375 2170 τοὺς
409 2128 535 2169 αἰῶνας
566 2129 636 2164 τῶν
672 2125 819 2164 αἰώνων.
854 2126 974 2178 Ἀμήν.

181 2263 198 2287 b
212 2261 273 2294 Alii
289 2268 522 2301 ἀνασπάσαντες.

514 2517 692 2554 ΟΜΙΑΙΑ
721 2515 786 2555 06¹.

141 2645 173 2683 Ἀ
180 2646 262 2696 μὴν,
279 2645 373 2696 ἀμὴν
391 2646 482 2697 λέγω
499 2648 596 2698 ὑμῖν,
614 2650 632 2684 ὁ
647 2647 840 2698 λαμὸάνων
854 2647 912 2685 ἐάν
931 2663 1009 2686 τινα
1017 2648 1162 2701 πέμψω,

195 2706 256 2757 ἐμὲ
271 2707 467 2758 λαμέάνει,
485 2708 544 2746 καὶ
571 2712 588 2747 ὃ
605 2709 666 2760 ἐμὲ
687 2708 891 2760 λαμὸάνων,
912 2709 1085 2760 λαμὲάνει
1106 2710 1163 2748 τὸν

196 2769 388 2821 πέμψαντά
407 2785 462 2819 με.

196 2901 344 2953 Μεγάλη
365 2905 427 2949 τῆς
452 2903 533 2956 περὶ
565 2903 643 2947 τοὺς
678 2903 819 2948 δούλους
850 2908 910 2942 τοῦ
935 2907 1029 2944 Θεοῦ
1063 2910 1165 2959 θερα-

144 2961 244 3005 πείας
272 2965 293 3008 ἡ
323 2964 600 3012 δάνταπόδοσις,
618 2965 679 3003 καὶ
713 2965 791 3009 τοὺς
827 2966 982 3018 καρποὺς
1013 2969 1168 3007 ἐντεῦθεν

143 3026 228 3074 ἡμῖν
249 3023 474 3062 ἀποδίδωσιν.
497 3025 541 3063 Ὁ
572 3025 756 3078 δεχόμενος
788 3026 874 3080 γὰρ,
907 3028 1025 3080 φησὶν,
1057 3031 1169 3079 ὑμᾶς,

145 3083 207 3134 ἐμὲ
241 3082 401 3135 δέχεται·
435 3089 453 3123 ὃ
486 3085 522 3123 δὲ
558 3086 750 3137 λαμῧάνων
783 3087 870 3138 ἐμὲ,
902 3088 1076 3139 λαμῧάνει
1112 3089 1170 3127 τὸν

145 3144 335 3196 πέμψαντά
355 3160 412 3195 με.
427 3147 500 3184 Τοῦ
522 3146 558 3184 δὲ
583 3147 640 3185 τὸν
659 3148 810 3199 Χριστὸν
831 3148 1013 3195 δέξασθαι,
1030 3149 1088 3186 καὶ
1113 3149 1170 3187 τὸν

146 3205 266 3243 τούτου
285 3206 450 3258 Πατέρα,
481 3206 515 3244 τί
539 3207 665 3259 γένοιτ’
686 3208 725 3245 ἂν
748 3209 839 3256 ἴσον,
867 3209 937 3247 Καὶ
973 3209 1058 3247 ποία
1080 3209 1168 3258 αὕτη

147 3266 334 3304 ἀκολουθία
353 3267 439 3319 πρὸς
459 3267 504 3305 τὰ
526 3268 724 3321 ἔμπροσθεν
748 3269 932 3321 εἰρημένα,
953 3269 1036 3309 τίδὲ
1056 3272 1168 3310 κοινὸν

193 3396 206 3409 ³
225 3384 286 3417 Alii
299 3389 453 3425 ἀντίδοσις-

1176 2517 1222 2542 [⁴22

1211 213 1346 242 Lxxu.
1385 196 1445 241 al.
1488 211 1606 240 [xm.

2106 196 2187 253 2581

1214 292 1382 339 minibus,
1403 292 1464 342 qui
1494 291 1539 328 nd
1571 291 1738 328 barbaros
1762 291 2089 342 proficiscebantur.
2131 294 2198 328 vc-

1215 352 1369 390 rumille
1387 352 1530 403 quando
1551 366 1611 389 rex
1631 351 1775 388 effectus
1794 360 1858 397 est,
1893 364 1962 388 non
1995 351 2098 388 modo
2130 366 2198 389 non

1214 414 1310 451 ultus
1333 414 1412 451 illos
1425 422 1491 462 est,
1517 412 1577 451 sed
1596 412 1701 450 etiam
1715 427 1734 449 a
1757 420 1900 464 peccato
1920 412 2012 459 illos,
2028 423 2198 462 quantum

1214 476 1250 514 in
1269 477 1348 529 ipso
1363 486 1448 526 erat,
1468 476 1650 525 liberavit,
1679 475 1764 513 dum
1780 489 1855 512 rem
1882 484 2017 526 gestam
2033 476 2100 512 Dei
2121 491 2199 528 pro-

1215 537 1414 576 videntiam
1463 538 1607 577 vocavit
1627 568 1639 587 ‚
1690 551 1759 575 non
1801 537 1944 574 illorum
1992 537 2197 588 nequitiam.

1171 607 1194 637 C
1218 600 1314 646 Qum
1330 613 1414 637 vcro
1433 608 1554 636 contra
1575 598 1655 635 illos
1674 597 1769 647 fecit,
1795 611 1865 634 non
1896 596 2106 634 ulciscendae
2144 597 2202 634 in-

1213 660 1318 711 jurize
1336 660 1470 709 animo,
1494 659 1556 697 sod
1579 673 1642 711 pro
1662 659 1769 695 fratre
1792 658 1853 695 illa
1884 658 2078 695 simulavit.
2101 659 2204 695 Post-

1217 735 1256 758 ea
1297 735 1381 760 vero
1415 721 1477 758 ubi
1519 720 1613 759 vidit
1647 720 1727 757 illos
1764 720 1909 756 fratrem
1946 733 2053 756 suum
2085 718 2203 756 defen-

1217 782 1313 831 dere,
1347 783 1461 835 posita
1490 782 1603 829 larva,
1632 781 1751 819 statim
1780 780 1992 818 lamentatus
2033 789 2097 827 est,
2130 795 2205 817 am-

1220 845 1453 897 plexatusque
1472 854 1523 883 est
1540 844 1632 892 illos,
1647 858 1687 881 ac
1709 843 1737 881 si
1766 843 1812 880 ab
1827 843 1876 881 eis
1890 857 2019 894 magna
2036 843 2206 880 beneficia

1220 906 1421 958 accepisset,
1435 906 1494 957 qui
1508 920 1596 958 pene
1611 905 1741 943 abillis
1755 904 1841 942 olim
1856 905 2060 942 interemtus
2074 905 2185 941 fuerat
2199 920 2205 938 :

1222 977 1327 1018 atquc
1353 967 1433 1005 illos
1454 981 1575 1005 omncs
1590 966 1626 1004 in
1647 966 1846 1018 AEgyptum
1864 964 2028 1013 deduxit,
2043 965 2211 1015 milleque

1222 1028 1404 1065 benefieiis
1425 1028 1633 1066 cumulavit.
1656 1029 1775 1074 Quam
1788 1041 1871 1077 ergo
1890 1026 2128 1064 defensionem
2148 1026 2210 1063 ha-

1222 1089 1397 1139 bebimus,
1412 1090 1474 1140 qui
1493 1099 1572 1142 post
1591 1090 1703 1141 legem
1724 1098 1757 1126 et
1777 1089 1945 1140 gratiam,
1968 1098 2046 1141 post
2074 1098 2211 1127 tantum

1176 1162 1202 1192 D
1223 1153 1458 1206 philosophiae
1477 1163 1726 1205 augmentum,
1769 1167 1812 1190 ne
1839 1153 1942 1190 illum
1972 1153 2118 1203 quidem
2151 1153 2212 1204 qui

1224 1224 1303 1262 ante
1316 1215 1428 1266 legem
1457 1225 1490 1253 et
1509 1216 1661 1267 gratiam
1688 1215 1756 1252 fuit
1775 1215 1982 1252 imitamur?
2003 1215 2082 1265 quis
2111 1230 2173 1253 nos
2194 1230 2212 1252 a

1223 1276 1398 1328 supplicio
1413 1276 1572 1314 eximet?
1593 1276 1696 1314 Nihil
1711 1285 1761 1313 est
1774 1276 1880 1324 enim,
1903 1276 2024 1326 utique
2043 1276 2133 1313 nihil
2153 1275 2213 1314 de-

1224 1338 1334 1376 terius
1353 1338 1566 1390 injuriarum
1598 1338 1780 1376 memoria.
1815 1337 1863 1375 Et
1894 1338 1961 1376 hoc
1985 1339 2213 1376 manifestum

1228 1397 1385 1435 reddidit
1400 1399 1430 1435 is
1443 1399 1504 1449 qui
1523 1398 1647 1436 decem
1661 1399 1776 1435 millia
1811 1398 1940 1436 talcnia
1962 1399 2129 1450 debebat,
2153 1400 2214 1451 qui

1231 1459 1328 1510 prius
1339 1459 1460 1496 debito
1480 1459 1678 1508 absolutus,
1698 1469 1817 1512 postea
1836 1459 1882 1497 ad
1903 1460 2113 1498 solvendum
2137 1475 2216 1499 coa-

1231 1528 1308 1557 ctus
1322 1529 1390 1568 θεῖ,
1410 1520 1606 1570 absolutus,
1640 1535 1701 1572 per
1722 1521 1789 1557 Dei
1813 1520 2116 1572 misericordiam3
2139 1537 2219 1560 coa-

1231 1591 1308 1620 ctus
1326 1596 1409 1620 vero
1428 1596 1492 1634 per
1513 1583 1695 1634 propriam
1708 1582 1915 1633 nequitiam,
1931 1583 2026 1634 quod
2052 1598 2220 1623 conservo

1232 1657 1296 1681 suo
1331 1642 1492 1682 debitum
1523 1658 1593 1681 non
1618 1644 1804 1682 remiserit.
1839 1644 1982 1692 Quibus
2014 1647 2219 1698 perspectis,

1232 1704 1399 1757 proximo
1419 1714 1560 1757 peccata
1577 1705 1813 1753 dimittamus,
1830 1705 1901 1743 imo
1932 1706 2113 1744 beneficiis
2140 1708 2221 1746 illos

1233 1781 1504 1818 prosequamur,
1524 1776 1562 1804 ut
1575 1766 1856 1805 misericordiam
1872 1768 1939 1805 Dei
1953 1782 2221 1819 consequamur,

1233 1827 1347 1879 gratia
1365 1837 1399 1865 et
1416 1828 1631 1880 benignitate
1648 1829 1793 1866 Domini
1814 1829 1925 1867 nostri
1955 1830 2036 1868 Jesu
2077 1829 2221 1879 Christi,

1235 1888 1292 1925 cui
1330 1889 1442 1939 gloria
1478 1898 1511 1927 et
1545 1889 1734 1942 imperium
1762 1889 1797 1927 in
1834 1890 1963 1928 saecula
1996 1890 2217 1929 saeculorum.

1237 1952 1360 1987 Amen.

1257 2274 1269 2287 ⁹
1285 2267 1399 2300 Morel.
1417 2274 1630 2312 ἀντεχομένους
1647 2271 1761 2306 αὐτοὺς.

1538 2519 1747 2557 HOMILIA
1777 2518 1931 2557 LXXII.

1235 2650 1323 2687 CAP.
1344 2648 1444 2686 XIII.
1463 2662 1498 2686 v.
1520 2650 1585 2686 ⁶20.
1618 2649 1763 2697 Amen,
1786 2663 1900 2687 amen
1915 2650 2001 2687 dico
2017 2652 2141 2695 vobis,
2165 2664 2230 2700 qm

1290 2713 1429 2761 accipit
1458 2713 1492 2748 si
1517 2724 1632 2761 quem
1665 2714 1830 2759 misero,
1872 2725 1932 2749 me
1965 2713 2135 2763 accipit:
2167 2713 2232 2762 qui

1293 2779 1423 2809 autem
1435 2785 1494 2809 me
1507 2774 1662 2824 accipit,
1685 2775 1825 2824 accipit
1841 2786 1927 2810 eum
1945 2775 2013 2824 qui
2033 2787 2092 2810 me
2112 2775 2228 2810 misit.

1289 2905 1322 2940 1.
1353 2904 1485 2954 Magna
1502 2902 1567 2940 Dei
1583 2916 1715 2941 merces
1729 2903 1855 2940 collata
1870 2903 1913 2941 iis
1929 2902 1991 2954 qui
2007 2916 2128 2941 servos
2148 2916 2230 2940 suos

1234 2964 1357 3002 fovent
1373 2973 1405 3002 et
1426 2964 1600 3002 beneficio
1624 2965 1799 3015 afficiunt,
1830 2964 1983 3016 indeque
2007 2964 2142 3002 fructus
2162 2978 2223 3002 no-

1237 3025 1292 3063 bis
1324 3025 1554 3078 proveniunt.
1590 3026 1683 3063 Nam
1720 3027 1795 3077 Qui
1819 3028 1953 3078 recipit
1981 3039 2068 3071 vos,
2102 3025 2231 3076 inquit,

1239 3102 1298 3125 me
1319 3090 1472 3138 recipit;
1489 3095 1525 3125 et
1545 3090 1612 3140 qui
1639 3090 1775 3139 recipit
1795 3102 1868 3135 me,
1897 3089 2033 3138 recipit
2061 3100 2144 3124 eum
2166 3088 2233 3137 qni

1193 3161 1217 3191 Β
1241 3152 1345 3187 misit
1364 3164 1436 3187 me.
1457 3149 1642 3187 Christum
1660 3158 1693 3186 et
1707 3149 1783 3201 ejus
1798 3150 1940 3186 Patrem
1952 3148 2121 3199 recipere,
2143 3146 2232 3196 quid

1241 3210 1325 3248 huic
1342 3209 1461 3248 officio
1478 3208 1799 3262 aequiparandum?
1820 3208 1867 3245 Et
1887 3222 1966 3258 quae
1989 3205 2235 3256 consequentia

1243 3272 1288 3310 ad
1299 3271 1394 3310 dieta
1407 3271 1596 3325 superius?
1611 3269 1700 3322 quid
1714 3270 1790 3308 haec
1804 3282 1990 3308 commune
2004 3267 2133 3306 habent
2150 3280 2231 3305 cum

2233 1408 2342 1437 Manli.
2371 1407 2413 1436 ¹8.

2232 1446 2282 1488 24.
