2507 3673
613 166 653 195 ix*
691 166 902 197 immun
941 167 1094 197 nomi..
1137 168 1303 197 [χχ-κγ.
1344 152 1404 197 al.
1447 167 1627 197 mxxiv.
2062 151 2147 197 581

72 248 216 293 70>⁴431t·
242 247 325 288 Ἀπὸ
353 248 471 287 τῡύτῡυ
495 251 536 299 τῇ
572 249 759 287 ἀναστάσει
793 249 1015 288 ἐπίστευσαν.
1037 249 1104 287 Διὰ
1177 257 1265 294 mihi
1290 255 1467 308 perpende
1495 269 1601 305 quam
1630 255 1675 293 sit
1694 255 1906 305 evangelista
1927 271 1944 292 a
1966 258 2055 293 fastu
2077 258 2162 294 alie-

1176 330 1255 366 nus,
1275 325 1309 353 et
1330 314 1510 366 quomodo
1534 324 1734 352 accuratam
1758 315 1853 352 Petri
1876 317 2163 366 perquisitionein

1178 376 1397 414 testificetur.
1416 376 1509 413 Nam
1528 389 1609 413 cum
1623 375 1851 428 praevenisset
1870 376 1985 423 illum,
2003 386 2034 413 et
2054 377 2165 414 vidis-

1179 445 1230 474 set
1250 435 1456 473 linteamina
1468 435 1596 487 posita,
1619 435 1711 472 nihil
1727 435 1819 472 ultra
1843 435 2067 487 perquisivit,
2105 436 2165 473 sed

73 316 173 349 τοῦτο
197 310 284 360 μετὰ
306 314 415 347 ταῦτα
433 311 547 352 αὐτοῖς
567 309 727 361 φαίνεται
747 314 765 348 ὃ
785 311 934 363 Χριστὸς
957 310 1026 348 ἀπὸ
1045 313 1107 356 τῆς

69 370 179 421 ὅψεως
205 374 436 408 πιστωΟεῖσιν.
461 369 554 422 <Ὀρα
573 374 651 420 γοῦν
669 371 728 408 καὶ
748 374 892 409 ἐνταῦθα
910 370 949 408 τὸ
969 371 1094 422 ἄτυφον

71 435 129 468 τοῦ
150 432 394 481 εὐαγγελιστοῦ
406 461 414 477 ,
432 432 505 474 πῶς
521 430 583 477 τὴν
609 431 788 484 ἀκρίὸειαν
811 434 872 477 τῆς
891 430 1031 483 ἐρεύνης
1046 433 1095 482 τῷ

71 491 197 544 Πέτρῳ
222 497 401 544 μᾱρτυρὲῖ·
418 491 627 544 Προφθάσας
642 491 707 544 γὰρ
733 493 848 539 'affl-bv,
869 492 928 530 καὶ
948 491 1028 528 ἰδὼν
1053 490 1096 528 τὰ
1179 497 1340 535 discessit
1358 513 1365 533 :
1384 497 1444 534 ille
1472 511 1555 536 vero
1577 498 1716 535 fervens
1746 510 1828 534 cum
1860 497 2034 545 intrasset,
2051 497 2166 533 onmia

1181 558 1370 610 diligenter
1388 558 1557 610 inspexit,
1576 568 1609 596 et
1632 557 1719 608 quid
1735 558 1888 610 amplius
1909 557 2014 607 vidit,
2037 566 2067 594 et
2086 566 2169 593 tuuc

1181 620 1241 658 hic
1263 620 1309 658 ad
1337 621 1578 672 spectaculum
1593 629 1757 658 evocatus
1775 629 1836 657 est.
1858 622 1950 657 Nam
1972 628 2049 670 post
2065 618 2167 655 illum

71 551 186 588 ὀθόνια
221 551 380 601 κείμενα,
401 552 495 590 οὐδὲν
537 553 641 591 πλέον
683 555 992 605 πολυπραγμονεῖ,
1028 551 1096 588 ἀλλ

73 611 261 663 ἀφίσταται
276 628 283 635 ·
318 616 443 657 ἐκεῖνος
462 613 496 651 δὲ
517 617 534 651 ὁ
556 615 680 668 Οερμος
700 614 865 666 ἐνδοτέρω
895 611 1096 663 γενόμενος,

72 674 216 737 ἅπανῗῇ
231 674 475 714 καῖ(”)πῖὲυσεν
490 676 661 728 ἀκρῑὲῶς,
683 675 742 713 καί
762 691 795 712 τι
812 673 915 711 πλέον
938 674 1018 719 Εἷόἒ,
1038 672 1098 709 καὶ
1182 683 1382 735 ingressus,
1431 683 1641 735 sepulcralia
1673 683 1764 721 vidit
1791 683 1944 735 jacentia
1974 692 2006 720 et
2042 682 2169 720 divisa.

72 735 150 774 τότε
179 740 275 780 Οὗτος
290 737 346 775 ἐπὶ
370 741 412 789 τῇ
433 738 494 792 Οέᾳ
513 738 730 791 παρεκλήθη·
752 735 850 773 Μετὰ
869 735 936 788 γὰρ
969 736 1098 772 ἐκεῖνον
1183 746 1275 783 Nam
1293 745 1470 793 divisisse,
1492 754 1525 782 et
1544 745 1615 782 hoc
1638 754 1670 782 et
1690 744 1781 782 illud
1807 745 2008 782 involutum
2029 758 2171 796 separa-

1182 805 1248 844 tim
1263 806 1437 858 posuisse,
1447 806 1633 858 diligentis
1648 815 1680 844 et
1697 806 1851 844 accurati
1868 805 2067 858 cujuspiam
2084 814 2172 852 erat,

72 859 139 910 γὰρ
160 860 280 897 διελεῖν
297 860 355 897 καὶ
375 860 482 912 χωρὶς
503 859 564 910 μὲν
581 863 701 906 τοῦτο,
730 858 838 911 χωρὶς
857 858 893 896 δὲ
912 859 1021 896 ἐκεῖνο
1034 860 1099 894 Οεῖ-
1134 869 1156 899 C
1182 882 1295 919 neque
1313 867 1525 920 perturbati.

73 936 128 957 ναι
148 920 306 964 ἑλίξαντα
317 951 325 965 ,
340 922 430 963 τινὸς
446 915 487 966 ἦν
510 922 585 971 μετ’
606 920 807 969 ἐπιμελείας
825 923 1002 962 ποιοῦντος
1014 949 1023 966 ,
1039 918 1098 956 καὶ

74 797 248 845 εἰσελθὼν,
268 798 311 836 τὰ
328 798 472 851 ἐντάφια
491 793 559 836 εἶδε
579 799 722 849 κείμενα
741 797 800 834 καὶ
821 795 1029 848 διῃρημένα.
1047 794 1100 833 Τὸ

74 984 137 1034 οὐχ
151 985 197 1025 ὡς
216 982 318 1033 ἔτυχε
344 981 609 1032 Οορυδουμένου.

126 1042 176 1080 Σὺ
202 1042 237 1080 δὲ
268 1043 349 1081 ὅταν
368 1042 538 1095 &mdc-(lq,
564 1042 615 1080 ὅτῑ
639 1043 764 1092 γυμνὸς
784 1045 801 1079 ὃ
822 1041 1004 1088 Δεσπότης
1024 1041 1099 1079 ἀνέ·
1237 1051 1274 1089 5.
1307 1050 1366 1089 Tu
1393 1064 1478 1091 vero
1511 1065 1594 1090 cum
1629 1050 1785 1089 audieris
1812 1050 2008 1088 Dominum
2038 1049 2174 1088 nudum
2227 1053 2376 1081 Funerum

2188 1102 2300 1123 sumtus
2350 1102 2379 1123 et

1182 1112 1428 1162 resurrexisse,
1451 1112 1581 1150 absiste
1609 1113 1654 1150 ab
1685 1112 1807 1150 insano
1838 1113 2003 1150 funerum
2037 1122 2278 1164 511111111.,-35ωὸ
2325 1138 2379 1164 da-

1183 1174 1284 1220 Quid
1299 1174 1369 1211 sibi
1391 1174 1470 1212 vult
1489 1174 1584 1212 enim
1608 1173 1668 1211 illa
1688 1174 1865 1226 superflua
1882 1173 2091 1224 inutilisque
2106 1173 2174 1210 im·
2191 1184 2316 1206 mnatur·

73 1119 157 1150 στη,
178 1107 309 1141 παῦσαι
334 1107 395 1150 τ’ἧς
421 1104 507 1156 πρὸς
530 1103 590 1150 τὴν
618 1103 758 1150 κηδείαν
786 1102 922 1154 μανίας.
951 1102 998 1141 Τί
1033 1102 1099 1155 γὰρ

75 1164 233 1215 βούλεται
246 1168 267 1210 ἡ
289 1164 434 1217 περιττὴ
457 1164 541 1211 αὕτη
560 1164 696 1211 δαπάνη
714 1164 773 1202 καὶ
790 1164 1001 1211 *ἀνόνητος,
1017 1166 1099 1202 πολ-

72 1225 135 1272 λὴν
161 1225 221 1276 μὲν
243 1225 392 1277 φέρουσα
416 1232 485 1269 τοῖς
508 1225 691 1271 κηδεύουσι
706 1225 853 1276 ζημίαν,
868 1228 917 1277 τῷ
941 1224 976 1262 δὲ
995 1227 1102 1264 ἀπελ-

74 1287 166 1325 Οόντι
184 1287 301 1339 κέρδος
319 1287 426 1334 οὐδὲν,
440 1289 516 1325 ἀλλ’
540 1289 568 1325 εἰ
587 1286 656 1339 χρή
672 1303 706 1324 τι
723 1289 844 1333 εἰπεῖν,
865 1286 925 1325 καὶ
946 1286 1101 1337 βλάέηη

75 1346 120 1384 ‘H
142 1347 208 1398 γὰρ
225 1348 430 1386 πολυτέλεια
446 1352 507 1394 τῆς
528 1352 639 1400 ταφῆς
663 1347 914 1400 τυμδωρυχίας
935 1347 1030 1385 αἰτία
1046 1348 1102 1398 γέ-

75 1423 152 1458 γονε
168 1409 355 1455 πολλάκις,
373 1409 432 1447 καὶ
456 1410 584 1459 γυμνὸν
604 1409 662 1446 καὶ
687 1410 818 1461 ἄταφον
836 1407 996 1455 ἐποίησεν
1013 1411 1103 1460 ἐῤῥῖ-

75 1473 158 1520 <pom
177 1470 234 1507 τὸν
257 1471 430 1520 ἐπιμελῶς
448 1470 611 1522 ταφέντα.
635 1469 726 1506 Ἀλλ’
756 1469 784 1506 ὢ
805 1471 867 1514 τῆς
886 1468 1100 1513 κενοδοξίας·
1136 1486 1161 1515 1)

74 1529 186 1576 πόσην
207 1530 266 1568 καὶ
291 1533 324 1568 ἐν
340 1534 389 1584 τῷ
414 1530 530 1569 πένθει
554 1531 618 1576 τὴν
634 1529 818 1582 τυραννίδα
846 1530 1101 1577 ἐπιδείκνυται,

75 1591 186 1638 πόσην
216 1591 278 1638 τὴν
311 1592 428 1630 ἄνοιαν
437 1609 446 1640 ;
473 1592 605 1630 Πολλοὶ
632 1596 725 1643 γοῦν,
755 1591 812 1629 ἵνα
839 1591 887 1643 μὴ
916 1595 1015 1630 τοῦτο
1038 1591 1101 1642 γέ-

75 1669 194 1699 νηται,
224 1653 285 1696 τὰς
316 1653 446 1698 λεπτὰς
478 1653 614 1698 ἐκείνας
645 1654 762 1696 ὀθόνας
784 1652 1101 1704 διατεμόντες,καὶ

75 1717 211 1753 πολλῶν
250 1719 318 1753 τῶν
353 1715 549 1767 ἀρωμάτων
585 1715 846 1766 ἐμπλήσαντες,
876 1714 966 1753 ὥστε
994 1716 1100 1766 διπλῇ

75 1776 233 1827 γενέσθαι
266 1782 336 1820 τοῖς
364 1776 610 1829 ἐπηρεάζουσιν
633 1777 813 1829 ἄχρηστα,
847 1778 937 1814 οὕτω
973 1780 1015 1826 τῇ
1056 1779 1100 1827 γῇ

74 1837 357 1891 παραδεδώκασι.
380 1840 488 1876 Ταῦτ’
511 1833 567 1875 οὖν
601 1840 638 1875 οὗ
670 1838 906 1889 μαινομένων,
937 1841 1033 1875 ταῦτ’
1064 1839 1102 1876 οὐ

74 1898 366 1952 παραπαιόντων;
388 1899 587 1951 φιλοτιμίαν
607 1898 885 1946 ἐπιδείκνυσθαι,
915 1898 975 1936 καὶ
997 1898 1101 1937 πάλιν

74 1960 206 2007 ‘’aot->w
225 1960 418 2012 ἀφανίζειν,
436 1960 524 2008 Ναὶ,
556 1959 678 2013 φησίν·
705 1959 760 1997 ἵνα
800 1960 888 2010 μετὰ
913 1961 1102 2012 ἀσφαλείας

74 2021 199 2069 κέηται
222 2021 320 2074 παρὰ
342 2025 392 2075 τῷ
420 2024 552 2074 νεκρῷ,
571 2025 680 2058 ταῦτα
702 2021 816 2059 πάντα
848 2022 1101 2074 μηχανώμεθα.

75 2082 122 2120 Τί
143 2077 215 2129 οὖν,
237 2081 275 2120 ἂν
305 2085 335 2121 οἱ
365 2083 594 2136 τυμὲωρύχοι
613 2082 660 2133 μὴ
687 2083 854 2131 λάὸωσιν,
882 2086 912 2121 οἳ
943 2087 1044 2130 σῆτες
1063 2085 1100 2121 οὗ

74 2144 245 2195 λήψονται
267 2144 327 2182 καὶ
360 2146 389 2183 οἱ
415 2144 615 2192 σκώληκες,
644 2144 691 2182 Τί
712 2145 749 2183 δέ
756 2160 765 2191 ;
792 2144 832 2182 ἂν
861 2147 892 2182 οἳ
916 2148 1018 2191 σῆτες
1043 2146 1102 2184 καὶ
1135 2151 1159 2180 Ε

75 2208 106 2244 οἳ
139 2205 318 2252 σκώληκες
347 2205 395 2256 μὴ
425 2206 592 2252 λάέωσιν,
614 2210 631 2245 ὃ
661 2206 782 2259 χρόνος
813 2207 873 2244 καὶ
894 2210 912 2245 ὁ
933 2206 1021 2259 ἰχὼρ
1041 2208 1102 2246 οὐκ

75 2268 216 2314 ἀπολεῖ,
236 2268 366 2318 Θῶμεν
385 2266 489 2318 δὲμὴ
517 2267 787 2320 τυμὸωρύχους,
816 2267 863 2319 μὴ
898 2271 1024 2317 σῆτας,
1052 2269 1100 2319 μὴ

75 2328 279 2376 σκώληκας,
308 2328 355 2379 μὴ
385 2329 528 2381 χρόνον,
558 2329 605 2381 μὴ
638 2330 723 2367 ἄλλο
752 2329 859 2380 μηδὲν
881 2331 1037 2382 δαπανᾷν
1057 2330 1101 2368 τὰ

74 2388 237 2440 κείμενα·
271 2390 362 2428 ἀλλὰ
392 2390 450 2428 καὶ
482 2391 521 2428 τὸ
546 2394 650 2441 σῶμα
679 2390 854 2442 ἀνέπαφον
884 2385 971 2429 εἶναι
996 2392 1100 2443 μέχρι

75 2451 136 2495 τῆς
159 2450 402 2498 ἀναστάσεως,
429 2451 488 2488 καὶ
509 2450 594 2487 αὐτὰ
624 2450 664 2497 δὴ
685 2455 794 2488 ταῦτα
825 2452 928 2489 καινὰ
948 2451 1006 2489 καὶ
1029 2468 1102 2490 νεο-

75 2515 171 2562 παγῆ
201 2512 260 2549 καὶ
291 2512 402 2550 λεπτὰ
428 2517 627 2565 τηρεῖσθαι,
658 2513 691 2550 τί
715 2512 818 2551 πλέον
852 2515 1002 2551 ἐντεῦθεν
1031 2520 1102 2558 τοῖς

77 2574 263 2611 ἀπελθοῦσι
286 2573 441 2624 γίνεται,
457 2574 538 2610 ὅταν
556 2574 682 2624 γυμνὸν
703 2573 764 2624 μὲν
783 2573 822 2611 τὸ
841 2577 944 2624 σῶμα
964 2575 1100 2628 ἐγείρη-

75 2650 154 2681 ται,
173 2639 282 2672 ταῦτα
298 2633 332 2672 δὲ
356 2636 501 2673 ἐνταῦθα
527 2634 634 2687 μένῃ,
650 2634 709 2672 καὶ
740 2635 847 2685 μηδὲν
869 2638 963 2685 ἡμᾶς
983 2635 1101 2687 ὠφελῇ

75 2696 160 2748 πρὸς
188 2695 249 2740 τὰς
279 2695 418 2739 εὐθύνας
449 2695 599 2743 ἕκείνας;
622 2696 725 2739 Τίνος
752 2689 810 2733 οἶν
831 2695 957 2743 ἕνεκεν,
988 2697 1103 2748 φησὶν,

1184 1250 1304 1287 pensa,
1325 1250 1402 1286 quae
1424 1236 1631 1286 lugentibus
1659 1235 1814 1272 multum
1832 1236 1933 1272 affert
1960 1234 2176 1282 detrimenti,

1184 1295 1351 1334 defuncto
1371 1296 1462 1333 nihil
1481 1295 1594 1346 lucri,
1612 1295 1684 1333 imo
1705 1296 1733 1333 si
1753 1310 1835 1334 vere
1850 1295 2002 1344 dicatur,
2023 1295 2178 1333 multum

1183 1357 1330 1394 damni?
1349 1357 1549 1409 Sepulturae
1564 1370 1718 1407 namque
1732 1357 1996 1408 magnificentia
2016 1357 2051 1393 in
2074 1370 2177 1394 causa

1183 1432 1276 1470 saepe
1300 1419 1367 1456 fuit
1399 1428 1438 1456 ut
1460 1419 1555 1456 fures
1578 1432 1705 1470 corpus
1731 1417 1870 1454 nudum
1901 1427 1935 1455 et
1960 1418 2177 1470 insepultum

1182 1479 1406 1530 projicerent.
1443 1479 1515 1517 Sed
1534 1494 1554 1516 o
1571 1479 1711 1516 inanem
1739 1478 1908 1529 gloriam!
1928 1488 2097 1529 quantam
2116 1478 2177 1515 illa

1182 1539 1217 1576 in
1233 1540 1333 1577 luctu
1349 1540 1590 1592 tyrannidem,
1610 1548 1780 1590 quantam
1806 1539 1981 1576 insaniam
2003 1537 2174 1577 ostendit!

1182 1601 1292 1638 Multi
1308 1602 1414 1650 enim,
1436 1615 1479 1639 ne
1496 1601 1533 1638 id
1549 1600 1700 1649 accidat,
1723 1600 1843 1638 tenuia
1863 1600 2030 1638 scindunt
2047 1600 2178 1637 lintea-

1182 1661 1294 1712 mina,
1312 1671 1346 1700 et
1357 1661 1577 1699 aromatibus
1596 1661 1743 1713 impleta
1765 1661 1900 1709 multis,
1916 1670 1955 1698 ut
1973 1660 2108 1713 duplici
2126 1676 2180 1698 ra-

1182 1723 1276 1762 tione
1294 1723 1436 1761 furibus
1453 1723 1524 1761 sint
1543 1723 1699 1770 inutilia,
1717 1723 1767 1761 sic
1783 1731 1884 1760 terrae
1904 1722 2084 1760 mandant.
2106 1724 2179 1760 An-

1182 1801 1253 1825 non
1283 1788 1360 1825 haec
1383 1787 1591 1836 furentium,
1609 1800 1727 1824 annon
1753 1786 1959 1823 insanorum
1984 1795 2078 1833 sunt,
2101 1800 2178 1822 am-

1180 1848 1352 1886 bitionem
1381 1840 1453 1900 pi‘ae
1483 1863 1519 1886 se
1546 1849 1656 1897 ferre,
1675 1857 1708 1885 et
1735 1862 1879 1885 rursum
1904 1847 2005 1884 illam
2034 1847 2181 1884 tollere?

1182 1910 1317 1958 Etiam,
1333 1909 1513 1960 inquiunt,
1531 1919 1570 1947 ut
1593 1909 1629 1947 in
1645 1919 1722 1947 tuto
1743 1909 1813 1947 sint
1832 1923 1938 1961 penes
1958 1908 2180 1956 defunctum,

1181 1971 1258 2009 haec
1274 1971 1394 2009 omnia
1417 1971 1679 2009 machinamur.
1705 1970 1805 2017 Quid
1823 1970 1932 2021 ergo?
1949 1971 1978 2007 si
2000 1971 2094 2007 fures
2111 1984 2181 2008 non

1182 2033 1359 2079 auferant,
1379 2046 1495 2070 annon
1523 2046 1660 2071 vermes
1681 2041 1715 2069 et
1746 2032 1850 2069 tineae
1876 2032 2061 2069 auferent?
2081 2031 2181 2077 Quid

1182 2094 1286 2134 vero?
1302 2094 1330 2132 si
1349 2103 1498 2147 parcant
1520 2093 1551 2132 ei
1571 2108 1705 2132 vermes
1725 2102 1757 2131 et
1776 2093 1889 2141 tineae,
1906 2107 2023 2130 annon
2040 2103 2180 2144 tempus

1182 2165 1216 2194 et
1234 2156 1347 2193 sanies
1365 2155 1541 2208 perdent?
1559 2157 1736 2192 Ponamus
1757 2163 1876 2191 autem
1890 2162 1929 2190 ut
1949 2167 2012 2190 nec
2027 2167 2176 2202 vermes,

1182 2231 1244 2255 nec
1269 2217 1384 2265 tineae,
1401 2231 1470 2254 non
1502 2226 1658 2268 tempus,
1680 2229 1745 2253 nec
1764 2214 1951 2267 quidpiam
1977 2213 2077 2251 aliud
2101 2214 2178 2251 haec

1182 2289 1378 2327 consumat,
1395 2279 1456 2317 sed
1473 2293 1600 2332 corpus
1616 2278 1663 2316 ad
1683 2292 1794 2328 usque
1809 2277 2102 2315 resurrectionem
2120 2277 2177 2315 in-

1182 2349 1316 2378 tactum
1335 2350 1486 2389 maneat,
1501 2350 1535 2378 et
1551 2341 1628 2377 haec
1643 2339 1762 2377 omnia
1781 2353 1872 2376 nova
1889 2348 1922 2376 et
1942 2339 2080 2375 minuta
2099 2352 2176 2375 ser-

1182 2413 1321 2452 ventur,
1340 2404 1429 2454 quid
1453 2403 1609 2455 amplius
1630 2401 1712 2439 inde
1728 2401 1918 2449 defunctis,
1939 2400 2081 2451 quando
2098 2415 2176 2438 cor-

1181 2479 1249 2516 pus
1266 2464 1406 2502 nudum
1422 2463 1669 2511 suscitabitur,
1686 2462 1748 2499 illa
1768 2476 1850 2501 Vero
1868 2462 1904 2499 in
1919 2461 2080 2513 sepulcro
2101 2476 2176 2499 ma-

1182 2525 1329 2573 nebunt,
1349 2524 1509 2574 nihilque
1533 2538 1594 2561 nos
1621 2522 1803 2575 juvabunt
1825 2521 1870 2558 ad
1897 2525 2069 2559 rationem
2095 2523 2176 2560 red-

1183 2585 1357 2623 dendam?
1375 2586 1449 2622 Cur
1477 2598 1571 2636 ergo,
1593 2583 1746 2633 inquies,
1770 2583 1807 2620 id
1825 2582 1861 2619 in
1885 2583 2026 2621 Christo
2042 2583 2176 2621 factum

1183 2646 1257 2684 est?
1274 2645 1357 2683 Noli
1375 2646 1451 2683 haec
1473 2660 1555 2683 cum
1575 2645 1681 2682 rebus
1700 2643 1868 2680 humanis
1896 2643 2044 2681 miscere
2062 2660 2069 2679 :
2092 2658 2176 2681 nam

1185 2717 1407 2759 unguentum
1428 2707 1557 2745 mulier
1577 2705 1747 2743 meretrix
1763 2705 1890 2742 effudit
1910 2705 1944 2742 in
1963 2715 2101 2744 sanctos
2117 2720 2177 2758 pe-

76 2757 133 2795 ἕπὶ
154 2761 214 2795 τοῦ
228 2759 381 2811 Χρῑστοῧ
400 2757 532 2808 ΥὲΥΟνΞΞ
555 2758 721 2795 Μάλῑστα
743 2757 804 2809 μὲν
826 2757 874 2809 μὴ
898 2757 1105 2810 παράὸαλλε
1127 2789 1174 2814 511
1187 2767 1260 2806 des.
1278 2769 1316 2806 Si
1341 2768 1386 2806 de
1416 2768 1484 2805 hac
1508 2781 1546 2805 re
1566 2767 1613 2805 sit
1638 2765 1871 2818 loquendum,
1896 2766 2012 2818 primo
2030 2767 2177 2817 quidem

75 2822 185 2856 ταῦτα
208 2824 278 2862 τοῖς
312 2817 558 2872 ἀνθρωπίνως·
591 2818 665 2857 ἐπεὶ
694 2819 753 2857 καὶ
787 2818 893 2870 μύρῡν
929 2818 1059 2870 ἕξὲχῑὲν
1080 2823 1101 2865 ἧ
1139 2826 1164 2856 Α
1186 2829 1262 2867 haec
1280 2829 1370 2867 facta
1388 2838 1468 2866 sunt
1484 2829 1529 2866 ab
1549 2828 1605 2876 iis,
1625 2828 1687 2879 qui
1708 2828 2003 2865 resurrectionem
2019 2829 2178 2866 nondum

75 2879 186 2930 πόρνη
213 2879 270 2917 ἐπὶ
292 2879 371 2923 τοὺς
393 2878 508 2930 ἁγίους
533 2879 640 2922 πόδας
662 2879 804 2918 ἐκείνου.
836 2882 875 2918 Εἰ
895 2880 930 2918 δὲ
950 2880 1019 2932 χρὴ
1044 2879 1103 2918 καὶ

75 2940 156 2991 περὶ
174 2939 304 2977 τούτων
323 2942 442 2987 εἰπεῖν,
463 2942 600 2992 πρῶτον
623 2940 684 2990 μὲν
705 2943 766 2978 οὐκ
797 2941 934 2979 εἰδότων
948 2942 1005 2979 τὸν
1023 2940 1102 2994 περὶ

77 3000 300 3044 ἀναστάσεως
326 3000 426 3051 λόγον
443 3004 511 3038 τῶν
529 3001 716 3040 ποιούντων
743 3006 853 3039 ταῦτα
877 3001 1016 3054 ἐγίνετο.
1035 3002 1102 3040 Διὰ

75 3060 176 3098 τοῦτο’
204 3076 306 3112 φησι·
334 3060 458 3103 Καθὼς
487 3061 558 3104 ἔθος
583 3056 624 3108 ἦν
655 3068 724 3106 τοῖς
751 3063 939 3106 Ἰουδαίοις.
963 3065 1015 3102 Οὐ
1034 3064 1101 3115 γὰρ

76 3124 144 3158 τῶν
178 3121 311 3159 δώδεκα
340 3116 427 3168 ἦσαν
456 3125 486 3159 οἱ
513 3122 570 3160 τὸν
590 3124 740 3175 Χριστὸν
762 3124 992 3175 τιμήσαντες,
1022 3126 1098 3163 ἀλλ’

78 3189 200 3225 ἐκεῖνοι
230 3190 261 3226 οἱ
279 3186 327 3237 μὴ
352 3186 484 3239 σφόδρα
515 3187 616 3225 αὐτὸν
652 3191 832 3239 τιμῶντες.
859 3191 905 3227 Οἱ
933 3194 1012 3238 γοῦν
1032 3190 1101 3229 δώ-

123 3312 142 3332 *
166 3310 328 3350 [ἀνόνητος
367 3311 466 3344 savit.
511 3321 543 3344 et
593 3313 731 3346 Codices
772 3315 888 3346 nostri.
919 3313 1104 3358 Legebatur

87 3364 234 3403 mimz]

1186 2900 1375 2940 noverant;
1399 2890 1478 2928 ideo
1503 2890 1573 2940 ait,
1607 2892 1657 2927 Ut
1685 2903 1765 2927 mos
1795 2890 1944 2927 Judaeis
1976 2899 2073 2927 erat.
2097 2891 2178 2928 Non

1186 2952 1280 2989 enim
1307 2965 1352 2988 ex
1376 2950 1567 2989 duodecim
1594 2959 1692 2988 erant
1711 2949 1773 3000 qui
1793 2950 1844 2987 sic
1863 2949 2047 2987 Christum
2066 2950 2177 2988 hono-

1187 3012 1324 3060 rabant,
1344 3012 1407 3050 sed
1424 3012 1463 3049 hi
1483 3025 1551 3049 non
1568 3011 1723 3048 multum
1741 3010 1771 3048 ei
1790 3010 1937 3048 honoris
1956 3011 2173 3048 tribuebant.

1187 3072 1388 3110 Duodecim
1415 3086 1497 3124 ergo
1527 3087 1608 3110 eum
1633 3086 1702 3109 non
1728 3072 1779 3109 sic
1809 3071 1982 3116 colebant,
2001 3071 2062 3109 sed
2082 3086 2177 3108 mor—

1187 3142 1273 3182 tem,
1294 3132 1421 3184 caedes,
1444 3134 1672 3186 periculaque
1702 3147 1767 3184 pro
1794 3132 1856 3169 illo
1887 3132 2089 3169 subeuntes.
2112 3132 2177 3168 Ille

1189 3194 1320 3247 quippe
1344 3193 1459 3232 honor
1479 3193 1626 3245 quidem
1645 3202 1733 3243 erat,
1755 3191 1815 3230 sed
1834 3192 1937 3243 longe
1959 3192 2073 3230 minor
2092 3192 2172 3229 isto.

1217 3326 1229 3341 Ξ·
1254 3315 1365 3349 Mor-el.
1386 3320 1484 3350 αὐτόν.
1504 3314 1592 3347 Alius
1610 3315 1730 3347 omisit.
