2507 3673
665 232 710 261 {N
745 232 914 261 Dimum
951 229 1190 270 APOSTom,
1230 228 1318 257 mou
1357 227 1500 266 Quoo,
1540 226 1640 255 uTc.
2095 211 2184 256 863

116 314 157 354 σὺ
185 314 347 366 σαρκικὸς
375 308 423 360 εἷς
449 311 544 363 Ἐγὼ
565 311 600 350 δὲ
620 311 783 362 σαρκικός
808 313 892 361 εἶμι.
915 310 924 323 ’
943 309 1022 360 Αγώ.
1045 308 1133 356 Τίς,

115 367 160 405 κὈ
187 368 254 419 πρὸ
273 371 332 404 τοῦ
351 365 456 416 νόμου
502 365 561 401 καὶ
594 366 628 401 ἐν
665 367 714 415 τῷ
750 363 846 415 νόμῳ
874 361 1132 416 πολιτευσάμε-

115 436 190 464 νος,
210 418 440 470 Πεπραμένος
460 417 526 455 ὑπὸ
546 416 609 462 τὴν
634 415 819 467 ἁμαρτίαν.
839 417 916 453 Οὐκ
938 417 1030 460 εἰπε,
1046 428 1135 460 πρα-

115 472 185 514 θεὶς
209 471 276 508 ὑπὸ
296 474 358 517 τῆς
377 469 569 520 ἁμαρτίας,
590 469 679 507 ἀλλὰ
695 497 703 513 ,
721 467 942 520 πεπραμένος
959 469 1002 517 τῇ
1024 467 1135 516 ἁμαρ-

114 523 184 575 τίᾳ.
202 525 254 561 Οὐ
270 522 338 574 γὰρ
357 522 472 575 ἕτερός
488 538 539 564 τις
553 525 621 559 τῶν
640 520 829 571 ἀνθρώπων
845 519 1037 571 πέπρακεν,
1058 518 1134 554 ἀλλ’

116 575 236 613 ἑαυτὸν
254 575 444 621 ἐπώλησεν.
463 574 604 626 υΩσπερ
620 573 687 625 γὰρ
703 575 737 610 ἐν
757 576 840 621 ἡμῖν
858 577 928 613 τοῖς
943 569 1136 620 ἀνθρώποις

115 627 183 664 εἰσί
213 642 302 671 τινες
327 629 358 664 οἱ
377 627 468 665 κατὰ
490 627 643 678 ἀνάγκην
673 623 971 677 πιπρασκόμενοι,
1002 620 1070 658 εἰσὶ
1101 619 1136 657 δὲ

117 680 216 718 ἄλλοι
234 680 428 730 ἐλευθερίας
457 679 676 731 μετέχοντες,
704 678 746 715 δι’
776 674 966 727 ἐπιγαμίας
993 672 1028 711 δὲ
1056 688 1136 710 παι-

117 732 244 770 δισκῶν
265 731 287 777 ἢ
307 732 426 785 ἑτέρας
453 731 544 774 τινὸς
576 731 728 781 ἀνάγκης
757 730 805 771 εἷς
830 725 985 764 δουλείαν
1016 723 1139 768 αὐτοὺς

116 784 330 822 ἐκδιδόασιν·
355 785 445 822 οὕτω
471 784 529 821 καὶ
545 787 562 822 ὁ
579 784 778 834 ἄνθρωπος,
808 778 980 831 ἐλεύθερος
1006 776 1052 814 ὧν
1073 776 1136 823 τὴν

117 836 232 889 φύσιν,
268 838 327 875 καὶ
360 837 540 887 ἐλευθέρας
565 835 697 887 φύσεως
730 832 863 884 λαχὼν,
899 830 986 868 ἑκὼν
1016 829 1138 867 ἑαυτὸν

116 889 290 935 ἐπώλησε.
313 890 437 931 Θέλεις
466 890 547 926 ἰδεῖν
577 887 696 924 ἑαυτὸν
727 887 910 922 πωλοῦντα
941 883 1139 934 ἄνθρωπον;

115 941 232 979 Βλέπε
258 940 291 977 τί
314 957 416 993 φησιν
432 944 449 978 ὃ
470 940 595 982 'llum
618 939 703 990 πρὸς
729 938 786 975 τὸν
813 935 969 988 Ἀχαὰὸ,
988 937 1035 978 ὡς
1055 935 1140 972 ἀπέ-

118 995 249 1031 στειλεν
266 993 367 1031 αὐτὸν
384 996 401 1029 ὁ
421 992 510 1036 Θεὸς
526 991 661 1043 ἐλέγξαι
678 990 776 1028 αὐτὸν
792 989 848 1027 διὰ
859 989 915 1026 τὸν
934 989 1138 1038 ἀμπελῶνα,

117 1045 153 1084 ὃν
174 1044 334 1097 ἀφείλετο
353 1048 412 1083 τοῦ
440 1044 612 1083 Ναὸουθέ.
638 1042 744 1094 Λέγει
772 1045 864 1093 αὐτῷ
887 1040 1043 1093 Ἀχαᾴὸ·
1065 1040 1140 1078 Effi-

120 1098 227 1149 ρηκοίς
252 1113 295 1147 με
313 1101 330 1135 ὁ
348 1097 468 1150 ἐχθρός
489 1112 572 1147 μου;
595 1096 700 1146 Λέγει
725 1097 819 1146 αὐτῷ
843 1094 987 1136 Ἠλίας·
1011 1092 1142 1145 εὕρηκά

117 1165 157 1188 σε
168 1180 177 1197 ,
199 1151 286 1188 διότι
300 1151 452 1203 ἐπράθης
466 1152 611 1196 ποιῆσαι
627 1149 666 1187 τὸ
680 1148 828 1198 πονηρὸν
843 1146 988 1184 ἐνώπιον
1001 1145 1142 1198 Κυρίου.

118 1203 164 1240 Ἥ
191 1203 258 1255 γὰρ
280 1210 407 1255 πρᾶσις
428 1204 527 1253 ἡμῶν
561 1202 616 1239 διὰ
644 1204 712 1238 τῶν
733 1201 842 1253 ἔργων
874 1201 936 1244 τῆς
962 1198 1143 1249 πονηρίας.

119 1255 214 1307 Ἐγὼ
232 1256 266 1292 δὲ
285 1256 448 1307 σαρκικός
465 1258 548 1305 εἶμι,
561 1253 783 1305 πεπραμένος
797 1251 863 1290 ὑπὸ
877 1251 939 1298 τὴν
957 1252 1030 1301 ἁμα
1055 1250 1144 1288 τίαν.

121 1307 165 1346 ‘O
188 1308 254 1360 γὰρ
276 1310 319 1359 τῇ
344 1312 437 1360 κακῇ
461 1307 624 1358 συνηθείᾳ
651 1303 951 1357 προειλημμένος,
975 1303 1076 1350 οὐδε,
1105 1303 1145 1341 ἂν

121 1360 223 1413 θέλῃ,
243 1361 362 1398 ἑαυτὸν
380 1360 528 1402 εὐκόλως
547 1360 710 1398 ἐκέοίλλει
727 1362 790 1404 τῆς
810 1356 976 1398 δουλείας.
994 1355 1148 1407 Δευτέρα

120 1413 188 1465 γὰρ
214 1413 346 1465 φύσιςὴ
365 1413 547 1458 συνήθεια’
569 1412 628 1450 καὶ
647 1415 668 1457 ἡ
690 1411 789 1463 φύσις
808 1408 900 1447 κατὰ
928 1411 996 1446 τῶν
1017 1408 1149 1460 ἀνθρώ-

120 1481 206 1503 πων.
230 1465 298 1502 Διὰ
316 1469 418 1503 τοῦτο
441 1465 626 1516 ἐπήγαγεν·
645 1466 698 1503 Οὖ
717 1463 784 1515 γὰρ
808 1464 826 1502 ὃ
850 1461 1029 1514 βούλομαι,
1048 1467 1149 1500 τοῦτο

121 1520 211 1555 ποιῶ
224 1548 234 1565 ,
267 1520 312 1560 ὣς
347 1516 440 1561 ἅπαξ
473 1516 715 1570 πεπραμένος,
746 1515 822 1554 οὐδὲ
856 1515 874 1553 ὃ
905 1514 1013 1557 θέλω,
1049 1518 1150 1552 τοῦτο

121 1570 280 1622 πράσσω.
299 1571 424 1608 Ταῦτα
439 1568 618 1621 πρέποντα
637 1568 754 1619 οἰκέτῃ
773 1567 817 1606 τὰ
833 1567 987 1620 ῥήματα.
1005 1564 1148 1618 ζὨσπερ
1172 1568 1196 1598 Ε

122 1623 189 1674 γάρ
210 1639 261 1666 τις
281 1625 344 1675 οὐχ
359 1623 381 1661 ἃ
396 1622 508 1677 θέλει,
525 1622 690 1675 πράττει,
713 1620 803 1659 ἀλλὰ
818 1619 997 1658 κελεύεται
1012 1634 1020 1641 ·
1040 1619 1150 1664 οὕτως

122 1678 140 1713 ὁ
165 1675 344 1728 ἄνθρωπος
371 1678 431 1713 οὒκ
460 1679 551 1727 εἶχεν
580 1674 733 1719 ἐξουσίαν
762 1679 886 1720 ποιεῖν,
914 1672 936 1710 ἃ
968 1670 1148 1718 ἐὸούλετο,

123 1727 214 1765 ἀλλὰ
231 1728 405 1766 ἐκελεύετο
427 1728 493 1766 ὑπὸ
511 1731 573 1774 τῆς
591 1727 778 1779 ἁμαρτίας.
796 1725 926 1764 Λοιπὸν
942 1725 1011 1782 γὰρ
1026 1724 1149 1763 ε’ὅασί-

123 1782 243 1818 λευσεν
258 1783 279 1827 ἡ
294 1780 450 1831 ἁμαρτία
463 1796 470 1803 ·
493 1782 629 1830 βασιλεῖ
644 1780 679 1818 δὲ
697 1778 887 1830 ἀντιλέγειν
909 1780 970 1816 οὐκ
989 1783 1044 1826 ἠν.
1074 1778 1148 1816 Πέ-

123 1849 237 1886 πρατο
256 1833 367 1871 τοίνυν
388 1836 405 1871 ὃ
425 1833 624 1884 ἅνθρωπος,
645 1834 711 1885 οὐχ
729 1835 746 1870 ὃ
766 1833 928 1877 Παῦλος,
951 1833 1027 1870 ἀλλ’
1047 1829 1148 1869 εἰκὼν

90 1931 95 1937 s
125 1890 184 1924 τοῦ
200 1887 383 1938 ἀνθρώπου
398 1885 464 1941 ’‘Ji‘’
477 1884 626 1936 πλάσμα
645 1885 684 1923 τὸ
698 1888 761 1931 τῆς
780 1883 986 1936 ἐλευθερίας.
1006 1884 1076 1922 Καὶ
1093 1882 1150 1920 ἵνα

126 1938 285 1989 συντέμω
297 1966 306 1982 ,
321 1938 378 1976 ὅτε
395 1942 488 1985 εἶπε,
503 1937 618 1975 πολλὰ
634 1941 696 1984 τῆς
710 1935 980 1986 ἦναγκασμένης
997 1934 1150 1978 δουλείας

124 1992 300 2043 τεκμήρια
325 1991 480 2040 ἐπήγαγε
496 2007 503 2013 ·
525 1992 558 2028 Τ
561 1989 761 2042 αλαίπωρος
780 1988 848 2040 ἐγὼ
878 1989 1078 2041 ἄνθρωπος,
1098 1987 1150 2032 τίς

126 2059 170 2093 με
186 2043 328 2095 ῥύσεται
340 2047 399 2080 τοῦ
415 2043 577 2093 σώματος
591 2047 650 2081 τοῦ
667 2043 814 2081 θανάτου
830 2040 971 2088 τούτου,
990 2041 1150 2085 Βλέπεις,

125 2098 200 2139 πῶς
219 2096 383 2147 εἰσήγαγε
401 2096 458 2133 τὸν
479 2096 672 2148 ἄνθρωπον,
691 2097 738 2138 ὣς
758 2098 791 2133 ἐν
813 2093 948 2145 δουλείᾳ
967 2101 1077 2145 πικρᾷ
1091 2093 1150 2130 καὶ

127 2149 305 2201 τυραννίδι
321 2148 575 2198 ἐξεταζόμενον,
589 2148 649 2185 καὶ
663 2148 904 2185 ἀποδύσασθαι
920 2148 1152 2184 ἐπιποθοῦντα

1206 314 1335 344 autem
1356 305 1530 343 carnalis
1549 317 1647 342 sum.
1671 306 1769 355 Ego.
1794 306 1885 352 Quis
1902 310 1918 342 Ρ
1937 305 2009 352 Qui
2042 316 2120 344 ante
2139 307 2188 344 le-

1206 371 1286 409 gem
1311 366 1346 394 et
1368 357 1404 393 in
1425 357 1501 407 lege
1534 365 1760 393 conversatus
1782 370 1882 404 sum,
1907 359 2091 396 Vetzclitas
2122 362 2191 397 sub

1203 417 1375 461 peccato.
1409 410 1487 446 Non
1509 407 1622 453 dixit,
1653 407 1831 445 venditus
1858 423 1877 445 a
1906 420 2077 460 pecca103
2103 411 2163 448 sed
2180 441 2190 460 ‚

1209 460 1386 500 venditus
1415 469 1570 511 peccato.
1602 460 1678 497 Non
1700 460 1794 496 enim
1813 460 1905 496 alius
1933 462 2036 498 homo
2067 463 2191 500 vendi-

1206 513 1278 561 dit,
1306 511 1367 550 sed
1400 526 1435 549 se
1456 513 1532 564 ipse
1558 511 1735 549 vendidit.
1770 511 2078 557 Quemadmodum
2098 515 2192 551 enim

1207 565 1304 617 apud
1321 579 1384 602 nos
1414 564 1575 602 homines
1595 573 1676 601 sunt
1694 564 1823 614 aliqui,
1843 564 1905 613 qui
1924 578 1988 615 per
2006 565 2081 602 vim
2110 580 2194 602 ven-

1207 618 1363 666 duntur,
1384 616 1446 654 alii
1465 627 1584 654 autem
1602 616 1726 664 liberi,
1747 616 1808 666 qui
1827 616 1885 653 vel
1904 625 1943 653 ut
1961 617 2108 655 ancillas
2127 618 2194 654 du-

1209 680 1289 708 cant
1305 683 1447 718 uxores,
1471 670 1529 707 vel
1549 669 1594 706 ob
1611 669 1719 706 aliam
1739 668 1930 718 quamdam
1954 669 2196 707 necessitatem

1208 723 1372 761 servituti
1393 737 1429 760 se
1445 721 1605 760 dedunt:
1625 722 1675 759 sic
1694 730 1728 758 et
1755 721 1862 758 homo
1882 730 2006 758 natura
2030 722 2142 760 liber.
2163 731 2197 759 et

1208 775 1359 813 liberam
1372 784 1535 812 naturam
1552 782 1674 811 nactus
1687 804 1698 822 ,
1715 782 1836 825 sponte
1849 773 2003 824 seipsum
2016 774 2194 811 vendidit.

1211 828 1278 867 Vis
1307 827 1430 867 videre
1460 826 1640 865 hominem
1662 826 1818 877 seipsum
1840 825 2083 863 vendentem?
2114 828 2198 864 Pcr-

1210 880 1327 932 pende
1344 880 1432 931 quid
1450 879 1546 917 dicat
1566 879 1712 916 Aehabo
1732 878 1850 926 Elias,
1877 892 1956 915 cum
1979 878 2076 916 misit
2096 879 2199 916 illum

1212 935 1308 971 Deus
1321 963 1332 981 ,
1353 942 1392 970 ut
1410 933 1530 985 ipsum
1549 931 1777 982 redargueret
1796 930 1889 968 circa
1906 930 2048 969 vineam
2061 961 2070 977 ‚
2092 946 2200 981 quam

1211 986 1405 1024 abstulerat
1424 1000 1443 1023 a
1463 984 1640 1023 Nabuthe.
1664 983 1760 1021 Dicit
1780 983 1810 1020 ei
1833 983 1958 1020 Achab
1980 999 1989 1020 τ
2010 986 2201 1022 Invenisti
2215 996 2244 1025 3,
2257 997 2334 1034 Reg.
2351 1003 2401 1024 2¹.

1214 1053 1273 1076 me
1292 1041 1472 1076 inimicus
1501 1041 1636 1074 meus?
1657 1038 1770 1073 Dixit
1789 1036 1851 1072 illi
1878 1036 1992 1074 Elias
2023 1051 2034 1071 :
2064 1038 2203 1073 Inveni
2216 1048 2265 1066 20·

1215 1100 1277 1137 te,
1306 1093 1399 1143 quia
1429 1091 1612 1127 ‘venditus
1639 1103 1678 1126 es
1707 1097 1747 1126 at
1763 1089 1925 1140 faceres
1963 1089 2112 1125 malum
2143 1103 2203 1126 co-

1215 1157 1301 1182 ram
1321 1145 1504 1181 Domino.
1523 1141 1695 1180 Venditio
1723 1141 1816 1178 enim
1847 1149 1964 1178 nostra
1989 1141 2030 1178 fit
2047 1155 2110 1192 per
2124 1155 2206 1192 ope-

1215 1210 1255 1234 ra
1276 1195 1454 1246 nequitiae.
1475 1197 1560 1245 Ego
1582 1203 1713 1232 autem
1734 1194 1908 1231 carnalis
1934 1207 2019 1230 sam
2030 1223 2041 1240 ,
2069 1195 2206 1231 vendi-

1219 1257 1278 1286 tas
1304 1251 1374 1286 suh
1398 1256 1570 1300 peccato.
1601 1246 1674 1293 Qui
1705 1245 1800 1283 enim
1833 1246 1926 1282 mala
1953 1246 2207 1284 consuetudine

1219 1310 1342 1353 captus
1361 1309 1432 1349 est,
1451 1313 1565 1350 neque
1584 1300 1612 1337 si
1642 1298 1797 1336 voluerit
1809 1327 1819 1346 ‚
1851 1311 1925 1335 sese
1942 1298 2044 1335 facile
2067 1312 2112 1335 ex
2129 1313 2206 1336 ser—

1218 1353 1334 1391 vitute
1352 1353 1513 1405 expedit.
1546 1353 1639 1389 Nam
1665 1349 1882 1389 consuetudo
1902 1359 1953 1388 est
1971 1350 2126 1388 secunda
2145 1365 2208 1388 na-

1219 1414 1300 1444 tura
1317 1421 1324 1442 :
1342 1406 1488 1457 ipsaque
1502 1413 1627 1442 natura
1645 1412 1765 1441 contra
1780 1403 1942 1440 homines
1956 1412 2105 1454 pugnat.
2126 1402 2209 1441 Ideo

1220 1458 1342 1496 intulit
1363 1474 1370 1494 ι
1390 1460 1481 1496 [Von
1500 1460 1602 1495 enim
1623 1457 1729 1508 quod
1755 1456 1847 1493 volo
1865 1456 1983 1508 facio
1996 1486 2008 1502 ‚
2044 1464 2084 1493 ut
2103 1456 2210 1493 semel
2224 1467 2313 1496 Rom.
2326 1467 2410 1506 μδ.

1220 1510 1406 1556 venditus,
1435 1524 1548 1560 neque
1574 1509 1671 1560 quod
1699 1507 1782 1547 volo
1813 1522 1950 1559 operor.
1982 1508 2068 1546 Haec
2099 1509 2210 1546 verba

1221 1577 1365 1601 servum
1379 1562 1514 1600 decent.
1533 1562 1634 1600 Sicut
1649 1561 1743 1599 enim
1761 1560 1822 1597 ille
1837 1574 1907 1598 non
1920 1574 1998 1609 quae
2014 1561 2094 1598 vult
2107 1561 2210 1609 facit,

1221 1615 1284 1653 sed
1299 1630 1375 1666 quae
1385 1615 1532 1667 jubetur
1546 1630 1554 1651 ε
1571 1614 1741 1652 sichomo
1755 1626 1825 1650 non
1838 1613 1991 1650 habebat
2004 1622 2213 1664 potestatem

1220 1668 1374 1706 faciendi
1404 1682 1443 1705 ea
1466 1681 1543 1718 quae
1563 1667 1671 1705 vellet
1683 1695 1694 1715 ,
1717 1665 1778 1702 sed
1798 1679 1818 1701 a
1842 1674 1985 1716 peccato
1999 1665 2210 1716 jubebatur.

1219 1722 1301 1760 ,Jam
1321 1721 1417 1759 enim
1436 1719 1607 1770 regnabat
1625 1726 1808 1770 peceatum
1828 1732 1836 1752 τ
1860 1717 1950 1767 Regi
1968 1731 2053 1755 vero
2074 1727 2212 1755 contra-

1221 1773 1293 1811 dici
1313 1788 1382 1812 non
1407 1781 1556 1825 poterat.
1588 1770 1768 1811 Venditus
1788 1783 1872 1820 ergo
1893 1777 1968 1806 erat
1993 1769 2101 1807 homo
2115 1801 2125 1817 ,
2144 1785 2214 1808 non

1222 1826 1372 1874 Paulus,
1392 1825 1454 1864 sed
1483 1825 1602 1875 imago
1628 1822 1785 1861 hominis
1801 1852 1812 1871 ,
1833 1822 2046 1873 figmentum
2066 1822 2214 1860 liberta-

1221 1880 1280 1917 tis.
1303 1880 1354 1917 Ut
1370 1878 1493 1931 paucis
1516 1877 1702 1915 absolvam
1717 1905 1728 1924 ,
1750 1889 1833 1912 cum
1855 1874 2037 1912 servitutis
2057 1889 2117 1926 per
2136 1875 2213 1913 vim

1221 1931 1375 1969 induetae
1392 1931 1503 1968 multa
1519 1928 1650 1967 indicia
1668 1927 1822 1965 dedisset
1833 1956 1842 1974 ,
1859 1927 2049 1979 subjunxit
2068 1943 2076 1963 ι
2091 1929 2214 1965 Miser
2229 1940 2309 1970 thid.
2324 1950 2350 1967 v.
2363 1942 2415 1977 24.

1222 1997 1289 2035 ego
1310 1985 1444 2029 homo,
1470 1985 1556 2034 quis·
1576 1995 1635 2018 me
1658 1982 1838 2018 liberabit
1858 1993 1882 2016 a
1900 1993 2058 2030 corpore
2080 1983 2212 2018 mortis

1222 2038 1336 2089 hujus
1351 2041 1367 2073 P
1386 2035 1518 2075 Viden'
1539 2032 1720 2084 quomodo
1742 2031 1886 2069 induxit
1902 2031 2105 2082 hominem,
2127 2047 2213 2082 qua-

1221 2088 1250 2127 si
1271 2089 1396 2126 aeerba
1425 2087 1596 2126 servitute
1614 2094 1647 2123 et
1666 2083 1856 2137 tyrannide
1885 2083 2125 2134 exagitatum,
2151 2085 2214 2134 qui

1222 2142 1430 2179 servitutem
1445 2149 1609 2178 excutere
1625 2146 1780 2190 optaret,
1802 2137 2003 2174 libertatem
2022 2145 2191 2186 quaereret
2202 2166 2211 2184 ,

125 2199 188 2247 τὴν
216 2200 384 2248 δουλείαν,
418 2201 478 2238 καὶ
499 2203 725 2247 ἐπιζητοῦντα
756 2199 819 2246 τὴν
849 2199 1057 2250 ἐλευθερίαν,
1091 2198 1210 2240 xa¹t195
1222 2204 1255 2231 et
1271 2193 1485 2232 beneficium
1500 2191 1725 2244 postularet?
1740 2191 1862 2226 ,Miser
1880 2203 1947 2240 ego
1967 2190 2103 2236 homo,
2127 2191 2212 2240 quis
2226 2200 2304 2228 lbid.
2320 2211 2347 2227 v.
2363 2199 2410 2227 25.

127 2254 398 2303 ἐπικαλούμενον
418 2253 482 2299 τὴν
511 2252 726 2305 εὐεργεσίαν,
745 2252 980 2302 Ταλαίπωρος
1000 2250 1068 2303 ἐγὼ
1089 2250 1152 2288 ἄν-
1176 2253 1202 2280 Α
1224 2261 1284 2284 me
1313 2248 1521 2284 liberabit?
1549 2244 1640 2289 Quis
1666 2242 1814 2280 veniet?
1841 2242 2001 2279 Gratias
2023 2255 2096 2292 ago
2129 2243 2213 2278 Deo

128 2308 280 2356 θρωπος,
298 2305 350 2348 τίς
376 2321 419 2355 με
442 2305 597 2357 ῥύσεται,
619 2305 671 2349 τίς
695 2307 852 2358 ἔρχεται,
872 2305 1080 2355 Εὗχαριστῶ
1102 2306 1152 2355 τῷ

128 2359 211 2411 Θεῷ
228 2359 284 2396 διὰ
303 2362 363 2396 τοῦ
380 2358 509 2410 Κυρίου
529 2362 629 2408 ἡμῶν
645 2357 761 2403 Ἰησοῦ
780 2359 945 2408 Χριστοῦ.
962 2355 1040 2394 Ἵνα
1060 2356 1151 2406 δείξῃ

129 2425 203 2456 σοι,
231 2410 283 2448 ὅτι
299 2417 428 2463 πρᾶσιν
447 2414 509 2456 τῆς
529 2410 702 2464 ἁμαρτίας
722 2409 816 2461 λέγει
831 2410 889 2448 τόν
909 2424 992 2448 ποτε
1010 2409 1076 2447 ὑπὸ
1095 2409 1152 2448 τὸν

128 2462 245 2512 νόμον,
266 2462 459 2515 ἐλευθερίαν
485 2462 520 2501 δὲ
538 2467 607 2501 τῶν
634 2461 868 2514 πεπραμένων
899 2461 977 2504 τοὺς
1008 2461 1065 2500 διὰ
1091 2465 1154 2508 τῆς

129 2517 355 2566 εὖαγγελικῆς
378 2514 521 2566 χάριτος
546 2515 855 2568 ἐξαγορασθέντας,
878 2513 993 2564 λέγει,
1011 2514 1151 2552 Ταλαί-

129 2583 244 2618 πωρος
265 2567 333 2619 ἐγὼ
349 2567 529 2620 ἄνθρωπος
540 2598 549 2615 ,
570 2567 623 2610 τίς
643 2584 686 2618 με
703 2567 861 2618 ῥύσεται,
876 2568 1090 2618 Εὐχαριστῶ
1103 2569 1154 2618 τῷ

130 2622 212 2671 Θεῷ
229 2620 286 2657 διὰ
300 2623 359 2657 τοῦ
377 2620 505 2672 Κυρίου
520 2623 621 2671 ἡμῶν
638 2620 754 2666 Ἰησοῦ
773 2621 941 2670 Χριστοῦ·
961 2618 1155 2671 ἠλευθέρω-

132 2672 171 2709 σε’
187 2688 231 2722 με
249 2672 318 2709 ἀπὸ
337 2676 396 2709 τοῦ
415 2672 520 2722 νόμου
538 2676 599 2718 τῆς
619 2672 803 2724 ἁμαρτίας.
819 2671 864 2709 ‘O
883 2670 951 2723 γὰρ
970 2671 1074 2722 νόμος
1094 2674 1154 2709 τοῦ

131 2723 337 2774 Πνεύματος
351 2727 413 2769 τῆς
426 2727 516 2770 ζωῆς
531 2727 564 2762 ἐν
576 2727 719 2778 Χριστῷ
732 2725 848 2768 Ἰησοῦ
863 2722 1082 2775 ἠλευθέρωσέ
1099 2739 1154 2773 με.

131 2775 241 2828 (Ορᾷς
254 2805 263 2819 ,
282 2780 356 2820 πῶς
373 2776 431 2814 τὸν
451 2776 630 2828 ἄνθρωπον
644 2778 702 2815 τὸν
723 2776 1005 2828 ἐλευθερούμενον
1025 2776 1155 2814 καὶτὸν

133 2829 339 2867 δουλεύοντα
374 2829 562 2881 εἰσήγαγε,
599 2830 669 2868 Καὶ
703 2832 741 2868 οὐ
775 2829 856 2880 περὶ
893 2832 1014 2866 ἑαυτοῦ
1052 2828 1155 2878 μόνου

133 2881 334 2933 φθέγγεται,
356 2881 446 2919 ἀλλὰ
465 2883 545 2935 περὶ
565 2883 680 2928 πάσης
697 2885 781 2932 ὁμοῦ
797 2885 860 2926 τῆς
875 2880 1154 2934 ἀνθρωπότητος.

133 2933 177 2971 ‘O
200 2933 267 2985 γὰρ
286 2934 389 2984 νόμος
418 2939 478 2972 τοῦ
508 2935 712 2985 Πνεύματος
741 2938 803 2980 τῆς
832 2936 922 2979 ζωῆς
951 2935 984 2971 ἐν
1016 2934 1158 2984 Χριστῷ

134 2986 251 3031 Ἰησοῦ
281 2984 497 3037 ἠλευθέρωσέ
522 3003 564 3037 με
586 2987 655 3026 ἀπὸ
682 2992 742 3025 τοῦ
769 2985 875 3034 νόμου
903 2989 965 3032 τῆς
985 2984 1159 3036 ἁμαρτίας

133 3038 193 3075 καὶ
209 3043 268 3075 τοῦ
291 3040 446 3078 θανάτου.
469 3040 538 3079 Καὶ
556 3044 630 3084 πῶς
647 3037 903 3090 ἠλευθερώθης,
923 3038 976 3076 Τὸ
996 3037 1064 3088 γὰρ
1079 3035 1158 3073 ἀδύ-

133 3106 234 3129 νατον
251 3097 311 3131 τοῦ
328 3093 454 3142 νόμου,
474 3095 506 3130 ἐν
523 3088 550 3144 ᾧ
563 3093 699 3138 ἠσθένει
718 3091 775 3130 διὰ
790 3093 852 3135 τῆς
871 3090 1016 3143 σαρκός·
1037 3087 1156 3134 ἐπειδὴ

135 3145 152 3180 ὃ
171 3142 233 3193 μὲν
252 3144 355 3194 νόμος
382 3144 518 3183 ἐκέλευε
543 3145 582 3182 τὸ
603 3145 742 3197 ἀγαθὸν,
761 3146 782 3189 ἡ
801 3140 837 3178 δὲ
858 3142 942 3194 σὰρξ
975 3144 1040 3192 οὐχ
1066 3139 1157 3185 ὑπή-

136 3211 248 3243 κουεν,
277 3200 323 3240 ὡς
349 3196 556 3248 πεπραμένη
583 3201 626 3248 τῇ
657 3196 834 3249 ἁμαρτίᾳ,
855 3195 876 3232 ἃ
897 3194 945 3245 μὴ
971 3192 1126 3240 ἠδυνήθη
1143 3195 1160 3230 ὃ

136 3249 239 3297 νόμος
258 3253 476 3301 κατορθῶσαι
493 3249 548 3286 διὰ
564 3248 626 3294 τὴν
643 3249 822 3287 ἀσθένειαν
838 3250 899 3292 τῆς
919 3246 1045 3299 σαρκὸς
1059 3274 1068 3291 ,
1091 3260 1160 3282 και-

138 3300 301 3352 τώρθωσε
327 3303 384 3340 διὰ
405 3306 466 3348 τῆς
486 3301 664 3351 δυνάμεως
683 3304 744 3347 τ’ἧς
770 3300 896 3346 σαρκὸς
917 3303 975 3337 τοῦ
996 3299 1160 3349 Χριστοῦ.

140 3353 193 3390 Τὸ
220 3355 287 3406 γὰρ
318 3353 484 3393 ἀδύνατον
513 3357 572 3391 τοῦ
600 3353 729 3403 νόμου,
752 3355 786 3390 ἐν
807 3348 835 3405 ᾧ
860 3351 997 3397 ἠσθένει
1027 3349 1082 3387 διὰ
1100 3352 1163 3394 τ’ἧς

143 3406 268 3456 σαρκός
293 3409 354 3453 (οὐ
374 3407 442 3459 γὰρ
464 3408 506 3445 δι’
525 3409 644 3444 ἑαυτοῦ
665 3405 801 3451 ἠσθένει
817 3409 834 3443 ὃ
854 3405 976 3453 νόμος,
997 3401 1088 3441 ἀλλὰ
1106 3402 1163 3439 διὰ

1220 2313 1289 2351 per
1311 2301 1525 2337 Dominum
1547 2305 1720 2333 nostram
1749 2295 1883 2332 Jesum
1917 2295 2127 2331 Christum.
2162 2295 2214 2332 Ut

1224 2351 1385 2390 ostendat
1407 2351 1469 2388 tihi
1485 2380 1495 2399 ‚
1518 2348 1615 2400 quod
1632 2346 1820 2386 venditum
1834 2355 1980 2397 peccato
1999 2345 2094 2383 djcat
2114 2360 2209 2393 eum,

1226 2405 1286 2455 qui
1306 2402 1498 2454 aliquando
1518 2402 1585 2440 sub
1603 2401 1681 2451 lege
1696 2408 1788 2445 e1·at;
1810 2399 1939 2436 liberos
1956 2407 2071 2435 autem
2089 2412 2107 2435 a
2128 2412 2210 2436 ven-

1225 2457 1359 2495 ditione
1374 2470 1445 2502 eos,
1466 2455 1528 2505 qui
1547 2468 1610 2505 per
1628 2451 1870 2502 evangelicam
1896 2450 2047 2501 gratiam
2064 2449 2213 2487 redemti

1226 2510 1387 2557 fuerant,
1404 2507 1492 2545 dicit
1515 2523 1524 2544 :
1548 2507 1672 2544 ‚Miser
1685 2517 1753 2555 ego
1773 2505 1906 2549 homo,
1930 2505 2015 2555 quis
2040 2517 2099 2539 me
2119 2503 2212 2540 libe-

1226 2565 1357 2600 rabit?
1389 2561 1548 2598 Gratias
1577 2571 1650 2608 ago
1681 2558 1766 2593 Deo
1793 2569 1862 2606 per
1895 2556 2108 2593 Dominam
2145 2569 2212 2592 no-

1225 2623 1346 2652 strum
1375 2613 1510 2651 Jesam
1545 2611 1755 2648 Chr-istam.
1789 2607 1975 2646 Liberavit
2009 2621 2065 2644 me
2088 2621 2107 2643 a
2135 2607 2211 2658 lege
2227 2618 2304 2646 [bid.
2329 2618 2358 2647 3,
2383 2624 2408 2643 ι.

1226 2666 1372 2718 peccati.
1404 2666 1484 2702 Lex
1521 2665 1624 2700 enim
1654 2661 1818 2712 Spiritus
1853 2662 1948 2697 vitoe
1981 2662 2023 2696 in
2057 2661 2212 2698 Christo

1226 2721 1321 2756 Jesa
1349 2717 1529 2754 liberavit
1547 2728 1618 2751 me.
1651 2713 1800 2761 Viden⁷‚
1830 2712 2008 2763 quomodo
2030 2711 2212 2751 hominem

1227 2780 1259 2808 et
1278 2771 1468 2808 liberatum
1487 2777 1520 2805 et
1539 2765 1749 2805 servientem
1769 2765 1939 2803 induxit?
1963 2766 2086 2814 Neque
2105 2765 2150 2802 de
2177 2779 2212 2803 se

1229 2832 1364 2860 tantum
1382 2820 1561 2872 loquitur,
1583 2818 1646 2856 sed
1663 2817 1708 2855 de
1726 2817 1822 2855 omni
1846 2818 2003 2855 humana
2022 2826 2146 2854 natura
2165 2817 2213 2855 si-

1227 2875 1314 2914 mul.
1344 2876 1426 2912 Lex
1453 2874 1553 2911 enim
1569 2871 1732 2922 Spiritus
1751 2873 1844 2908 'vita’
1864 2872 1906 2907 in
1932 2871 2086 2907 Christo
2116 2871 2212 2908 Jesu

1229 2929 1408 2965 liberavit
1425 2939 1485 2962 me
1512 2939 1537 2962 a
1564 2924 1645 2975 lege
1664 2925 1812 2974 peccati
1831 2931 1867 2960 et
1887 2924 2032 2960 mortis.
2057 2922 2104 2960 Et
2121 2937 2211 2972 quo-

1229 2979 1335 3017 modo
1350 2979 1522 3016 liberatus
1539 2976 1605 3013 es?
1627 2977 1731 3013 Nam
1756 2976 1860 3027 quod
1879 2975 2112 3026 impossibile
2131 2984 2213 3013 erat
2227 2985 2306 3014 [οἱα.
2333 2995 2359 3011 v.
2379 2982 2409 3011 3.

1231 3033 1324 3084 legi,
1354 3033 1397 3068 in
1425 3043 1500 3082 quo
1527 3029 1803 3081 iafirmabatur
1829 3041 1898 3078 per
1922 3041 2089 3064 carnem.
2121 3028 2214 3072 Quia

1230 3085 1289 3122 lex
1304 3082 1532 3136 praecipiebat
1552 3081 1710 3129 bonum,
1735 3093 1817 3117 caro
1842 3088 1959 3117 autem
1983 3093 2052 3116 non
2071 3079 2214 3117 obedie-

1231 3137 1311 3184 bat,
1332 3144 1452 3188 utpote
1476 3143 1620 3187 peccato
1646 3131 1812 3180 vendita;
1833 3146 1911 3182 quae
1938 3145 2008 3168 non
2026 3131 2141 3181 potuit
2157 3131 2216 3168 lex

1231 3190 1371 3227 efficere
1400 3184 1544 3240 propter
1573 3185 1816 3223 infirmitatem
1847 3183 1977 3229 carnis,
2007 3182 2122 3220 effecit
2153 3197 2217 3234 per

1232 3242 1403 3280 virtutem
1423 3239 1539 3278 carnis
1561 3238 1706 3276 Christi.
1730 3238 1833 3274 Nam
1860 3236 1964 3286 quod
1985 3236 2219 3286 impossibile

1234 3303 1317 3332 erat
1340 3295 1432 3345 legi,
1465 3295 1507 3329 in
1532 3305 1607 3343 qao
1626 3289 1921 3341 infirmabatur,
1939 3295 2093 3337 propter
2111 3288 2220 3339 iafir-

1236 3350 1409 3384 mitatem
1429 3346 1558 3382 carnis
1574 3347 1656 3390 (non
1678 3341 1772 3378 enim
1792 3353 1854 3391 per
1872 3338 2023 3390 seipsam
2041 3339 2100 3376 lex
2120 3339 2219 3376 infir-

1236 3399 1424 3447 mabatur,
1444 3396 1506 3434 scd
1539 3409 1602 3446 per
1628 3396 1804 3441 earnem);
1827 3392 1933 3429 Deus
1967 3393 2121 3429 mittens
2153 3393 2220 3429 Fi-
