2481 3678
72 300 157 329 Rom.
171 300 254 329 5.20.

100 2328 124 2346 1.
146 2317 213 2345 Cor
232 2324 278 2345 12.

100 2990 187 3019 Rom.
205 2998 284 3019 1.’).ο.

272 200 361 263 376
731 215 767 245 5.
806 215 992 245 somnis
1029 212 1271 243 0111115051.

269 298 316 336 Et
343 309 486 335 rursum
517 295 617 346 alibi,
650 297 730 334 Lex
758 305 888 334 autem
923 297 1170 341 subintravit,
1210 301 1250 331 ut

270 360 485 398 abundaret
500 360 693 396 delictum.
717 358 825 408 Atqui
845 372 913 396 non
929 356 1007 395 ideo
1025 355 1251 404 subintravit,

270 419 330 458 sed
361 429 401 457 ut
419 419 643 457 cohiberetur
661 427 855 470 peccatum.
1269 453 1315 478 328

323 484 360 519 9.
390 481 521 521 Vidcn'
542 480 673 530 ubique
693 479 905 517 adverbium
929 492 975 516 ex
995 487 1122 517 eventu
1149 475 1252 530 poni?
1281 491 1306 520 Α

272 544 322 581 Ut
342 542 438 581 enim
460 540 672 578 architectus
690 539 847 591 optimus
868 549 1006 591 partem
1027 539 1157 577 aedium
1176 553 1254 591 per-

273 603 370 646 fecit,
392 611 526 653 partem
543 601 783 651 imperfectam
809 600 966 651 reliquit,
988 610 1026 638 ut
1047 615 1088 638 ex
1116 599 1257 638 residuo

273 663 371 715 apud
388 661 586 699 incredulos
599 661 644 697 de
663 670 735 698 toto
755 675 827 698 sese
843 661 1029 699 defendat:
1046 662 1094 698 ita
1113 671 1145 699 et
1164 662 1259 698 Deus

276 737 403 774 corpus
425 731 583 759 nostrum
606 721 825 772 conglutinat
844 730 877 760 et
897 720 1055 774 perficit,
1079 730 1259 771 tamquam

276 784 423 821 domum
444 781 636 833 quamdam
654 782 844 831 labantem,
863 797 944 820 cum
963 796 1107 820 manum
1122 781 1262 819 aridam

277 854 393 893 sanat,
421 843 611 896 paralytici
642 843 799 880 membra
821 843 953 893 firmat,
968 843 1114 880 claudos
1140 842 1259 893 erigit,

278 906 433 957 leprosos
453 904 615 951 mundat,
635 917 747 955 cegms
771 913 884 954 sanat,
903 918 1005 941 crura
1032 903 1163 940 debilia
1181 916 1262 940 con-

280 967 409 1015 firmat,
424 974 581 1003 mortuos
596 964 753 1012 suscitat,
765 964 901 1002 clausos
918 964 1036 1002 oculos
1052 964 1177 1016 aperit,
1193 976 1262 1000 non

279 1026 423 1064 habenti
449 1026 570 1063 oeulos
602 1025 720 1063 visum
750 1025 822 1062 dat.
851 1026 937 1070 Quae
968 1024 1086 1062 omnia
1114 1023 1264 1060 infirmae

280 1097 415 1125 naturae
445 1087 532 1126 vitia
561 1086 648 1123 dum
678 1086 847 1137 corrigit,
876 1094 1081 1136 potestatem
1112 1084 1266 1121 ostendit

282 1164 395 1186 5113111.
421 1149 511 1185 Cum
528 1147 616 1184 (111·11
635 1155 766 1193 autem,
790 1148 840 1183 Ut
856 1147 1128 1198 mamfestetur
1140 1146 1266 1197 gloria

282 1212 370 1255 Dei,
394 1208 438 1246 de
467 1222 519 1253 50,
540 1221 609 1244 11011
629 1207 674 1244 de
693 1208 798 1244 Patre
818 1206 987 1257 loquitur.
1014 1206 1116 1243 Illius
1136 1205 1268 1256 quippe

282 1270 393 1322 gloria
406 1269 589 1306 manifesta
603 1278 687 1306 erat.
703 1269 796 1314 Quia
812 1269 906 1306 enim
922 1267 1121 1318 audierant,
1135 1269 1266 1319 Deum,

283 1346 365 1370 cum
386 1331 566 1369 hominem
586 1331 772 1379 formaret,
792 1330 968 1382 accepisse
991 1330 1118 1367 limum
1139 1330 1183 1368 de
1199 1339 1268 1367 ter-

284 1408 345 1442 ra,
366 1393 445 1430 idco
471 1392 521 1429 sie
549 1391 608 1429 ille
632 1392 749 1428 lutum
774 1391 953 1429 formavit.
975 1391 1014 1429 Si
1038 1391 1132 1428 enim
1154 1390 1269 1428 dixis-

284 1463 360 1491 set:
384 1453 460 1504 Ego
486 1467 566 1490 sum
593 1452 656 1503 qui
687 1452 807 1503 accepi
831 1452 1018 1503 pulverem
1039 1452 1083 1490 de
1102 1461 1218 1501 terra,
1237 1460 1271 1489 et

286 1515 463 1553 hominen]
483 1513 656 1563 formavi,
676 1513 715 1551 id
733 1513 959 1551 auditoribus
978 1513 1164 1551 offensioni
1183 1513 1272 1551 fuis-

287 1586 365 1626 set,
386 1575 450 1612 ubi
469 1589 556 1612 vero
582 1574 619 1611 id
645 1574 721 1626 ipso
746 1588 851 1626 opere
880 1574 1052 1623 ostendit,
1074 1588 1142 1611 non
1166 1588 1274 1625 repu-

289 1652 397 1689 gnare
419 1645 623 1688 potuerunt.
656 1638 807 1687 Accepto
838 1635 957 1686 itaque
975 1636 1142 1687 pulvere,
1168 1649 1273 1686 quem

289 1714 370 1737 eum
388 1707 492 1750 sputo
508 1697 742 1745 commiscuit,
754 1697 804 1735 sie
820 1698 994 1735 occultam
1007 1696 1158 1748 gloriam
1171 1711 1274 1734 suam

291 1760 509 1798 manifestam
552 1758 725 1797 reddidit.

290 1831 365 1859 crat
378 1852 388 1871 ,

767 1759 846 1796 Non
880 1774 992 1811 parva
1028 1759 1121 1797 enim
1160 1758 1274 1810 gloria

419 1820 517 1872 quod
545 1830 713 1858 creaturae
743 1820 863 1871 opifex
890 1829 1089 1872 putaretur.
1118 1820 1177 1857 Ex
1206 1819 1274 1857 hoc

292 1885 386 1921 0111111
405 1893 527 1921 0311013
550 1882 810 1933 sequebantur:
831 1896 876 1919 ex
900 1890 1001 1933 parte
1020 1890 1134 1918 totum
1154 1881 1274 1920 crede-

291 1945 407 1981 batur.
428 1943 576 1995 Majoris
595 1956 746 1992 namque
770 1941 859 1979 fides
893 1941 932 1979 id
951 1942 1048 1992 quod
1067 1942 1185 1979 minus
1203 1952 1277 1980 erat

293 2004 535 2042 confirmabat.
574 2003 782 2040 Creatarum
828 2002 922 2040 enim
958 2017 1077 2040 rerum
1117 2003 1276 2040 omnium

293 2063 605 2117 pra‘stantissimus
624 2072 676 2101 est
694 2063 814 2111 homo,
836 2072 870 2100 et
888 2063 1130 2100 membrorum
1148 2063 1278 2115 pretio-

293 2125 473 2163 sissimum
504 2133 554 2161 est
586 2124 711 2161 oculus
739 2139 747 2159 ε
776 2123 910 2160 idcirco
938 2138 1007 2160 non
1038 2123 1249 2175 simpliciter
1266 2154 1278 2174 ,

294 2186 357 2223 sed
379 2186 439 2222 illo
466 2184 572 2222 1110110
589 2183 649 2221 1110
677 2183 796 2221 0011105
815 2183 961 2222 creavit.
984 2183 1063 2220 Etsi
1081 2183 1176 2220 enim
1194 2198 1277 2235 par-

294 2260 381 2283 vum
410 2245 455 2282 sit
480 2245 692 2293 membrum,
719 2253 770 2281 est
792 2252 907 2281 tamen
937 2240 1091 2282 maxime
1120 2258 1275 2281 neeessa-

295 2306 388 2343 111111]
409 2305 572 2357 corpori:
593 2305 661 2342 hoc
687 2305 822 2342 Paulus
840 2304 996 2342 declarat
1015 2320 1022 2341 :
1048 2306 1101 2343 Et
1119 2307 1152 2343 si
1171 2306 1277 2342 dixe-

295 2384 315 2406 r
317 2372 343 2406 ίι
358 2371 476 2415 auris,
492 2369 582 2405 Non
595 2382 678 2405 sum
692 2368 838 2414 oculus,
855 2382 932 2405 non
945 2382 1029 2405 sum
1040 2369 1087 2405 de
1098 2380 1252 2419 corpore
1264 2383 1274 2403 .·

296 2445 387 2467 ηιιιη
402 2431 485 2467 ideo
498 2444 576 2466 non
590 2438 645 2467 est
657 2431 703 2467 de
716 2443 871 2481 corpore
882 2434 899 2466 Ρ
911 2429 1040 2467 01111113
1056 2429 1189 2481 quippe
1198 2443 1277 2478 quae

295 2490 329 2528 111
361 2491 461 2528 nobis
482 2499 563 2527 sunt
577 2520 587 2539 ,
608 2490 770 2528 divinam
788 2489 984 2542 potentiam
1012 2489 1276 2539 demonstrant,

296 2551 408 2587 multo
428 2551 539 2601 magis
566 2551 703 2599 oculus,
724 2550 785 2601 qui
800 2559 916 2588 totum
932 2564 1059 2602 corpus
1084 2550 1277 2601 gubernat,

294 2611 357 2661 qui
380 2611 440 2647 toti
466 2611 603 2663 corpori
622 2610 928 2663 pulchritudinem
947 2611 1053 2660 indit,
1074 2611 1137 2661 qui
1156 2610 1279 2649 faciem

296 2681 412 2719 ornat,
433 2673 491 2722 qui
513 2674 657 2710 lucerna
678 2680 728 2710 est
749 2673 910 2710 omnium
922 2674 1173 2711 membrorum.
1191 2674 1281 2711 Nam

296 2733 393 2783 quod
424 2734 475 2770 sol
497 2742 548 2770 est
573 2733 672 2782 orbi,
696 2733 736 2771 id
757 2734 881 2771 oculus
912 2742 963 2771 est
982 2733 1133 2786 corpori.
1161 2733 1199 2772 Si
1218 2747 1278 2771 5ο-

296 2795 365 2831 lem
385 2795 603 2846 exstinguas,
616 2795 733 2832 omnia
751 2795 955 2846 perdidisti,
965 2795 1083 2833 omnia
1100 2794 1250 2832 turbasti
1270 2809 1277 2832 :

298 2855 325 2892 51
348 2855 552 2905 exstinguas
583 2855 717 2902 oculos,
734 2855 839 2907 pedes
859 2865 941 2893 sunt
962 2855 1120 2903 inutiles,
1141 2867 1279 2905 manus,

298 2916 382 2953 item
408 2917 482 2968 ipsa
506 2915 634 2952 anima.
668 2916 830 2966 Cognitio
856 2916 950 2953 enim
977 2916 1033 2953 his
1064 2915 1281 2953 labefactatis

299 2977 374 3014 abit
384 2993 391 3013 :
402 2977 458 3014 his
469 2990 620 3026 namque
628 2977 745 3012 Deum
758 2976 935 3015 novimus.
945 2978 1166 3014 Invisibilia
1180 2979 1282 3014 enim

300 3042 431 3091 ipsius,
457 3052 482 3075 a
513 3046 691 3075 creatura
721 3038 868 3083 mandi,
896 3052 966 3088 per
991 3051 1037 3075 ea
1058 3051 1142 3090 quoe
1162 3040 1283 3091 saeta

299 3109 401 3147 sunt,
429 3099 641 3145 intellecta,
671 3100 970 3149 conspiciuntur,
993 3099 1073 3136 Non
1102 3113 1184 3151 ergo
1204 3113 1280 3137 cor-

300 3162 377 3214 pori
404 3161 518 3199 solum
535 3161 679 3198 lucerna
706 3168 757 3196 est
785 3159 908 3196 oculus
924 3189 934 3209 ,
953 3160 1016 3197 sed.
1044 3160 1170 3198 animae
1198 3161 1280 3213 plus

299 3237 408 3272 quam
427 3220 579 3273 corpori.
603 3221 826 3271 Quapropter
847 3233 909 3257 ceu
939 3219 973 3257 in
1000 3220 1096 3272 regio
1123 3220 1279 3272 quodam

347 3363 360 3377 '⁴
387 3364 485 3406 ἱπαρὰ
499 3365 586 3395 τοῦτο
598 3358 700 3393 Savil.
720 3366 752 3391 et
772 3357 880 3393 Codd.
901 3356 1036 3401 nostri.]

1313 211 1515 241 anonim).

1553 209 1910 241 CONSTANTINOP-

1325 292 1363 329 τὸ
1378 291 1618 344 παράπτωμα.
1634 291 1759 330 Καίτοι
1774 294 1812 330 οὐ
1827 291 1883 330 διὰ
1902 294 2000 330 τοῦτο
2016 294 2258 344 παρεισῆλθεν,
2271 296 2344 333 ἀλλ’

1327 352 1383 391 ἵνα
1400 355 1536 405 κωλυθῇ
1552 357 1574 400 ἡ
1595 352 1763 406 ἁμαρτία.

1382 475 1490 527 Ὁρᾷς
1515 478 1694 526 πανταχοῦ
1719 474 1758 512 τὸ
1786 474 1963 527 ἐπίῤῥημα
1995 476 2057 522 τῆς
2091 475 2265 520 ἕκέάσεως
2295 476 2350 524 ὄν,

1332 536 1498 587 Καθάπερ
1515 535 1582 588 γάρ
1598 552 1650 579 τις
1668 534 1845 586 οἰκοδόμος
1862 536 2017 588 ἄριστος,
2033 539 2094 583 τ’ῆς
2111 536 2220 580 οἰκίας
2235 537 2274 575 τὸ
2290 536 2351 587 μὲν

1333 596 1529 648 εἰργάσατο,
1551 596 1590 633 τὸ
1623 595 1657 634 δὲ
1688 598 1818 647 ἀφῆκεν
1841 594 2034 644 ἀτέλεστον,
2057 596 2145 634 ὥστε
2172 602 2242 640 τοῖς
2265 600 2350 634 ἀπι-

1334 661 1451 695 στοῦσι
1470 657 1526 695 διὰ
1546 661 1602 695 τοῦ
1630 656 1791 708 λειψάνου
1811 657 1870 694 καὶ
1895 657 1975 709 περὶ
1993 662 2052 695 τοῦ
2071 657 2199 701 παντὸς
2221 658 2354 695 ἀπολο-

1334 717 1526 767 γήσασθαι·
1548 715 1637 755 οὕτω
1657 717 1715 754 καὶ
1735 721 1752 755 ὁ
1767 717 1872 764 Θεὸς,
1891 717 2047 770 καθάπερ
2068 717 2178 755 οἰκίαν
2202 717 2280 755 τινὰ
2300 734 2357 755 σε·

1336 777 1575 831 σαθρωμένην,
1592 779 1631 816 τὸ
1645 782 1748 829 σῶμα
1769 779 1807 816 τὸ
1826 778 1994 831 ἡμέτερον
2011 781 2184 831 συγκολλᾷ
2200 778 2259 816 καὶ
2275 780 2356 816 ἀνα-

1336 842 1482 892 πληροῖ,
1500 840 1561 886 τήν
1580 856 1616 878 τε
1635 846 1736 892 χεῖρα
1756 840 1817 887 τὴν
1835 840 1939 894 ξηρὰν
1960 840 2170 892 θεραπεύων,
2186 839 2230 877 τὰ
2245 856 2357 892 παρα-

1336 900 1507 951 λελυμένα
1528 900 1616 951 μέλη
1648 900 1812 953 σφίγγων,
1841 901 1919 944 τοὺς
1939 900 2073 953 χωλοὺς
2106 900 2357 953 διορθούμενος,

1337 959 1414 1004 τοὺς
1433 961 1577 1014 λεπροὺς
1597 962 1787 1013 καθαίρων,
1810 962 1886 1006 τοὺς
1911 966 2091 1006 νοσοῦντας
2111 962 2264 1014 ἐγείρων,
2283 962 2360 1006 τοὺς

1338 1021 1383 1059 τὰ
1404 1021 1510 1068 σκέλη
1531 1022 1802 1073 πεπηρωμένους
1824 1023 1960 1075 ἀρτίους
1979 1026 2100 1071 ποιῶν,
2131 1022 2207 1066 τοὺς
2222 1020 2360 1075 νεκροὺς

1341 1081 1409 1118 ἀπὸ
1430 1080 1575 1119 θανάτου
1580 1085 1721 1132 καλων,
1738 1083 1935 1133 μεμυκότας
1952 1083 2183 1136 ὀφθαλμούς
2165 1082 2359 1133 οιανοίγων,

1341 1144 1401 1180 οὐκ
1429 1143 1528 1185 ὄντας
1547 1143 1746 1192 1επιτιθείς·
1774 1143 1863 1196 ἅπερ
1887 1144 2026 1182 ἅπαντα
2053 1148 2114 1190 τῆς
2143 1144 2234 1182 κατὰ
2262 1144 2361 1195 φύσιν

1343 1201 1551 1245 ἀσθενείας”
1533 1218 1614 1240 οντα
1629 1202 1847 1255 πηρώματα,
1863 1209 1938 1242 εἶτα
1957 1205 2191 1258 διορθούμενος
2203 1234 2212 1252 ,
2232 1203 2362 1242 ἐδείκνυ

1344 1265 1447 1302 αὐτου
1470 1263 1532 1311 τὴν
1553 1264 1708 1316 δύναμιν.
1726 1265 1846 1304 Εἰπων
1863 1265 1917 1314 δὲ,
1935 1267 2014 1304 Ινα
2032 1269 2212 1318 φανερωθῇ
2236 1269 2258 1312 ἡ
2284 1264 2364 1309 δόξα

1343 1328 1402 1362 τοῦ
1422 1326 1534 1373 Θεοῦ,
1561 1325 1640 1378 περὶ
1668 1328 1789 1365 ἑαυτοῦ
1810 1330 1992 1379 φησιν,·οὐ
2019 1327 2098 1380 περὶ
2126 1331 2186 1366 τοῦ
2212 1326 2362 1378 Πατρός.

1345 1384 1501 1424 Ἕκείνου
1519 1385 1587 1439 γὰρ
1605 1389 1626 1432 ἡ
1649 1387 1728 1431 δόξα
1751 1381 1791 1433 ἦν
1814 1389 1956 1440 φανερά.
1980 1388 2125 1435 Ἐπειδὴ
2145 1387 2213 1441 γὰρ
2229 1387 2365 1435 ἤκουον,

1345 1446 1399 1484 ὅτι
1417 1447 1473 1485 τὸν
1491 1447 1669 1500 ἄνθρωπον
1689 1451 1706 1486 ὃ
1725 1449 1813 1492 Θεὸς
1829 1449 1970 1496 ἐποίησε
1987 1449 2104 1487 λαὸὼν
2120 1454 2201 1501 χοῦν
2221 1448 2290 1486 ἀπὸ
2305 1451 2366 1494 τῆς

1346 1524 1429 1559 γης,
1457 1508 1513 1546 διὰ
1540 1525 1639 1547 τουτο
1658 1509 1747 1548 οὕτω
1779 1526 1838 1548 και
1859 1511 1957 1554 αὐτὸς
1984 1510 2125 1548 ἔπλασε.
2143 1510 2195 1547 Τὸ
2218 1508 2278 1560 μὲν
2299 1508 2367 1561 γὰρ

1349 1570 1468 1615 εἰπεῖν,
1490 1585 1542 1606 οτι
1558 1568 1626 1620 ἐγώ
1659 1573 1731 1620 εἰμι
1750 1573 1767 1608 ὁ
1784 1570 1901 1608 λαὸων
1931 1586 2014 1622 χουν
2037 1571 2105 1608 ἀπὸ
2121 1586 2182 1615 της
2201 1572 2284 1621 γῆς,
2307 1568 2367 1605 καὶ

1347 1629 1484 1673 πλασας
1512 1631 1568 1668 τὸν
1603 1630 1794 1683 ἄνθρωπον,
1824 1632 2014 1685 πρόσαντες
2042 1630 2152 1668 ἐδόκει
2185 1634 2272 1668 εἶναι
2297 1635 2367 1672 τοῖς

1349 1690 1534 1729 ἀκούουσι·
1552 1690 1606 1729 διὰ
1628 1691 1663 1730 δὲ
1681 1697 1741 1731 τοῦ
1759 1693 1856 1744 ἔργου
1875 1708 1973 1730 τουτο
1991 1691 2222 1742 δεικνύμενον,
2242 1694 2303 1728 οὐκ
2318 1689 2369 1727 ἔτι

1348 1751 1467 1791 λοιπὸν
1483 1752 1705 1805 προσίστατο.
1726 1754 1789 1791 Διὸ
1806 1753 1846 1800 δὴ
1861 1752 1920 1791 καὶ
1938 1752 2037 1796 αὐτὸς
2057 1757 2139 1804 χοῦν
2163 1749 2294 1799 λαὲὼν,
2310 1749 2370 1788 καὶ

1350 1811 1463 1865 φύρων
1491 1815 1540 1866 τῷ
1562 1813 1758 1865 πτύσματι,
1788 1813 1877 1853 οὕτω
1903 1813 1965 1861 τὴν
1988 1811 2232 1865 κεκρυμμένην
2266 1813 2369 1849 αὐτοῦ

1351 1874 1448 1919 δόξαν
1469 1875 1692 1929 ἐφανέρωσεν.
1711 1878 1764 1914 Οὐ
1780 1875 1889 1929 μικρὰ
1903 1875 1970 1929 γὰρ
1991 1874 2089 1922 δόξα,
2104 1874 2143 1912 τὸ
2163 1873 2369 1926 δημιουργὸν

1352 1937 1451 1976 αὐτὸν
1472 1941 1678 1988 νομισθῆναι
1702 1940 1764 1984 τῆς
1782 1937 1937 1980 κτίσεως.
1957 1936 2041 1974 Ἀπὸ
2061 1936 2129 1989 γὰρ
2154 1935 2294 1982 τούτου,
2311 1934 2371 1973 καὶ

1350 1997 1394 2035 τὰ
1420 1997 1510 2035 ἄλλα
1540 1999 1800 2052 συνεισήρχετο,
1823 1998 1891 2036 ἀπὸ
1916 2001 1975 2035 τοῦ
2006 1997 2128 2050 μέρους
2155 1996 2215 2034 καὶ
2236 1996 2276 2034 τὸ
2292 1994 2369 2034 ὅλον

1352 2060 1543 2096 ἐπιστοῢτο.
1566 2058 1610 2096 Ἡ
1637 2059 1704 2110 γὰρ
1732 2058 1812 2112 περὶ
1839 2063 1898 2097 τοῦ
1930 2059 2082 2110 μείζονος
2106 2057 2221 2101 πίστις
2241 2057 2301 2095 καὶ
2332 2056 2371 2094 τὸ

1352 2117 1493 2157 ἔλαττον
1516 2119 1685 2159 ἐὸεὸαίου.
1701 2122 1775 2168 Τῆς
1794 2120 1939 2163 κτίσεως
1957 2119 2025 2172 γὰρ
2045 2118 2183 2165 ἁπάσης
2201 2117 2370 2168 τιμιώτε-

1354 2194 1409 2232 ρον
1436 2179 1635 2232 ἄνθρωπος,
1664 2181 1724 2219 καὶ
1750 2183 1818 2218 τῶν
1848 2183 1881 2218 ἐν
1910 2183 1994 2231 ἡμῖν
2028 2181 2140 2231 μελῶν
2167 2177 2372 2230 τιμιώτερος

1352 2240 1537 2292 ὀφθαλμός.
1566 2240 1634 2278 Διὰ
1662 2245 1761 2279 τοῦτο
1793 2243 1858 2292 οὐχ
1891 2241 2029 2287 ἁπλῶς,
2063 2240 2139 2278 ἀλλ’
2171 2238 2290 2291 ἐκείνῳ
2321 2241 2371 2290 τῷ

1351 2300 1469 2354 τρόπῳ
1485 2301 1528 2338 τὰ
1551 2302 1695 2352 ὄμματα
1715 2301 1998 2352 ἐδημιούργησεν.
2022 2302 2066 2338 Εἰ
2084 2299 2152 2353 γὰρ
2169 2300 2228 2337 καὶ
2249 2300 2370 2352 μικρὸν

1350 2364 1400 2413 τῷ
1430 2361 1565 2413 μεγέθει
1583 2362 1622 2400 τὸ
1651 2362 1770 2410 μέλος,
1800 2364 1875 2399 ἀλλ’
1907 2361 1985 2400 ὅλου
2008 2366 2067 2399 τοῦ
2098 2359 2258 2411 σώματός
2280 2363 2371 2398 ἐστιν

1353 2423 1630 2476 ἀναγκαιότερον.
1648 2422 1718 2462 Καὶ
1731 2427 1830 2460 τοῦτο
1844 2424 1983 2465 Παῦλος
1998 2424 2110 2468 δηλῶν
2124 2421 2238 2473 ἔλεγεν
2255 2437 2263 2444 ·
2285 2420 2293 2433 ³

1354 2484 1433 2535 εἴπῃ
1456 2487 1477 2529 ἡ
1499 2483 1608 2531 ἀκοὴ,
1629 2483 1681 2522 ὅτι
1700 2486 1761 2522 οὐκ
1776 2482 1848 2534 εἰμὶ
1864 2483 2057 2534 ὀφθαλμὸς,
2079 2484 2140 2520 οὐκ
2164 2482 2235 2533 εἰμὶ
2260 2485 2298 2520 ἐκ
2313 2486 2373 2519 τοῦ

2298 2420 2371 2458 Eam

1354 2545 1515 2596 σώματος
1526 2574 1535 2591 ,
1558 2547 1595 2583 οὐ
1611 2546 1628 2566 *
1640 2545 1816 2595 &39wa
1847 2545 1909 2582 οὐκ
1928 2544 2019 2581 ἔστιν
2046 2546 2084 2581 ἐκ
2101 2547 2161 2581 τοῦ
2185 2541 2345 2593 σώματος
2362 2558 2371 2589 ;

1354 2606 1479 2644 Πάντα
1504 2604 1565 2658 μὲν
1586 2605 1653 2658 γὰρ
1668 2605 1712 2644 τὰ
1729 2609 1762 2644 ἐν
1778 2610 1861 2657 ἡμῖν
1876 2608 1939 2651 τ’ῆς
1956 2609 2015 2642 τοῦ
2033 2606 2123 2643 Θεοῦ
2138 2603 2258 2655 σοφίας
2277 2603 2368 2642 ἐστὶν

1355 2670 1525 2715 ἀπόδειξις
1538 2686 1546 2694 ·
1567 2672 1686 2724 πολλῷ
1704 2669 1738 2708 δὲ
1756 2672 1886 2721 μᾶλλον
1904 2669 2090 2722 ὀφθαλμός.
2106 2670 2218 2707 Τοῦτο
2236 2672 2314 2720 γοῦν
2335 2668 2374 2706 τὸ

1354 2738 1422 2770 πᾶν
1456 2731 1663 2785 διακυέερνᾷ
1694 2733 1820 2781 σῶμα,
1841 2735 1941 2768 τοῦτο
1968 2733 2018 2782 τῷ
2038 2729 2142 2768 παντὶ
2168 2729 2306 2779 σώματι
2334 2729 2373 2766 τὸ

1355 2792 1481 2835 κάλλος
1500 2793 1698 2844 ἐργάζεται,
1720 2795 1819 2829 τοῦτο
1849 2795 1972 2840 κοσμεῖ
1992 2789 2054 2836 τὴν
2076 2790 2167 2840 ὄψιν,
2185 2793 2285 2827 τοῦτο
2311 2788 2372 2826 λύ-

1355 2869 1436 2905 χνος
1451 2853 1542 2891 ἐστὶν
1560 2851 1721 2890 ἁπάντων
1738 2854 1805 2888 τῶν
1823 2850 2077 2902 μελῶν.Ὅπερ
2092 2850 2159 2902 γὰρ
2173 2849 2270 2895 ἥλιος
2284 2849 2373 2887 κατὰ

1355 2914 1417 2961 τὴν
1446 2913 1663 2963 οἰκουμένην,
1689 2915 1789 2949 τοῦτο
1816 2911 1989 2962 ὀφθαλμὸς
2011 2913 2044 2948 ἐν
2073 2913 2122 2963 τῷ
2142 2909 2292 2959 σώματι.
2314 2907 2374 2947 Ἂν

1356 2974 1483 3026 σὸέσῃς
1498 2974 1554 3013 τὸν
1574 2974 1684 3021 ἥλιον,
1705 2972 1820 3010 πάντα
1841 2970 2024 3014 ἀπώλεσας
2043 2971 2102 3009 καὶ
2121 2969 2350 3023 συνετάραξας
2367 2986 2374 2992 ·

1357 3035 1397 3074 ἂν
1418 3035 1545 3087 σὸέσῃς
1567 3050 1645 3078 τους
1663 3033 1878 3085 ὀφθαλμούς,
1900 3048 1960 3070 και
1983 3031 2083 3075 πόδες
2105 3032 2297 3083 ἄχρηστοι,
2317 3030 2376 3068 καὶ

1355 3105 1467 3151 χεῖρες
1485 3113 1544 3135 και
1559 3094 1666 3148 ψυχή.
1688 3094 1836 3146 Οίχεται
1855 3093 1922 3146 γὰρ
1937 3096 1959 3139 ἡ
1980 3109 2126 3145 γνωσις,
2146 3091 2376 3143 πηρωθέντων

1353 3158 1506 3197 τούτων·
1525 3157 1581 3195 διὰ
1594 3156 1662 3208 γὰρ
1681 3154 1810 3193 τούτων
1829 3155 1887 3192 τὸν
1902 3154 2026 3191 Θεὸν’
2011 3169 2027 3190 ε
2030 3152 2222 3204 γνώκαμεν.
2239 3151 2297 3189 1ὰ
2311 3150 2378 3203 γὰρ

1354 3219 1485 3272 ἀόρατα
1501 3220 1614 3265 αὐτοῦ,
1630 3215 1698 3255 ἀπὸ
1711 3213 1852 3258 κτίσεως
1865 3213 2008 3263 κόσμου,
2019 3219 2088 3257 τοῖς
2102 3227 2274 3262 ποιημασι
2287 3210 2377 3250 νοού-
