2522 3683
135 733 208 760 lsai·
225 729 275 770 lio.

134 774 183 804 28.

141 890 220 918 7oan.
243 898 267 917 1.
292 896 316 917 1.

330 201 421 266 746

329 299 390 349 qui
414 298 619 335 universum
639 295 762 334 orbem
787 303 962 333 terrarum
988 293 1075 332 alit:
1092 292 1216 331 esuriit
1236 292 1308 341 ille,

329 352 391 402 qui
410 365 456 389 ex
475 349 631 400 quinque
650 348 802 400 panibus
818 347 976 398 quinque
993 345 1179 384 hominum
1197 345 1311 383 millia

330 403 376 441 ad
394 403 589 441 sacietatem
613 401 786 440 enutrivit
803 416 810 437 :
829 400 951 438 esuriit
974 399 1048 441 ille,
1071 399 1134 449 qui
1152 398 1313 437 viventes

330 456 450 495 oculos
494 469 513 493 e
535 455 611 492 luto
638 454 831 491 fabricatus
857 462 908 489 051
924 467 931 488 :
947 451 1071 490 esuriit
1093 451 1165 500 ille,
1185 451 1244 501 qui
1278 451 1313 487 in

330 508 500 547 fluctibus
521 507 629 545 maris
650 505 901 553 inambulavit,
924 518 986 542 nec
1006 503 1040 541 in
1060 517 1188 554 aquam
1208 502 1315 555 pedes

333 561 505 599 immersit
521 576 528 597 ε
544 559 665 597 esuriit
681 559 753 607 ille,
767 557 828 608 qui
845 557 919 593 solo
934 556 1172 608 mentisjussu
1187 569 1314 606 aquam

333 614 369 651 in
390 614 517 651 vinum
533 611 705 650 convertit
728 626 735 646 ι
759 609 882 647 esuriit
903 609 977 658 illc,
995 608 1087 659 quie
1108 608 1316 660 corporibus

1268 212 1445 242 SPURIA.

1381 308 1481 330 νασεν
1508 294 1525 330 6
1551 290 1685 344 τρέφων
1707 295 1844 329 ὗπᾶσαν
1864 291 1927 337 τὴν
1948 288 2151 341 οἰκουμένην
2164 305 2171 312 ·
2193 287 2369 328 ἐπείνασεν
2390 291 2408 327 6

1382 347 1421 383 ἐκ
1448 344 1551 383 πέντε
1570 344 1683 395 ἄρτων
1700 342 1866 387 πεντάκις
1887 343 2018 396 χιλίους
2037 345 2083 385 εἷς
2101 342 2202 395 κόρον
2221 340 2407 393 ἐκθρέψας·

1384 397 1563 436 ἐπείνασεν
1583 400 1600 434 6
1619 398 1659 434 ἐκ
1674 396 1787 442 πηλοῦ
1801 397 1930 440 ζῶντας
1945 396 2140 448 ὀφθαλμοὺς
2163 395 2407 446 ἐργασάμενος·

1386 449 1563 488 ἐπείνασεν
1578 452 1595 487 6
1611 449 1668 487 ἐπὶ
1692 451 1760 486 τῶν
1785 449 1951 498 κυμάτων
1979 451 2041 494 τῆς
2061 448 2237 493 θαλάσσης
2255 461 2410 499 περιπα-

1385 503 1514 549 τήσας,
1543 501 1603 541 καὶ
1628 500 1704 544 τοὺς
1726 499 1833 543 πόδας
1852 503 1899 544 εἷς
1925 500 1964 538 τὸ
1980 500 2073 550 ὕδωρ
2091 500 2137 552 μὴ
2166 501 2295 551 βάψας·
2316 498 2411 536 ἐπεί-

1385 571 1486 594 νασεν
1511 557 1528 592 ὃ
1549 553 1661 606 ἐννοίᾳ
1685 552 1771 604 μόνῃ
1792 553 1832 591 τὸ
1850 553 1942 604 ὕδωρ
1971 555 2017 594 εἷς
2038 551 2124 594 οἶνον
2142 552 2158 573 ¹³
2171 551 2388 603 μετατρέψας
2401 566 2408 573 ·

1386 607 1564 646 ἐπείνασεν
1581 610 1598 645 6
1609 606 1721 659 ψυχὰς
1738 608 1777 644 ἐκ
1795 609 1863 644 τῶν
1882 606 2119 655 σκηνωμάτων
2139 605 2315 646 ἐκσπάσας
2327 633 2336 651 ,
2352 602 2411 641 καὶ

332 667 467 704 animas
485 664 655 713 extraxit,
675 671 709 700 et
732 676 855 700 rursus
872 676 929 699 cas
948 662 983 699 in
1000 674 1080 698 suas
1097 660 1188 698 aedcs
1206 661 1373 699 vcrb0107
1386 661 1491 699 πάλιν
1528 659 1633 703 αὐτὰς
1669 658 1855 701 εἷσοικίσας
1903 657 2010 710 λόγῳ.
2058 659 2128 699 Καὶ
2157 661 2231 700 πῶς
2263 657 2358 707 λέγει
2393 659 2411 694 6

334 718 548 756 introduxit.
583 716 630 753 Et
664 714 867 766 quomodo,
907 714 1022 765 inquit
1048 713 1174 761 lsaias,
1209 715 1315 751 Deus
1338 708 1363 736 Α
1387 711 1554 760 Ἡσαΐας,
1581 712 1624 751 Ὁ
1653 711 1741 755 Θεὸς
1760 714 1777 749 6
1797 710 1931 754 αἰώνιος
1962 713 2000 748 οὐ
2035 711 2210 755 πεινάσει,
2245 709 2320 746 οὐδὲ
2346 723 2410 746 κο-

335 779 498 809 ceternus
528 783 605 807 non
627 771 789 815 esuriet,
819 781 941 819 neque
977 767 1194 804 laborabit?
1211 766 1317 803 Chri-

334 833 428 861 stum
447 831 565 861 autem
585 822 704 859 Deum
723 834 796 858 esse
814 819 930 858 cuivis
949 819 1073 870 utique
1091 818 1315 856 manifestum

333 884 397 925 est,
421 875 483 926 qui
516 874 710 926 Scripturae
739 873 851 911 credit
868 871 1001 910 dicenti
1019 887 1026 908 :
1046 874 1096 908 In
1126 873 1317 922 principio

331 937 415 967 erat
446 929 623 974 Verbum,
638 935 674 964 et
703 927 868 964 Verbum
891 933 973 962 erat
1002 925 1107 976 apud
1124 925 1264 969 Deum,
1283 931 1319 960 et

331 983 439 1019 Deus
450 989 534 1019 erat
550 982 724 1017 Verbum.
738 977 926 1026 Quomodo
938 976 1046 1029 igitur
1058 975 1316 1014 05111-111Βο115Ξ)

331 1034 470 1072 Esuriit
492 1033 605 1070 forma
631 1031 745 1079 servi3
769 1030 924 1080 quinque
950 1037 1069 1066 autem
1087 1027 1215 1073 millia,
1239 1041 1317 1078 quae

331 1087 368 1124 in
387 1086 464 1139 ipso
488 1094 562 1123 erat
581 1083 727 1122 Domini
743 1084 907 1121 voluntas
927 1081 1111 1119 enutrivit.
1135 1079 1244 1119 Venit
1270 1079 1318 1117 ad

331 1140 441 1176 ficum
462 1140 569 1176 homo
599 1136 661 1186 qui
687 1135 916 1184 cernebatur,
938 1142 975 1171 at
1001 1141 1076 1171 erat
1102 1131 1234 1182 ubique
1264 1146 1316 1182 ea,

332 1205 414 1242 quae
437 1191 472 1229 111
492 1191 569 1242 ipso
593 1188 764 1227 divinitas
783 1186 1062 1237 intelligebatur.
1079 1184 1185 1223 Vidit
1198 1184 1316 1221 infru-

332 1253 490 1281 ctuosam
509 1244 622 1280 ficum
653 1250 693 1278 ut
722 1240 841 1289 homo,
857 1239 967 1278 verbo
992 1238 1092 1275 illam
1122 1236 1263 1274 arefecit
1278 1245 1318 1274 ut

331 1298 442 1334 Deus.
462 1295 565 1333 Dixit
587 1310 594 1330 :
619 1295 845 1345 Numquam
871 1306 918 1329 ex
938 1300 974 1329 te
989 1292 1149 1343 fruetus
1174 1303 1316 1327 nasca-

333 1358 396 1386 tur
414 1353 455 1386 in
478 1350 750 1400 sempiternum
752 1361 769 1394 ,·
783 1354 818 1383 01
843 1345 977 1382 factum
993 1351 1251 1393 consequutum
1267 1351 1318 1380 est

330 1401 480 1451 dictum,
502 1400 691 1450 statimque
710 1399 798 1436 fieus
817 1397 969 1435 arefacta
987 1405 1052 1434 est.
1076 1395 1224 1434 Dictum
1244 1404 1318 1432 erat

330 1454 542 1501 humanum,
557 1454 690 1490 sactum
705 1460 823 1489 autem
838 1449 1017 1489 divinum.
1037 1447 1107 1487 Sed
1122 1448 1234 1485 multa
1254 1461 1317 1484 no-

330 1506 385 1545 bis
404 1506 653 1558 disquisitione
672 1518 761 1557 opus
786 1513 852 1553 cst,
873 1501 1109 1549 dilectissimi,
1129 1500 1177 1538 ad
1204 1499 1316 1552 spiri-

328 1560 463 1598 tualem
485 1560 575 1597 ficus
598 1556 869 1607 intelligentiam
890 1554 1096 1601 eruendam,
1115 1567 1193 1603 quae
1215 1551 1316 1604 apud

1386 766 1527 813 πιάσει,
1548 765 1696 818 Χριστὸς
1727 763 1762 802 δὲ
1792 763 1845 802 ὅτι
1874 763 1964 806 Θεὸς
1985 763 2110 803 οπαντί
2141 778 2207 800 που
2239 763 2340 806 δῆλον
2360 763 2411 812 τῷ

1385 818 1581 857 πιστεύοντι
1596 821 1639 869 τῇ
1658 820 1780 869 Γραφῇ
1801 815 1948 867 λεγούσῃ
1962 830 1969 838 ·
1989 815 2050 855 Ἔν
2073 819 2164 869 ἀρχῇ
2186 809 2227 860 ἦν
2245 816 2262 851 6
2282 812 2410 863 Λόγος,

1387 870 1446 908 καὶ
1467 874 1484 908 6
1502 871 1611 925 ΔΆὲόγος
1634 866 1677 917 ἦν
1699 871 1783 922 πρὸς
1799 870 1856 907 τὸν
1876 869 1981 913 Θεὸν,
1999 870 2059 907 καὶ
2075 870 2164 910 Θεὸς
2179 862 2219 915 ἦν
2240 869 2263 903 -ὃ
2287 865 2409 917 Λόγος.

1387 924 1470 965 Πῶς
1484 927 1541 962 οὐν
1558 923 1736 961 ἐπείνασεν
1757 925 1774 960 6
1793 920 1900 967 (·)εο’ς;
1919 920 1935 941 ‘¹
1949 921 2152 961 Ἐπείνασεν
2171 924 2192 967 ἡ
2209 922 2268 956 τοῦ
2291 917 2411 956 δούλου

1389 976 1522 1027 μορφή·
1555 975 1710 1027 διέθρεψε
1735 974 1770 1028 ἑὲ
1797 974 2098 1026 πεντακισχιλίους
2121 977 2142 1020 ἡ
2173 975 2207 1010 ἐν
2227 972 2321 1024 αὐτῷ
2351 974 2411 1008 τοῦ

1387 1028 1566 1066 Δεσπότου
1593 1027 1711 1078 βουλή.
1743 1029 1869 1064 ’11λοεν
1895 1025 1951 1064 ἐπὶ
1989 1027 2051 1074 τὴν
2079 1030 2185 1073 συκῆν
2221 1027 2239 1062 6
2275 1023 2412 1075 ὁρώμε-

1387 1095 1443 1122 νος
1463 1080 1656 1133 ὀίνΟροὶπος·
1681 1075 1723 1127 ἦν
1757 1078 1792 1117 δὲ
1819 1084 1999 1129 πανταχοῦ
2022 1084 2043 1126 ἢ
2061 1082 2094 1117 ἐν
2120 1081 2212 1130 αὐτῷ
2241 1077 2411 1126 νοουμένη

1388 1131 1519 1178 Οεότης.
1542 1133 1624 1169 lito}
1643 1131 1706 1178 τὴν
1728 1134 1835 1177 συκῆν
1861 1130 2016 1182 ἄκαρπον
2043 1134 2089 1174 ὡς
2114 1132 2312 1183 ἄνθρωπος,
2337 1128 2414 1175 ἐξή-

1390 1199 1468 1235 ρανε
1490 1183 1618 1231 ταύτην
1645 1185 1738 1236 λόγῳ
1771 1186 1818 1226 ὡς
1849 1182 1949 1224 Θεός.
1978 1178 2085 1228 Eine,
2117 1183 2255 1229 Μηκέτι
2284 1184 2322 1219 ἐκ
2353 1186 2413 1220 σοῦ

1387 1237 1520 1288 καρπὸς
1545 1237 1688 1288 γένηται
1705 1239 1752 1279 εἰς
1775 1236 1833 1274 τὸν
1850 1237 1975 1273 αἰῶνα·
1997 1236 2058 1274 καὶ
2082 1236 2122 1274 τὸ
2146 1235 2243 1288 ἔργον
2267 1232 2413 1279 ἠκολού-

1388 1292 1471 1336 θησε
1500 1292 1550 1342 τῷ
1583 1290 1735 1342 ῥήματι·
1761 1287 1821 1328 καὶ
1841 1289 1963 1333 ΒεύΟὺς
1989 1292 2011 1335 ἡ
2043 1291 2132 1334 συκῆ
2158 1287 2338 1339 ἐξηράνθη.
2360 1286 2413 1324 Τὸ

1389 1344 1484 1394 ῥῆμα
1501 1342 1733 1394 ἀνθρώπινον,
1756 1342 1795 1380 τὸ
1817 1341 1851 1381 δὲ
1872 1341 1970 1395 ἔργον
1987 1342 2110 1380 Θεϊκόν.
2128 1340 2234 1380 Ἀλλὰ
2254 1338 2411 1385 πολυζή-

1386 1411 1489 1442 τητος
1505 1399 1604 1445 ἡμῖν,
1626 1394 1821 1447 ἀγαπητοὶ,
1844 1398 1866 1441 ἠ
1889 1393 2015 1448 θεωρία
2037 1397 2058 1440 ἡ
2086 1394 2177 1432 κατὰ
2197 1392 2259 1439 τὴν
2286 1394 2412 1439 συκῆν,

1386 1447 1484 1499 παρὰ
1502 1448 1642 1490 πολλοῖς
1667 1447 1727 1499 μὲν
1769 1450 2038 1500 ἑρμηνευΟεῖσα,
2060 1448 2106 1489 ὡς
2127 1445 2205 1497 ἐμοί
2229 1460 2267 1497 γε
2300 1445 2412 1490 δοκεῖ,

1386 1501 1447 1538 οὐκ
1462 1499 1732 1552 ἠκριὸωμένως·
1753 1500 1844 1547 πλὴν
1863 1499 1925 1543 τὰς
1949 1498 2039 1538 ῖτῶν
2060 1498 2306 1550 προλαὸόντων
2331 1499 2413 1547 ὑμῖν

1385 1552 1473 1596 λέξω
1486 1552 1618 1598 λύσεις,
1634 1552 1693 1590 καὶ
1715 1551 1779 1596 τὰς
1802 1557 1886 1603 ἡμῖν
1909 1552 2153 1602 πεπονημένας
2176 1549 2414 1602 προσκομίσο-

330 1612 460 1651 multos
486 1611 630 1662 quidem
653 1610 817 1661 exposita
844 1616 907 1657 est,
927 1616 967 1644 ut
990 1606 1080 1644 mihi
1100 1605 1245 1656 quidem
1264 1604 1317 1644 vi-
1338 1611 1361 1642 B
1388 1621 1449 1655 μεν
1474 1605 1660 1657 ἀριστείας.
1687 1605 1894 1651 Δύσληπτος
1915 1605 1982 1657 γὰρ
2007 1609 2024 1643 ὃ
2056 1606 2089 1642 ἐν
2118 1608 2161 1654 τῇ
2189 1601 2323 1655 ἱστορίᾳ
2353 1606 2413 1640 τοῦ

329 1664 445 1714 detur,
469 1665 588 1702 minus
608 1671 771 1700 accurate
797 1677 804 1697 :
827 1668 1073 1700 verumtamen
1101 1672 1223 1696 eorum
1255 1658 1316 1708 qui

329 1726 581 1769 praecesserunt
614 1713 876 1752 lucubrationes
910 1711 1012 1751 vobis
1057 1710 1200 1759 dicam,
1236 1719 1315 1748 tum

328 1784 406 1820 qum
432 1785 452 1808 a
484 1769 585 1807 nobis
615 1777 756 1805 strenue
781 1766 958 1804 elaborata
984 1773 1065 1801 51101
1083 1763 1313 1815 proferemus.

328 1822 393 1860 Est
421 1823 516 1861 enim
545 1829 651 1873 captu
673 1819 835 1858 difficilis
862 1831 939 1868 quae
965 1818 1001 1855 in
1024 1816 1173 1854 historia
1205 1816 1314 1852 literae

327 1884 379 1913 est
397 1875 463 1913 sita
480 1873 661 1921 sententia,
681 1882 785 1923 atque
810 1871 846 1909 in
875 1884 1012 1908 recessu
1036 1869 1202 1906 abditum
1231 1882 1313 1905 con—

327 1927 415 1965 tinet
439 1927 600 1979 mysterii
627 1926 813 1976 fulgorem.
830 1922 929 1970 Quid
961 1922 1055 1960 enim
1076 1921 1313 1959 necessarium

328 1990 402 2019 erat
429 1981 535 2019 verbo
561 1980 671 2018 ficum
695 1976 852 2026 arefieri,
876 1990 917 2013 ac
950 1988 1020 2013 non
1051 1974 1162 2013 verbo
1193 1973 1312 2026 potius

371 2124 384 2139 τ·
409 2111 535 2157 [Savil.
554 2111 680 2147 omittit
696 2119 793 2146 πᾶσαν
806 2117 839 2142 et
854 2120 991 2153 sequens
1005 2109 1183 2150 ἐπεῖναι-κω]

373 2168 389 2192 b
414 2167 425 2209 [
442 2164 544 2198 Savil.
563 2168 755 2208 μεταέαλών.
771 2164 815 2195 Et
836 2162 921 2194 infra
935 2169 1108 2207 προαιώνιος
1118 2171 1181 2204 ΡΓΟ
1198 2159 1339 2205 &Minos-J

372 2228 385 2244 θ
410 2219 421 2260 [
439 2216 541 2251 Savil.
559 2222 649 2252 παντὶ
664 2214 840 2262 πρόδη),ον.]

373 2270 389 2294 ‘¹
415 2268 543 2312 [Savil.
562 2268 633 2302 ἀλλ’
651 2273 698 2302 ἐπ.
719 2275 752 2299 01
768 2266 852 2298 insi-a
870 2269 904 2304 ἦν
923 2268 953 2299 δὲ
968 2270 1056 2300 πάλιν
1071 2265 1178 2307 παντ.]

1384 1657 1591 1710 γράμματος
1608 1657 1764 1707 κείμενος
1786 1663 1864 1700 νοῦς
1880 1687 1889 1703 ,
1916 1659 2035 1709 πολλῷ
2061 1659 2112 1709 τῷ
2137 1656 2234 1707 βάθει
2259 1670 2412 1706 κεκρυμ-

1385 1711 1492 1761 μένην
1514 1709 1603 1762 ἔχων
1633 1711 1695 1765 τῂν
1721 1716 1781 1749 τοῦ
1808 1710 1998 1762 μυστηρίου
2027 1708 2251 1755 στιλὸότητα.
2272 1707 2320 1745 Τί
2345 1706 2412 1759 γὰρ

1381 1763 1421 1801 τὸ
1438 1765 1624 1814 ἀναγκαῖον
1644 1767 1685 1809 ἠν
1702 1766 1750 1814 τῷ
1768 1763 1861 1814 λόγῳ
1883 1761 2104 1814 ξηραίνεσθαι
2128 1761 2190 1808 τὴν
2208 1763 2328 1808 συκῆν,
2352 1760 2412 1798 καὶ

1384 1815 1432 1866 μὴ
1452 1815 1545 1867 λόγῳ
1574 1814 1702 1862 ταύτην
1723 1821 1972 1868 καρποφορεῖν,
1999 1813 2043 1852 Ὁ
2067 1813 2135 1866 γὰρ
2152 1813 2281 1866 ῥήματι
2303 1811 2412 1863 ξηρά-

1380 1883 1440 1912 νας
1474 1867 1580 1915 αὐτὴν
1614 1867 1764 1914 ἠδύνατο
1805 1869 1864 1905 καὶ
1904 1868 2035 1919 ῥήματι
2067 1872 2084 1895 g
2096 1865 2267 1918 εὔκαρπον
2303 1863 2410 1911 αὐτὴν

1380 1923 1548 1967 ποιῆσαι;
1571 1920 1621 1976 Τί
1650 1919 1685 1959 δὲ
1722 1920 1781 1958 καὶ
1803 1919 1959 1972 ἥμαρτεν
1978 1923 1999 1966 ἡ
2021 1922 2131 1965 συκῆ,
2163 1919 2254 1957 εἴποι
2279 1934 2331 1961 τις
2355 1917 2409 1964 ἂν,

1380 1973 1483 2011 ὁπότε
1513 1974 1576 2011 οὔκ
1599 1978 1640 2021 ἠν
1675 1975 1780 2020 αὐτῆς
1812 1977 1829 2011 ὁ
1864 1973 2002 2025 καιρὸς,
2036 1972 2182 2024 Μάρκου
2210 1976 2269 2010 τοῦ
2301 1974 2409 2022 εὐαγ-

1394 2118 1455 2150 pro
1481 2107 1723 2154 ἑρμηνευθεῖσα.]

1436 2161 1450 2185 s
1473 2161 1485 2202 [
1498 2159 1598 2192 Savil.
1610 2164 1720 2195 τούτων
1736 2162 1954 2202 ὑπαλ>,άξωμεν
1969 2161 2072 2201 λύσεις,
2085 2175 2112 2192 κ.
2129 2174 2157 2194 τ.
2169 2163 2197 2198 ἡ.
2212 2174 2244 2194 π.
2264 2162 2410 2204 προκομί-

1395 2227 1501 2254 σωμεν.
1515 2216 1602 2245 Δυσλ.
1622 2216 1636 2246 ὁ
1654 2210 1710 2253 ἐν.]

1444 2272 1457 2295 S
1482 2264 1493 2305 [
1510 2262 1611 2296 Savil.
1631 2268 1779 2309 ἔγκαρπον
1793 2278 1823 2296 α.
1843 2262 2023 2303 &weiht-J

373 2328 383 2341 ⁰
407 2321 414 2365 [
435 2320 536 2355 Savil.
556 2324 659 2358 εὐθέως
674 2324 691 2359 ἡ
708 2336 735 2352 e·
758 2323 939 2364 ἐξηραίνετο.
957 2317 1000 2348 Et
1021 2315 1106 2348 infra
1123 2318 1346 2361 ἑρμηνευομένη

1006 2464 1274 2506 SEVERIANI
1301 2465 1722 2504 INTERPRETATIO.

331 2606 430 2654 rivit,
449 2604 510 2655 qui
531 2602 734 2641 universum
756 2599 851 2638 cibat
869 2598 1059 2649 mundum,
1081 2607 1115 2636 et
1131 2597 1288 2648 quinque
1306 2597 1420 2636 millia
1442 2598 1630 2636 hominum
1650 2598 1806 2651 quinque
1823 2597 1976 2650 panibus
1993 2611 2104 2649 usque
2122 2596 2167 2636 ad
2186 2597 2408 2637 saturitatem

331 2658 492 2696 nutrivit.
509 2654 659 2699 Esuriit,
687 2653 748 2704 qui
774 2653 818 2691 de
851 2652 926 2690 luto
942 2650 1062 2690 0011105
1089 2651 1284 2688 fabricatus
1307 2659 1368 2688 est.
1393 2650 1542 2701 Esuriit,
1563 2652 1624 2702 qui
1643 2665 1749 2704 supra
1769 2651 1898 2689 fluetus
1918 2650 2108 2698 undarum,
2132 2651 2217 2702 quin
2256 2652 2409 2702 tingeret

332 2711 451 2762 pedes,
477 2707 688 2745 ambulavit.
713 2705 862 2754 Esuriit,
894 2704 956 2755 qui
984 2704 1136 2742 solutam
1163 2717 1182 2740 a
1215 2717 1362 2755 corpore
1385 2704 1542 2742 animam
1570 2704 1724 2742 restituit
1749 2704 1872 2743 verbo.
1894 2703 1943 2742 Et
1958 2703 2135 2754 quomodo
2161 2703 2253 2741 dixit
2268 2704 2406 2742 Isaias:

333 2765 439 2800 Deus
461 2771 623 2798 (eternus
644 2774 720 2796 non
743 2760 895 2803 esuriet,
923 2771 1044 2809 neque
1061 2757 1274 2794 laborabit?
1298 2756 1462 2794 Christus
1484 2766 1602 2794 autem
1622 2758 1717 2794 Deus
1736 2765 1801 2803 est,
1817 2765 1855 2793 ut
1871 2766 2008 2794 constat
2019 2756 2116 2808 apud
2135 2771 2254 2794 010005
2270 2756 2404 2795 fideles.

333 2816 517 2866 Scriptura
532 2813 604 2864 ipsa
618 2812 705 2849 (licit
719 2827 726 2848 ε
742 2814 789 2848 In
803 2812 989 2862 principio
1003 2818 1086 2847 erat
1106 2810 1283 2855 Verbum,
1300 2817 1334 2846 et
1353 2811 1517 2847 Verbum
1532 2818 1614 2847 erat
1629 2810 1733 2861 apud
1746 2810 1887 2855 Deum,
1903 2818 1939 2846 et
1950 2811 2056 2847 Deus
2073 2818 2156 2847 erat
2176 2811 2340 2847 Verbum
2349 2813 2404 2859 (³).

333 2867 495 2905 Esurivit
506 2865 731 2908 servisorma,
743 2873 775 2901 et
786 2862 918 2900 cibavit
935 2862 1090 2913 quinque
1105 2861 1232 2910 millia,
1247 2875 1325 2911 quae
1341 2861 1375 2899 in
1391 2875 1430 2899 eo
1445 2862 1542 2899 unita
1558 2871 1642 2911 erat,
1659 2861 1845 2899 Dominica
1856 2862 2142 2901 voluntas.Ve11it
2156 2862 2201 2900 ad
2217 2862 2407 2900 ficulneam

332 2919 486 2958 visibilis
506 2918 626 2963 1101110,
651 2926 686 2953 at
705 2925 778 2953 erat
792 2916 937 2965 ubique,
957 2914 1082 2965 quaein
1103 2914 1179 2965 ipso
1198 2914 1295 2951 unita
1315 2923 1403 2963 erat,
1438 2914 1620 2952 divinitas.
1641 2914 1747 2954 Vidit
1772 2922 1810 2951 ut
1832 2914 1937 2952 homo
1956 2915 2144 2952 ficulneam
2163 2915 2281 2953 fructu
2299 2915 2407 2954 desti-

334 2982 459 3018 tutam,
480 2980 512 3008 et
527 2969 667 3007 arefecit
683 2969 742 3017 qui
765 2968 799 3005 in
822 2982 861 3005 00
882 2968 1002 3005 unitus
1014 2976 1102 3016 erat,
1122 2969 1230 3004 Deus.
1249 2967 1367 3017 Dixit,
1387 2968 1476 3004 Non
1488 2967 1678 3019 ultraszczt
1692 2981 1717 3005 a
1731 2975 1767 3004 te
1780 2968 1933 3018 fructus
1952 2970 1993 3004 ἰη
2013 2976 2215 3013 ceternum,·
2231 2977 2265 3005 et
2274 2968 2408 3006 factum

334 3026 544 3077 sequebatur
563 3022 720 3067 verbum,
744 3029 777 3058 et
795 3020 945 3057 ficulnea
963 3018 1141 3057 arescebat
1156 3020 1252 3057 illico
1275 3035 1282 3056 τ
1304 3020 1456 3059 verbum
1480 3020 1689 3069 humanum,
1705 3034 1794 3071 opus
1812 3028 1929 3057 autem
1948 3020 2015 3058 Dei
2035 3020 2223 3058 incarnati.

388 3079 564 3116 Caeterum
580 3073 735 3111 maxime
751 3072 939 3123 quaerenda
956 3072 1057 3109 nobis
1073 3082 1124 3110 051
1142 3072 1301 3110 ficulneae
1318 3072 1468 3110 theoria.
1480 3075 1509 3111 A
1528 3073 1651 3110 multis
1668 3072 1813 3123 quidem
1832 3073 2008 3125 explicata
2022 3087 2076 3111 res
2095 3082 2160 3121 est,
2181 3082 2220 3110 ut
2237 3072 2327 3110 mihi
2347 3072 2405 3110 vi-

335 3131 451 3180 detur,
466 3143 535 3167 non
551 3135 735 3165 accurate:
756 3124 814 3162 sed
833 3138 953 3161 eorum
972 3125 1030 3174 qui
1054 3134 1133 3162 ante
1151 3139 1212 3162 nos
1231 3125 1341 3162 locuti
1356 3134 1451 3175 sunt,
1473 3125 1683 3164 solutionem
1700 3125 1800 3177 prius
1812 3125 1944 3175 dicam,
1966 3135 1999 3163 et
2018 3125 2147 3163 deinde
2167 3135 2323 3163 nostram
2339 3124 2406 3162 ad-

333 3184 474 3221 ducam.
491 3179 648 3220 Difficile
670 3187 775 3230 captu
794 3186 844 3214 est
863 3176 959 3226 quod,
978 3176 1011 3213 in
1032 3177 1177 3214 historia
1198 3177 1353 3215 traditur
1373 3194 1380 3214 ε
1397 3187 1447 3216 est
1466 3193 1548 3216 sane
1570 3177 1732 3225 intentio,
1751 3191 1828 3227 quae
1850 3178 1885 3215 in
1904 3177 2146 3230 profunditate
2162 3178 2279 3229 potius
2298 3177 2404 3214 habet

334 3235 496 3289 mysterii
512 3233 716 3272 claritatem.
733 3231 892 3279 'Namque
916 3228 1003 3278 quid
1018 3242 1155 3266 necesse
1170 3239 1221 3267 est
1251 3230 1360 3268 verbo
1384 3232 1556 3270 arefacere
1583 3230 1785 3281 ficulneam,
1807 3244 1876 3269 non
1898 3240 2015 3269 autem
2038 3231 2146 3270 verbo
2162 3231 2261 3269 illam
2280 3230 2406 3267 frueti-

383 3366 422 3410 (11)
447 3364 540 3397 Adde
553 3364 646 3407 juxta
663 3362 719 3395 Gr.
739 3360 912 3406 Quomodo
932 3360 1030 3403 igitur
1044 3359 1156 3390 esuriit
1175 3358 1290 3389 Deus?
