2450 3683
1019 200 1065 228 vl<
1074 199 1242 228 ,munao
1252 219 1260 226 .
2111 201 2170 229 111

91 287 204 337 illum,
220 288 281 338 qui
301 283 493 337 impietatis
512 296 618 320 causa
633 281 729 324 ἄθεος
754 280 1023 332 cognominatus
1042 288 1105 317 est.
1126 280 1208 317 Jam
1235 292 1340 330 porro
1366 278 1419 316 illi
1442 287 1598 331 tempore
1617 279 1798 317 Athanasii
1817 280 1938 317 turbas
1956 281 2041 318 dare
2064 295 2175 333 eoepe-

89 361 191 397 runt‚
208 350 442 399 dicebantque
461 345 595 384 Filium
622 344 718 382 Patri
738 344 882 382 omnino
912 342 1144 394 dissimilem,
1170 356 1250 393 quae
1282 341 1436 392 haeresis,
1471 356 1554 380 011111
1583 341 1658 380 Α1·11
1687 351 1720 380 01
1753 342 1969 380 Asianorum
1996 344 2174 382 erroribus

89 414 232 452 omnino
251 409 501 450 consentiebat.
520 409 611 446 Cum
634 407 729 445 enim
752 407 884 444 Filium
911 420 986 444 rem
1011 406 1142 442 factam
1169 413 1203 441 et
1228 414 1381 442 creatam
1412 404 1535 442 Ariani
1558 404 1736 455 dicerent,
1758 405 1843 443 hinc
1864 419 1946 443 sane
1965 406 2176 456 sequebatur

87 485 221 514 tantam
234 488 307 513 esse
326 474 468 511 Patrem
494 471 583 508 inter
603 480 635 508 et
657 470 791 507 Filium
811 467 1162 517 dissimilitudinem,
1177 476 1309 518 quanta
1338 476 1390 505 est
1407 467 1608 506 Creatorem
1634 468 1725 506 inter
1750 477 1783 506 et
1807 482 1883 506 rem
1902 478 2066 506 creatam.
2085 469 2177 506 Cum

84 551 190 590 porro
210 538 301 574 inter
319 544 512 573 creatorem
526 543 558 572 et
572 548 647 571 rem
662 541 814 570 creatam
828 532 999 570 immensa
1011 531 1056 569 sit
1071 529 1350 580 dissimilitudo,
1365 539 1457 567 certe
1472 529 1634 568 eamdem
1647 544 1721 568 esse
1735 530 1825 568 inter
1839 530 1980 567 Patrem
1993 538 2026 567 et
2043 529 2177 568 Filium

83 599 305 651 sequebatur.
324 598 498 649 Ἀνόμοιον
517 597 636 648 itaque
656 610 717 634 seu
733 595 947 633 dissimilem
963 594 1147 632 Christum
1158 593 1337 642 dicebant,
1358 592 1513 643 hincque
1527 592 1583 630 illi
1595 592 1757 631 Anomoei
1772 601 1854 630 sunt
1867 592 2050 644 appellati.
2071 592 2177 631 Initio

85 671 203 699 autem
222 660 312 699 inter
335 662 523 699 Anomoeos
539 668 572 697 ct
593 658 742 696 Arianos
761 657 996 696 dissensiones
1023 656 1176 694 subortae
1204 665 1286 694 sunt
1294 671 1305 705 ;
1325 669 1395 693 non
1419 669 1541 693 omnes
1560 655 1663 708 paria
1693 654 1884 704 dicebant,
1909 664 1942 692 et
1967 654 2174 705 aliquando,

84 723 167 762 licet
183 723 310 776 reipsa
330 723 430 776 paria
453 722 634 773 sentirent,
651 721 771 760 verbis
793 730 910 759 tamen
935 719 1248 772 digladiabantur,
1266 718 1333 757 sub
1365 717 1441 756 haec
1466 727 1585 755 autem
1605 718 1767 755 Anomoei
1786 717 1916 755 sensim
1937 717 2121 756 invaluere
2144 726 2178 755 et

87 786 269 824 Orientem
286 799 373 837 pene
394 794 506 823 totum
529 793 758 837 occuparunt.
782 783 883 822 Certe
901 797 972 834 quo
988 792 1146 835 tempore
1166 781 1444 834 Chrysostomus
1465 779 1667 818 concionari
1689 779 1806 831 coepit,
1824 794 1951 832 nempe
1972 794 2064 818 anno
2083 779 2176 829 586,

87 846 192 899 plena
209 846 390 885 Anomoeis
406 846 595 884 Antiochia
611 855 684 884 erat
701 861 709 882 ε
726 853 944 897 quapropter
963 858 1003 882 eo
1019 843 1096 896 ipso
1112 856 1205 880 anno
1220 842 1395 880 Homilias
1422 842 1483 879 illa
1502 841 1582 894 περὶ
1599 841 1850 888 ἀκαταλήπτου
1865 871 1874 890 ,
1891 843 1938 880 de
1959 845 2177 893 Incompre-

87 908 270 946 Izensibili
281 938 290 956 ,
313 907 431 960 coepit,
451 907 616 960 ipsosque
632 907 771 959 egregie
790 904 986 944 confutavit
1009 905 1072 943 illo
1089 914 1122 942 et
1144 904 1370 954 sequentibus
1386 905 1508 952 annis3
1531 917 1600 942 una
1619 916 1771 953 namque
1793 903 1881 941 serie
1899 902 2087 941 duodecim
2106 903 2172 941 ho-

87 971 204 1009 milias
219 970 384 1009 dedimus
403 972 518 1009 Tomo
534 971 662 1024 primo,
682 970 783 1022 queis
803 972 1054 1007 Anomoeorum
1073 977 1281 1020 argumenta
1302 967 1451 1019 depellit
1473 967 1762 1021 Chrysostomus.

138 1036 174 1072 5.
198 1035 330 1072 Praeter
348 1043 468 1072 autem
490 1035 658 1072 Arianam
673 1043 784 1072 totam
801 1033 967 1071 haeresim
981 1046 1090 1083 quam
1105 1032 1174 1084 ipsi
1189 1031 1496 1083 amplectebantur
1517 1040 1549 1069 et
1570 1030 1777 1077 tuebantur,
1800 1029 1871 1067 alia
1898 1030 2004 1067 etiam
2030 1028 2179 1067 addide-

87 1105 166 1135 rant
185 1096 346 1134 amentiae
364 1097 485 1149 plena,
504 1111 582 1148 (111ῖο
602 1097 735 1149 passim
754 1096 827 1134 illis
853 1095 1045 1148 exprobrat
1064 1103 1206 1132 sanctus
1224 1093 1360 1131 doctor.
1384 1093 1560 1131 Dicebant
1586 1093 1704 1143 itaque
1729 1091 1798 1140 illi,
1821 1101 1860 1129 ut
1877 1092 1954 1143 jam
1973 1091 2179 1129 monuimus

86 1174 123 1198 se
136 1173 277 1197 omnem
296 1159 480 1197 seientiam
494 1160 688 1212 accepisse:
705 1174 740 1198 se
759 1161 877 1197 Deum
889 1157 1035 1210 perinde
1054 1172 1167 1206 nosse,
1187 1166 1290 1208 atque
1310 1171 1346 1194 se
1359 1157 1435 1209 ipse
1453 1164 1616 1205 noverat,
1633 1169 1703 1206 qua
1723 1154 1860 1192 insania
1876 1169 1954 1206 quae
1975 1154 2088 1206 major
2107 1168 2180 1192 esse

86 1216 241 1272 poterat!
261 1220 333 1257 Nee
351 1219 457 1257 modo
476 1220 512 1256 in
531 1219 751 1257 orationibus
771 1218 858 1266 illis,
881 1231 969 1268 quas
990 1217 1174 1269 speciatim
1194 1227 1315 1255 eontra
1334 1218 1522 1254 Anomoeos
1536 1216 1677 1265 habuit,
1693 1216 1775 1254 illos
1790 1216 1949 1267 exagitat
1966 1216 2178 1267 Chrysosto-

87 1296 184 1330 mus;
201 1281 380 1319 sedetiam
404 1281 538 1333 passim
567 1281 602 1318 in
625 1281 705 1319 aliis
730 1279 891 1318 homiliis
917 1282 1106 1317 Anomoeos
1133 1294 1225 1332 saepe
1249 1279 1286 1316 in
1314 1278 1474 1316 medium
1502 1277 1648 1316 adducit
1665 1287 1698 1316 et
1716 1278 1886 1327 confutat,
1902 1287 1934 1315 et
1951 1277 2095 1328 quidem
2113 1279 2177 1315 ali—

90 1344 247 1395 quando,
264 1353 303 1381 ut
327 1345 371 1381 T.
393 1345 432 1393 5,
451 1360 485 1396 p.
511 1345 573 1393 15,
599 1354 797 1397 praesentes.
828 1345 920 1381 Nam
939 1357 1063 1381 eorum
1088 1342 1250 1394 plerique
1275 1342 1503 1380 concionibus
1530 1342 1606 1393 ejus
1624 1342 1826 1390 intererant,
1846 1350 1885 1378 ut
1908 1341 1985 1393 jam
2003 1340 2175 1379 diximus.

87 1408 162 1445 'Nec
176 1406 282 1445 modo
298 1406 509 1455 Antiochiae,
528 1406 590 1444 sed
609 1407 715 1444 etiam
740 1404 1047 1456 Constantinopoli
1066 1404 1198 1442 multos
1219 1404 1350 1456 reperit
1373 1406 1578 1451 Anomoeos,
1602 1417 1692 1453 quos
1716 1403 1824 1441 etiam
1839 1404 1971 1456 passim
1992 1418 2179 1456 aggressus

89 1476 152 1506 est.
184 1468 230 1505 Hi
253 1468 347 1505 enim
369 1468 550 1505 catholicae
569 1468 666 1520 plebi
692 1467 844 1505 admixti
871 1466 1031 1516 quotidie
1053 1466 1296 1504 volitabantur
1313 1479 1395 1503 cum
1414 1465 1531 1504 obviis
1549 1465 1762 1516 quibusque.
1790 1466 1875 1503 Haec
1893 1467 2074 1518 praecipua
2095 1482 2179 1506 cura

88 1531 158 1568 suit
174 1530 431 1583 Chrysostomo
451 1545 533 1568 eum
551 1530 762 1578 Antiochiae,
785 1539 862 1567 tum
878 1528 1200 1581 Constantinopoli.
1219 1528 1288 1567 Sed
1308 1528 1392 1579 quia
1408 1528 1444 1565 111
1463 1528 1531 1565 hac
1549 1537 1726 1580 postrema
1746 1528 1899 1577 civitate,
1917 1529 1980 1566 ubi
1995 1529 2179 1581 episcopus

88 1593 382 1643 concionabatur,
404 1593 626 1644 gravissimis
653 1593 734 1630 aliis
754 1593 848 1630 curis
875 1592 1097 1643 negotiisque
1116 1591 1292 1629 distentus
1310 1591 1392 1641 fuit,
1410 1591 1595 1644 impetitus
1608 1605 1628 1628 a
1648 1591 1784 1641 multis,
1802 1606 1842 1629 ac
1867 1592 1923 1630 bis
1948 1592 1985 1630 in
2013 1593 2179 1631 exsilium

88 1667 200 1706 actus,
220 1671 288 1695 non
311 1657 427 1709 potuit
440 1665 576 1694 tantam
591 1656 671 1694 istic
691 1665 860 1706 quantam
880 1655 1076 1693 Antiochia:
1095 1655 1347 1708 propulsandis
1365 1654 1545 1693 Anomoeis
1564 1654 1734 1692 adhibere
1753 1669 1889 1694 curam.
1914 1656 1992 1694 Etsi
2012 1670 2109 1706 vero,
2128 1657 2180 1694 1111

85 1721 160 1772 jam
180 1720 354 1770 diximus,
371 1720 505 1773 passim
523 1720 558 1757 in
575 1719 733 1758 homiliis
752 1719 825 1757 suis
841 1728 962 1757 contra
977 1720 1166 1758 Anomoeos
1182 1729 1276 1771 agat,
1295 1719 1378 1757 11001
1392 1733 1449 1756 005
1463 1732 1543 1756 raro
1558 1732 1622 1756 suo
1642 1718 1783 1756 nomine
1803 1720 1991 1757 Anomoeos
2009 1719 2180 1772 appellet3

87 1798 268 1835 nunquam
290 1783 435 1821 illorum
453 1793 664 1837 argumenta
685 1783 733 1820 ita
756 1783 940 1835 speciatim
956 1783 1110 1821 assertae
1131 1783 1270 1832 refellit,
1288 1791 1327 1820 ut
1347 1782 1406 1820 hic
1426 1783 1462 1819 in
1486 1782 1653 1820 Homiliis
1672 1781 1708 1819 in
1733 1783 1918 1821 Joannem.
1939 1783 2181 1828 Quamobrem

91 1849 150 1886 hic
172 1849 294 1887 saltem
315 1849 494 1901 praecipua
514 1862 693 1887 recensere
712 1848 852 1885 animus
868 1857 919 1886 est
935 1863 942 1884 ε
962 1847 1104 1899 longius
1124 1848 1217 1886 0111111
1236 1861 1422 1886 excurrere
1438 1855 1626 1899 oporteret,
1647 1846 1674 1884 si
1692 1846 1811 1884 omnia
1832 1847 2052 1884 afferremus.

1069 2005 1093 2055 ς
1124 2006 1189 2043 lv.

88 2128 268 2165 Anomoei
303 2141 351 2165 ex
387 2127 552 2164 Arianis
591 2129 663 2164 orti
678 2145 693 2173 ,-
727 2140 796 2164 cur
827 2140 874 2164 ex
902 2126 1119 2177 Evangelio
1145 2127 1314 2164 Joannis
1343 2133 1572 2177 argumenta
1603 2133 1838 2164 mutuentur.
1871 2126 2035 2164 Illorum
2065 2140 2179 2178 argu-

687 2198 819 2228 menta
835 2203 883 2227 ex
896 2189 966 2226 illo
988 2191 1069 2240 ipso
1084 2189 1303 2241 Evangelio
1320 2190 1591 2241 confutantur.

136 2312 194 2350 Ex
215 2311 357 2349 Arianis
377 2313 445 2350 orti
468 2312 627 2349 Anomoei
640 2342 650 2360 ,
674 2312 741 2348 hac
766 2320 847 2349 nota
873 2320 907 2348 et
926 2319 1055 2348 tessera
1083 2310 1128 2347 ab
1150 2310 1223 2347 illis
1241 2310 1416 2361 distingui
1443 2309 1674 2359 videbantur,
1695 2310 1792 2361 quod
1810 2310 1969 2349 dicerent
1991 2325 2028 2349 se
2055 2311 2175 2349 omni-

84 2376 227 2414 modam
249 2375 433 2413 seientiam
453 2375 598 2428 adeptos
624 2389 697 2413 esse
706 2390 717 2424 3
738 2389 773 2412 50
792 2373 940 2426 perinde
960 2375 1078 2411 Deum
1098 2387 1199 2411 nosse
1228 2383 1267 2411 ut
1296 2375 1392 2412 Deus
1425 2374 1520 2426 ipsos
1550 2383 1715 2423 noverat,
1739 2383 1845 2424 atque
1872 2374 1988 2422 etiam,
2012 2384 2051 2412 ut
2081 2375 2178 2411 Deus

83 2437 239 2490 seipsum
259 2446 407 2476 noverat
426 2453 433 2474 :
457 2437 553 2488 quod
574 2437 740 2476 insanum
760 2436 868 2475 simul
885 2445 918 2474 et
938 2435 1092 2488 impium
1113 2444 1200 2473 erat.
1224 2436 1300 2473 Hac
1329 2451 1366 2474 se
1390 2435 1499 2474 fultos
1517 2435 1663 2474 seientia
1682 2445 1859 2487 putantes,
1877 2436 2078 2474 Catholicos
2094 2436 2176 2473 ubi-

83 2516 152 2551 que
168 2499 385 2538 confidenter
405 2500 715 2552 aggrediebantur.
744 2500 924 2546 Quoniam
942 2514 1026 2537 vero
1041 2513 1087 2537 ex
1107 2499 1308 2550 Evangelio
1327 2499 1472 2539 Joannis
1486 2498 1643 2536 maxime
1656 2498 1726 2550 ipsi
1739 2499 1912 2537 confutari
1930 2500 2105 2550 solebant,
2124 2500 2178 2537 in-

83 2562 195 2613 deque
213 2563 282 2600 tela
296 2563 551 2600 mutuabantur
568 2563 759 2610 Catholici,
782 2572 822 2600 ut
837 2563 917 2600 11105
931 2562 1147 2614 depellerent
1162 2576 1202 2599 ac
1217 2562 1468 2614 profligarent,
1485 2561 1564 2599 ideo
1582 2561 1637 2599 illi
1650 2575 1695 2599 ex
1714 2561 1836 2600 eodem
1853 2562 2050 2614 Evangelio
2064 2563 2178 2600 multa

84 2624 361 2675 detorquebant,
388 2633 427 2661 ut
448 2625 515 2662 tela
537 2624 728 2662 adversum
746 2639 781 2662 se
797 2624 904 2662 missa
928 2624 1158 2661 declinarent.
1183 2623 1371 2662 Mordebat
1392 2623 1522 2676 impios
1542 2623 1640 2674 quod
1661 2623 1718 2662 his
1739 2626 1886 2664 Joannis
1916 2625 2092 2677 Theologi
2117 2625 2173 2663 di-

85 2687 150 2725 etis
177 2687 338 2739 ipsorum
365 2687 537 2725 sententia
562 2696 779 2726 everteretur
793 2717 803 2735 ,
832 2688 938 2725 Deus
959 2696 1042 2725 erac
1064 2688 1229 2725 Verbum
1239 2704 1253 2732 ,·
1271 2697 1318 2737 et,
1342 2689 1428 2739 Ego
1447 2696 1484 2726 et
1502 2689 1626 2725 Pater
1641 2702 1760 2726 unum
1777 2702 1930 2738 sumus;
1957 2698 2008 2738 et,
2028 2691 2114 2742 Ego
2134 2692 2175 2726 in
2188 2707 2277 2734 ΛΜΗ,
2303 2715 2326 2734 ,,
2352 2715 2376 2738 1:

86 2752 220 2799 Patre,
239 2759 276 2788 et
295 2751 417 2789 Pater
431 2752 471 2788 ιή
488 2765 548 2789 me
562 2760 646 2797 est;
661 2760 709 2801 et,
732 2752 782 2790 Ut
805 2764 936 2789 omnes
957 2752 1149 2788 honorent
1168 2752 1318 2788 Filium
1339 2755 1437 2789 sicut
1456 2752 1650 2789 honorant
1666 2752 1824 2789 Patrem
1838 2770 1853 2799 ,·
1874 2761 1922 2802 et,
1942 2753 2048 2791 Sicut
2067 2756 2174 2792 novit
2190 2747 2308 2816 ss0'033‘i'
2324 2748 2375 2815 {⁸³

86 2827 145 2851 mc
165 2815 298 2860 Pater,
317 2823 354 2852 et
370 2828 436 2865 ego
459 2828 574 2852 nosco
599 2815 784 2860 Patrem,·
799 2823 845 2863 et,
875 2815 950 2864 Qui
969 2815 1079 2852 videt
1102 2827 1180 2862 me,
1197 2815 1308 2853 videt
1323 2823 1359 2852 et
1375 2815 1535 2852 Patrem
1548 2832 1563 2861 ‚·
1578 2823 1626 2862 et,
1645 2814 1684 2853 Si
1704 2816 1976 2867 cognovissetis
1997 2830 2070 2863 me,
2091 2817 2174 2854 Pa-
2189 2801 2227 2860 1‘5
2243 2812 2264 2863 {⁴
2284 2811 2330 2868 1⁵4,
2346 2800 2381 2867 ⁰}ss

87 2885 179 2914 trem
195 2880 325 2928 utique
346 2880 636 2929 cognovissetis,
655 2887 687 2915 et
703 2877 884 2916 similibus
897 2877 992 2925 aliis,
1012 2877 1112 2927 queis
1134 2891 1170 2914 se
1186 2891 1297 2916 unum
1321 2877 1519 2916 substantia
1535 2891 1615 2915 cum
1632 2879 1750 2927 Patre,
1768 2878 1836 2931 ipsi
1854 2879 2041 2930 aequalem,
2061 2888 2094 2917 et
2114 2894 2171 2917 ve·
2189 2878 2214 2898 ‘³¹
2234 2880 2262 2907 7·

86 2953 164 2977 rum
178 2940 295 2977 Deum
314 2939 528 2978 declarabat.
550 2942 600 2979 Ut
619 2955 703 2992 ergo
717 2941 762 2978 ab
786 2940 844 2979 his
863 2955 937 2979 sese
952 2949 1153 2989 tuerentur,
1171 2954 1216 2978 ex
1239 2940 1326 2993 ipsis
1353 2940 1478 2993 primis
1493 2940 1682 2992 Evangelii
1702 2941 1848 2979 Joannis
1867 2942 1986 2980 verbis
2005 2943 2074 2980 tela
2092 2957 2172 2980 mu-

86 3002 177 3039 tuari
193 3003 422 3040 conabantur.
449 3003 625 3041 Dicebant
639 3013 770 3053 autem,
786 3003 899 3053 illud,
920 3007 969 3041 In
995 3005 1182 3055 principio
1204 3012 1287 3042 erat
1307 3005 1486 3053 Verbum,
1515 3017 1585 3041 non
1606 3003 1835 3042 aeternitatem
1853 3004 1939 3042 Filii
1959 3005 2172 3057 significare.

90 3064 380 3116 quandoquidem
398 3065 442 3104 de
459 3067 565 3104 rebus
582 3067 709 3105 creatis
724 3067 831 3105 etiam
846 3067 993 3113 dicitur,
1010 3070 1060 3104 In
1077 3069 1135 3114 pri
1141 3068 1264 3118 ncipc'o
1270 3068 1377 3119 fecit
1402 3068 1504 3105 Deus
1531 3067 1667 3104 coelum
1689 3076 1725 3104 et
1743 3076 1894 3105 terram.
1911 3067 2024 3119 Ergo,
2039 3069 2174 3119 inquie-

85 3128 181 3178 bant,
202 3127 309 3177 illud,
332 3132 380 3166 In
400 3132 603 3180 principio,
627 3130 806 3168 incassum
827 3131 977 3168 affertur
1010 3129 1055 3168 ad
1076 3130 1157 3168 Filii
1172 3130 1402 3168 aeternitatem
1422 3129 1734 3182 comprobandam.
1758 3129 1851 3168 Huic
1870 3130 2077 3182 sophismati
2094 3131 2173 3183 plu-

85 3190 184 3228 ribus
199 3191 353 3229 occurrit
369 3192 659 3245 Chrysostomus,
677 3194 721 3231 ad
739 3193 943 3231 auditorum
960 3202 1103 3246 captum
1119 3193 1412 3242 accommodatis;
1434 3193 1620 3232 brevitatis
1636 3207 1719 3232 vero
1737 3194 1848 3245 gratia
1867 3208 1905 3231 ea
1927 3193 2041 3231 solum
2054 3194 2173 3233 afferi-

86 3267 164 3290 mus
177 3268 254 3304 quae
273 3255 525 3306 opportuniora
550 3265 632 3293 sunt
650 3255 696 3294 ad
715 3257 783 3294 hoc
798 3257 922 3294 inutile
935 3257 1045 3294 telum
1060 3256 1324 3309 depellendum.
1347 3257 1410 3294 His
1427 3256 1661 3308 explicandis,
1688 3259 1737 3294 1η
1759 3259 1950 3308 principio
1969 3266 2051 3294 erat
2081 3258 2120 3294 V
2116 3271 2172 3295 er-

88 3317 192 3365 bum,
208 3330 277 3354 non
294 3318 417 3369 procul
435 3319 634 3356 testimonia
651 3320 800 3371 petenda
820 3329 922 3367 suut;
945 3320 1004 3357 sed
1035 3335 1078 3358 ex
1104 3320 1146 3358 iis
1166 3335 1243 3371 quae
1261 3329 1455 3370 sequuntur
1476 3320 1688 3372 paucissima
1712 3319 1872 3358 addenda
1891 3336 1897 3356 :
1921 3323 1972 3358 Ee
2006 3322 2169 3360 Verbum

88 3388 168 3416 erac
186 3381 290 3429 apud
313 3381 452 3432 Deum,
475 3391 509 3419 ct
530 3383 634 3421 Deus
654 3394 733 3421 era!
751 3385 930 3421 Verbum.
951 3383 1058 3431 Illud,
1081 3386 1178 3422 Erat
1194 3385 1300 3434 apud
1320 3385 1465 3430 Deum,
1483 3383 1678 3432 significat,
1693 3385 1732 3421 111
1750 3384 1834 3421 Deo.
1854 3383 2041 3435 Quidquid
2054 3393 2171 3423 autent
