2481 3678
702 205 745 234 lx
783 204 992 234 Joaxhssu
1031 201 1192 232 11031111.

129 297 252 336 τούτων
282 298 360 349 περὶ
387 296 488 335 Θεόν.
506 294 583 333 Ἵνα
605 294 671 346 γὰρ
692 295 740 343 μὴ
760 294 774 313 ““
786 295 946 346 λέγωσιν,
967 295 1042 343 εἰκῇ
1058 307 1149 340 κομ-

128 359 263 402 πάζεις,
281 359 426 395 Monesi
443 355 634 402 λελάληκεν
659 358 676 393 6
701 356 788 398 Θεὸς
813 354 906 406 μόνῳ
926 357 1051 401 (τοῦτο
1070 356 1150 403 γοῦν

125 419 184 456 καὶ
200 419 335 468 ἕλεγον’
357 417 482 467 Ἡμεῖς
516 416 657 466 οἴδαμεν
679 415 731 453 ὅτι
750 418 893 454 Μωϋσεῖ
920 414 1112 459 λελάληκεν
1132 413 1149 448 6

124 481 231 527 Θεὸς,
254 485 372 518 τοῦτον
391 479 425 516 δὲ
446 479 507 516 οὐκ
527 477 680 528 οἴδαμεν,
699 477 802 516 πόθεν
823 475 936 525 ἐστί)·
965 472 1020 511 διὰ
1049 477 1150 510 τοῦτο

123 539 228 582 οὕτως
257 533 351 585 εἶπε,
377 537 508 581 δεικνὺς
536 538 589 576 ὅτι
614 538 691 576 οὔτε
720 536 816 589 φωνὴ
838 535 919 587 περὶ
950 533 1052 580 Θεὸν,
1069 531 1146 570 οὕτε

123 593 222 642 εἶδος.
244 599 314 637 Καὶ
329 599 362 636 τί
381 599 473 651 λέγω
493 603 620 647 ταῦτα,
640 598 756 651 φησίν.
779 599 833 636 Οὐ
855 595 957 647 μόνον
977 593 1055 631 οὔτε
1074 608 1145 644 φω-
1167 599 1192 628 E

120 660 179 706 νὴν
199 663 300 699 αὐτοῦ
325 661 388 698 οὐκ
420 659 613 708 ἀκηκόατε,
632 659 710 697 οὔτε
738 652 824 700 εἶδος
846 656 1042 709 ἑωράκατε,
1070 655 1146 692 ἀλλ’

120 721 194 759 οὐδὲ
212 724 263 774 ἐφ’
288 715 316 774 ᾧ
341 722 494 772 μάλιστα
516 723 672 773 αὐχεῖτε,
691 720 750 757 καὶ
768 721 818 770 ἐφ’
837 712 866 770 ᾧ
885 716 1040 767 μάλιστα
1060 715 1148 753 πάν-

117 799 172 826 τες
189 783 265 822 ἐστὲ
287 782 656 835 πεπληροφορημένοι,
673 779 725 818 ὅτι
739 779 784 818 τὰ
803 777 1059 832 προστάγματα
1081 779 1146 815 αὐ-

118 848 177 881 τοῦ
206 843 365 887 ἐδέξασθε
387 843 446 881 καὶ
471 842 655 894 κατέχετε,
682 840 874 878 οὐδὲτοῦτο
902 842 983 889 ὑμῖν
1003 838 1145 876 δυνατὸν

117 907 236 943 εἰπεῖν.
252 905 340 942 εΔιὸ
359 905 418 942 καὶ
433 908 532 942 τοῦτο
549 903 675 949 δηλῶν,
695 901 869 953 ἐπήγαγεν
880 917 887 924 ·
902 899 992 939 Οὐδὲ
1011 899 1069 937 τὸν
1085 900 1147 938 λό-

116 981 174 1016 γον
199 967 302 1003 αὐτοῦ
331 965 428 1016 ἔχετε
451 964 598 1015 μένοντα
617 966 650 1001 ἐν
671 965 751 1014 ὑμῖν
766 978 773 985 ·
793 962 973 1010 τουτέστι,
989 962 1051 1006 τὰς
1070 962 1147 999 δια-

115 1025 246 1077 ταγὰς,
273 1025 317 1063 τὰ
339 1024 594 1077 προστάγματα
606 1054 616 1071 ,
630 1023 687 1062 τὸν
704 1022 823 1074 νόμῦν,
843 1022 922 1067 τοὺς
952 1023 1201 1075 προφήτας.2ω

1232 200 1304 229 xi„
1344 184 1404 229 ul.
1443 199 1597 229 xxxix.
2111 202 2198 247 277

1220 288 1295 317 rent
1319 279 1431 326 enim,
1460 280 1607 316 Frustra
1628 288 1661 316 te
1684 280 1816 330 jactas,
1838 280 1958 330 Moysi
1988 290 2125 318 tantum
2154 282 2204 319 lo-
2382 323 2387 325 μ

1218 348 1350 389 quutus
1363 348 1414 376 est
1430 340 1544 389 Deus3
1564 339 1731 377 dicebant
1747 339 1853 388 enim,
1870 341 1950 377 Nos
1961 343 2098 378 scimus
2113 345 2205 392 quia
2220 355 2343 394 ,ΙοαιμρΙ
2354 366 2404 394 29·

1217 401 1353 447 ,Moysi
1373 400 1553 451 loquutus
1573 409 1627 438 est
1654 402 1761 438 Deus
1781 416 1791 435 :
1829 402 1932 438 hunc
1956 415 2050 454 ‘vero
2086 405 2206 438 nesci-

1217 474 1301 497 mus
1321 461 1423 498 unde
1441 463 1511 505 sit‚·
1532 459 1611 498 ideo
1639 461 1688 498 sic
1712 460 1881 511 loquutus
1910 469 1984 508 est,
2019 460 2207 499 ostendens

1217 520 1253 557 in
1274 521 1348 558 Deo
1376 534 1439 558 nec
1457 535 1580 559 vocem
1599 535 1663 559 nec
1682 521 1834 574 speciem
1853 535 1938 560 esse.
1967 521 2014 559 Et
2034 521 2122 572 quid
2137 522 2205 560 hoc.

1215 580 1323 619 dico?
1349 583 1427 620 Non
1456 582 1563 620 modo
1595 597 1719 622 vocem
1751 584 1826 636 ejus
1853 597 1923 621 non
1945 583 2117 632 audistis,
2142 598 2205 622 nec

1216 643 1370 695 speciem
1398 644 1559 694 vidistis,
1589 645 1652 683 scd
1673 645 1710 683 id
1729 645 1772 683 de
1791 659 1862 695 quo
1892 645 2047 683 maxime
2074 645 2206 696 gloria-

1217 703 1324 753 mini,
1356 704 1400 742 de
1420 719 1491 756 quo
1511 706 1668 744 maxime
1694 706 1806 744 inflati
1841 706 1924 744 estis
1945 721 2085 755 omnes,
2110 707 2206 758 quod

1215 765 1381 803 mandata
1417 767 1492 818 ejus
1525 768 1729 819 acceperitis
1770 777 1803 805 et
1827 768 2004 818 habeati55
2041 783 2084 806 ne
2112 769 2206 807 illud

1215 825 1359 877 quidem
1380 827 1498 865 dicere
1516 829 1674 880 potestis.
1695 829 1780 867 Ideo
1799 829 1988 881 subjungit
2006 846 2013 865 :
2037 830 2102 868 58.
2127 833 2202 868 N1-

1215 898 1290 935 que
1323 888 1485 923 verbum
1508 889 1588 939 ejus
1619 889 1770 926 hahetis
1807 891 1848 925 in
1880 890 1992 926 vobis
2018 903 2202 934 manens,-

1215 945 1252 982 id
1284 955 1355 995 est,
1389 947 1574 998 mandata,
1609 958 1802 1001 praecepta,
1835 949 1968 1000 legem,
2000 949 2201 1001 prophetas.

1215 1006 1367 1044 Etiamsi
1388 1008 1483 1045 enim
1499 1010 1596 1047 Deus
1611 1010 1686 1047 haec
1708 1010 1932 1062 praeceperit,
1953 1019 2106 1047 attamen
2128 1010 2204 1048 haec

115 1088 160 1124 Εἰ
179 1087 246 1139 γὰρ
276 1086 335 1124 καὶ
358 1090 376 1124 ὃ
403 1086 491 1129 Θεὸς
510 1085 597 1123 αὐτὰ
626 1084 825 1133 διετάξατο,
851 1086 926 1123 ἀλλ’
948 1083 1041 1135 ὅμως
1060 1086 1143 1136 παρ’
1167 1086 1192 1114 Α
1214 1067 1311 1119 apud
1334 1082 1396 1107 vos
1411 1083 1480 1106 non
1503 1079 1608 1117 sunt,
1629 1070 1713 1120 quia
1736 1070 1824 1107 mihi
1850 1084 1919 1108 non
1939 1070 2094 1108 creditis.
2124 1071 2202 1108 Etsi

115 1150 197 1197 ὑμῖν
225 1149 287 1185 οὐκ
305 1146 411 1193 ἔστιν,
432 1145 550 1192 ἐπειδὴ
570 1145 618 1196 μὴ
641 1145 824 1184 πιστεύετέ
840 1162 913 1196 μοι.
933 1147 977 1183 Εἰ
991 1144 1058 1196 γὰρ
1075 1144 1146 1182 ἄνω

115 1208 173 1246 καὶ
195 1208 315 1247 amito>
331 1207 431 1246 τοῦτο’
447 1223 549 1260 φασιν
567 1210 604 1244 αἱ
635 1207 791 1258 Γραφαὶ,
808 1207 862 1245 ὅτι
893 1206 970 1257 ἐμοὶ
993 1205 1064 1259 χρὴ
1084 1223 1146 1244 πι-

117 1269 261 1314 στεύειν,
282 1271 379 1319 ὑμεῖς
411 1267 446 1306 δὲ
465 1270 502 1306 οὔ
517 1267 716 1314 πιστεύετε,
737 1267 878 1315 εὔδηλον
899 1266 952 1305 ὅτι
975 1267 1036 1305 καὶ
1054 1270 1071 1305 6
1087 1267 1145 1305 λό-

113 1346 170 1379 γος
192 1332 294 1368 αὐτοῦ
316 1329 450 1375 ἀπέστη
473 1331 528 1380 ἀφ’
551 1331 660 1378 ὑμῶν.
687 1327 755 1365 Διὰ
773 1332 874 1366 τοῦτο
889 1329 994 1366 πάλιν
1013 1328 1144 1379 ἐπήγα-

113 1406 171 1440 γεν
188 1406 194 1413 ·
221 1390 308 1428 “On
340 1389 376 1427 ὃν
415 1388 616 1427 ἀπέστειλεν
649 1391 776 1432 ἐκεῖνος
791 1419 800 1436 ,
833 1388 943 1439 τούτῳ
977 1391 1074 1438 ὑμεῖς
1105 1389 1143 1426 οὗ

113 1450 306 1489 πιστεύετε.
324 1443 414 1487 Εἶτα
431 1447 488 1485 ἵνα
508 1448 558 1498 μὴ
571 1449 722 1499 λέγωσι,
739 1452 812 1492 πῶς
825 1443 895 1494 οὖν,
912 1451 941 1486 εἷ
957 1448 1005 1499 μὴ
1026 1448 1141 1500 φωνὴν

112 1513 215 1550 αὐτοῦ
252 1510 451 1561 ἠκούσαμεν
487 1514 588 1560 ἡμεῖς
606 1541 615 1558 ,
655 1511 708 1548 σοὶ
747 1509 990 1562 ἐμαρτύρησε,
1023 1510 1117 1562 λέγει
1134 1527 1141 1534 ·

110 1572 297 1623 Ἐρευνᾶτε
327 1571 389 1614 τὰς
421 1572 578 1622 Γραφοὶς·
601 1574 727 1610 ἐκεῖναι
747 1571 815 1623 γάρ
835 1573 920 1609 εἰσιν
938 1573 974 1608 αἱ
1003 1586 1139 1623 μαρτυ-

112 1636 232 1683 ροῦσαι
247 1631 326 1684 περὶ
342 1634 444 1683 ἐμοῦ·
459 1631 591 1675 δεικνὺς
606 1631 660 1670 ὅτι
678 1631 734 1669 διὰ
751 1631 881 1670 τούτων
903 1631 1139 1685 ἐμαρτύρησε.

109 1693 180 1730 Καὶ
193 1692 329 1745 γὰρκαὶ
350 1695 384 1731 ἐν
395 1695 444 1744 τῷ
459 1692 616 1744 Ἰορδάνῃ
631 1692 930 1746 ἐμαρτύρησε,καὶ
942 1695 975 1731 ἐν
993 1696 1042 1745 τῷ
1057 1693 1139 1744 ὄρει.

108 1753 200 1791 Ἀλλ’
223 1756 260 1791 οὐ
284 1754 380 1807 φέρει
410 1756 456 1796 εἷς
480 1753 584 1804 μέσον
614 1753 677 1800 τὴν
708 1753 826 1805 φωνὴν
856 1753 1002 1800 ἐκείνην.
1036 1752 1141 1798 Ἴσως
1162 1759 1186 1790 Β

107 1815 175 1868 γὰρ
210 1815 249 1852 ἂν
276 1814 362 1853 υκαὶ
383 1815 559 1862 ἠπιστήθη
591 1818 756 1854 ἐντεῦθεν.
785 1815 861 1862 Τὴν
885 1815 946 1867 μὲν
968 1815 1036 1868 γὰρ
1063 1815 1137 1854 οὐδὲ

106 1875 272 1924 ἥκουσαν,
293 1876 355 1923 τὴν
385 1878 419 1913 ἐν
452 1879 502 1928 τῷ
531 1876 624 1928 ὄρει·
661 1876 723 1923 τὴν
746 1876 780 1914 δὲ
810 1876 963 1923 ἤκουσαν
991 1876 1067 1928 μὲν,
1100 1879 1137 1916 οὐ

105 1937 298 1990 προσέσχον
332 1936 381 1975 δέ.
418 1936 485 1974 Διὰ
511 1940 613 1975 τοῦτο
643 1937 874 1989 παραπέμπει
908 1937 1030 1981 αὐτοὺς
1062 1943 1139 1981 ταῖς

105 1997 280 2049 Γραφαῖς,
302 1996 434 2040 δεικνὺς
452 1995 505 2034 ὅτι
527 1996 586 2034 καὶ
622 2001 636 2017 ⁰
651 1999 672 2042 ἡ
706 2000 764 2034 τοῦ
796 1996 936 2049 Πατρὸς
958 1997 1136 2050 μαρτυρία

106 2056 234 2094 ἐκεῖθέν
263 2060 357 2095 ἐστι·
377 2056 544 2108 πρότερον
567 2056 685 2106 μέντοι
702 2056 746 2095 τὰ
766 2057 903 2096 παλαιὰ
925 2057 1054 2096 ἀνελὼν
1082 2061 1134 2110 ἐφ’

104 2111 153 2159 οἷς
179 2111 390 2168 ἐκόμπαζον,
411 2115 433 2163 ἢ
461 2120 506 2160 ὡς
527 2117 719 2169 ἑωρακότες
737 2118 795 2156 τὸν
813 2119 916 2165 Θεὸν,
938 2117 960 2163 ἢ
979 2121 1024 2161 ὡς
1057 2134 1135 2170 φω-

103 2179 162 2223 νῆς
182 2180 286 2216 αὐτοῦ
308 2177 528 2221 ἀκούσαντες.
557 2178 704 2226 Ἐπειδὴ
720 2179 788 2230 γὰρ
806 2180 894 2223 εἰκὸς
908 2173 950 2226 ἦν
969 2181 1071 2218 αὐτοῦ
1091 2183 1133 2231 τῇ

103 2242 199 2290 φωνῇ
235 2240 442 2285 διαπιστεῖν,
469 2239 591 2278 καὶτὰ
611 2242 645 2278 ἐν
669 2242 719 2291 τῷ
749 2239 882 2292 Σιναίῳ
903 2240 974 2292 ὄρει
997 2241 1134 2292 φαντά-

103 2303 242 2347 ζεσθαι,
274 2299 548 2353 διορθωσάμενος
584 2299 646 2347 τὴν
683 2301 763 2352 περὶ
795 2296 935 2339 ἐκείνων
969 2301 1132 2340 ὑπόνοιαν

102 2363 254 2412 πρῶτον,
281 2361 341 2399 καὶ
363 2360 473 2405 δείξας
491 2361 751 2412 συγκατάῧασιν
771 2361 853 2400 ὄντα
880 2362 924 2399 τὰ
942 2362 1130 2414 γεγενημέ-

103 2438 168 2468 να,
192 2421 269 2460 τότε
291 2421 413 2465 αὐτοὺς
447 2421 504 2459 ἐπὶ
526 2421 588 2468 τὴν
611 2421 805 2474 μαρτυρίαν
825 2421 1036 2475 παρέπεμψε
1061 2427 1131 2461 τῶν

107 2484 134 2520 Γ
139 2485 266 2534 ραφῶν.

155 2605 225 2643 Καὶ
244 2608 345 2655 ἡμεῖς
366 2605 479 2642 τοίνυν
504 2605 585 2642 ὅταν
608 2605 693 2656 πρὸς
713 2605 905 2656 αἱρετικοὺς
929 2604 1127 2656 μαχώμεθα

100 2666 159 2704 καὶ
174 2665 464 2716 καθοπλιζώμεθα
474 2696 484 2713 ,
498 2667 653 2703 ἐντεῦθεν
663 2665 723 2704 καὶ
734 2665 1006 2718 ἷσχυριζώμεθα.
1020 2667 1126 2703 Πᾶσα

99 2726 167 2778 γὰρ
196 2725 319 2778 Γραφὴ
348 2726 593 2772 θεόπνευστος,
622 2726 728 2777 φησὶ,
755 2726 814 2764 καὶ
845 2726 1020 2778 ὠφέλιμος
1041 2726 1126 2777 πρὸς

99 2787 338 2833 διδασκαλίαν,
359 2787 444 2839 πρὸς
477 2788 633 2839 ἔλεγχον,
653 2787 739 2838 πρὸς
759 2786 1010 2838 ἐπανόρθωσιν,
1040 2788 1126 2838 πρὸς

97 2848 257 2886 παιδείαν
279 2848 342 2896 τὴν
361 2850 395 2886 ἐν
416 2848 617 2900 δικαιοσύνῃ
631 2879 640 2896 ,
667 2848 723 2885 ἵνα
740 2849 856 2900 ἄρτιος
875 2843 897 2900 ᾗ
917 2851 934 2886 6
950 2851 1010 2885 τοῦ
1031 2850 1124 2886 Θεοῦ

97 2909 276 2961 ἅνθρωπος
306 2909 392 2962 πρὸς
424 2917 493 2948 πᾶν
530 2909 628 2960 ἔργον
658 2910 786 2960 ἀγαθὸν
819 2909 1120 2960 ᾱάπηρτισμένος.

97 2971 178 3022 Οὐχ
195 2970 251 3008 ἵνα
273 2970 316 3008 τὰ
337 2971 400 3021 μὲν
428 2971 516 3023 ἔχῃ,
538 2971 582 3008 τὰ
608 2970 643 3008 δὲ
664 2970 712 3021 μὴ
736 2971 799 3023 ἔχῃ
815 2986 823 2994 ·
846 2973 864 3008 6
883 2971 950 3023 γὰρ
970 2974 1123 3014 τοιοῦτος

96 3032 158 3069 οὐκ
178 3032 304 3083 ἄρτιος.
335 3032 382 3070 Τί
401 3031 469 3085 γὰρ
491 3032 630 3083 ὄφελος,
651 3031 728 3069 εἰπέ
758 3047 843 3082 μοι,
872 3030 952 3068 ὅταν
974 3031 1121 3083 εὔχηται

97 3092 158 3142 μὲν
186 3094 352 3140 ἐκτενῶς,
383 3092 431 3142 μὴ
447 3094 526 3143 ἐλεῇ
554 3091 588 3129 δὲ
609 3093 782 3144 δαψιλῶς,
804 3092 826 3137 ἢ
848 3091 930 3131 ὅταν
951 3094 1030 3142 ε’λεῆ
1056 3091 1118 3142 μὲν

137 3229 149 3246 '¹
173 3227 274 3261 Savil.
287 3231 406 3270 λέγωσιν
422 3232 468 3263 ὅτι
484 3233 656 3271 κομπάζεις.

138 3286 148 3297 ⁰
173 3279 274 3311 Savil.
290 3282 338 3314 διὰ
354 3286 441 3314 τοῦτο
458 3284 613 3322 ἐπήγαγεν,
634 3279 834 3313 levissimum
852 3279 1041 3311 discrimen.

137 3341 149 3353 ἱ·
177 3329 289 3362 Morel.
309 3337 389 3366 κάτω
406 3334 583 3365 ῧιῧάσκοασιν
598 3337 626 3365 αὶ
641 3337 763 3377 γραφαὶ,
780 3336 855 3365 ὥστε
868 3335 931 3373 ἐμοὶ
944 3335 1098 3371 π’στεύῑςν,

96 3386 174 3423 Υἡμεῖς
194 3385 223 3416 δὲ
238 3387 280 3416 O).

1213 1129 1309 1166 enim
1337 1130 1470 1182 passim
1500 1140 1535 1169 et
1566 1131 1700 1182 ubique
1718 1131 1839 1169 dicant
1868 1132 2086 1184 Scripturae,
2113 1132 2203 1169 mihi

1214 1204 1287 1228 esse
1303 1190 1536 1242 credendum,
1558 1207 1622 1231 vos
1648 1202 1764 1230 tamen
1780 1207 1849 1231 non
1871 1193 2037 1243 creditis,
2068 1194 2203 1245 palam-

1213 1268 1280 1304 que
1298 1264 1349 1292 est
1367 1256 1518 1293 verbum
1540 1257 1615 1308 ejus
1634 1271 1654 1294 a
1673 1257 1776 1295 vobis
1795 1256 2017 1294 abscessisse.
2042 1256 2124 1294 Ideo
2138 1256 2203 1294 ad—

1212 1315 1266 1352 dit
1296 1316 1425 1353 iterum
1452 1332 1460 1352 :
1497 1319 1597 1367 Quia
1616 1320 1652 1354 ei
1676 1332 1787 1370 quem
1811 1320 1914 1354 misit
1934 1318 2001 1354 ille
2027 1331 2099 1355 vos
2125 1331 2204 1354 non

1212 1377 1383 1414 creditis.
1413 1377 1550 1414 Deinde
1569 1392 1612 1415 ne
1625 1378 1783 1415 dicerent
1795 1409 1804 1425 ,
1824 1377 2012 1423 Quomodo
2032 1378 2060 1415 si
2078 1392 2204 1415 vocem

1211 1437 1288 1487 ejus
1321 1450 1390 1474 non
1427 1437 1633 1477 audivimus
1650 1467 1660 1486 ,
1694 1438 1761 1475 tibi
1798 1438 2039 1475 testimonium
2075 1438 2201 1491 perhi-

1211 1496 1291 1533 buit
1304 1497 1321 1534 Ξ)
1357 1497 1406 1534 ait
1444 1497 1505 1535 ille
1522 1514 1530 1534 :
1570 1499 1805 1536 Scrutamini
1844 1499 2083 1549 Scripturas,·
2122 1500 2201 1537 illae
2215 1524 2241 1541 v.
2257 1512 2307 1552 39

1211 1562 1315 1596 enim
1336 1568 1425 1597 sunt
1447 1574 1532 1612 quoe
1553 1563 1814 1598 testimonium
1832 1562 2033 1612 perhibent
2053 1563 2100 1598 de
2120 1576 2200 1606 me,-

1210 1619 1373 1658 indicans
1400 1636 1464 1673 per
1480 1621 1545 1659 has
1569 1623 1685 1659 Deum
1702 1621 1946 1659 testimonium
1968 1622 2200 1674 perhibuisse.

1210 1681 1305 1718 Nam
1323 1691 1356 1719 et
1377 1682 1412 1719 in
1442 1682 1598 1722 Jordane
1617 1692 1651 1720 et
1669 1683 1705 1719 in
1722 1691 1841 1720 monte
1859 1682 2103 1721 testimonium
2121 1698 2203 1736 per-

1209 1741 1339 1780 hibuit.
1364 1744 1435 1782 Sed
1452 1744 1552 1781 illam
1570 1758 1695 1782 vocem
1709 1757 1778 1781 non
1793 1744 1860 1781 fert
1872 1742 1907 1781 in
1928 1744 2098 1782 medium.
2115 1746 2202 1782 For-

1208 1804 1313 1842 tassis
1326 1804 1421 1842 enim
1437 1819 1506 1843 non
1523 1804 1680 1842 creditus
1694 1804 1830 1842 fuisset.
1848 1806 1938 1843 Nam
1954 1805 2063 1842 aliam
2077 1820 2201 1844 vocem

1209 1878 1279 1902 non
1309 1866 1519 1915 audierant,
1541 1880 1670 1918 nempe
1696 1866 1731 1904 in
1752 1875 1888 1917 monte,
1910 1866 2019 1904 aliam
2038 1881 2121 1905 vero
2138 1882 2201 1904 au-

1208 1926 1349 1966 dierant
1382 1928 1547 1979 quidem,
1584 1928 1647 1966 sed
1680 1942 1749 1966 non
1788 1928 2022 1966 attenderant.
2062 1928 2200 1967 Idcirco

1206 1988 1318 2027 mittit
1337 1990 1418 2028 illos
1437 1989 1484 2028 ad
1505 1990 1734 2042 Scripturas,
1756 1988 1941 2027 ostendens
1961 1990 2076 2027 Patris
2102 1991 2200 2028 testi-

1204 2050 1368 2087 monium
1387 2051 1469 2089 inde
1488 2065 1561 2089 esse
1586 2049 1819 2101 sumendum,
1842 2051 1992 2088 sublatis
2010 2050 2112 2102 prius
2133 2065 2196 2088 an-

1203 2111 1315 2162 tiquis
1332 2113 1369 2151 in
1388 2113 1520 2163 quibus
1538 2112 1797 2164 gloriabantur,
1821 2111 1879 2150 vel
1896 2111 1997 2162 quasi
2021 2111 2193 2150 vidissent

1202 2173 1322 2211 Deum
1334 2204 1345 2223 ,
1363 2174 1421 2212 vel
1440 2174 1542 2224 quasi
1560 2187 1685 2212 vocem
1702 2173 1778 2225 ejus
1792 2172 1986 2212 audissent.
2001 2173 2094 2219 Quia
2110 2188 2195 2213 vero

1203 2235 1374 2273 credibile
1393 2245 1467 2273 erat
1483 2236 1560 2288 ejus
1574 2235 1653 2274 voci
1674 2249 1743 2273 non
1765 2234 1962 2272 credituros
1977 2249 2050 2273 esse
2061 2266 2070 2283 ,
2087 2250 2195 2286 eaque

1202 2296 1461 2349 imaginaturos
1480 2311 1553 2335 esse
1574 2311 1653 2347 quae
1673 2296 1709 2333 in
1729 2305 1847 2333 monte
1867 2296 1952 2333 Sina
1971 2295 2190 2345 acciderunt,

1202 2367 1358 2396 correcta
1385 2358 1488 2410 prius
1519 2371 1558 2394 ea
1579 2371 1657 2407 quae
1682 2356 1835 2394 suboriri
1862 2365 1997 2408 poterat
2023 2371 2061 2393 ea
2089 2357 2133 2394 de
2155 2372 2192 2395 rc

1201 2419 1419 2470 suspicione,
1455 2427 1490 2455 et
1525 2417 1710 2455 ostendens
1746 2417 1809 2453 illa
1842 2430 1905 2467 per
1939 2416 2191 2456 demissionem

1199 2478 1392 2530 quamdam
1404 2479 1497 2515 facta
1513 2491 1603 2526 esse,
1627 2478 1721 2528 ipsos
1739 2475 1785 2513 ad
1804 2476 2073 2528 Scripturarum
2091 2479 2190 2516 testi-

1198 2554 1361 2577 monulm
1382 2547 1505 2576 m1tt1t,

1247 2602 1284 2638 4.
1300 2601 1344 2638 Et
1356 2613 1565 2650 nosquoque
1574 2597 1718 2649 quando
1730 2599 2040 2638 contrahaereticos
2048 2614 2186 2653 pugna-

1194 2660 1273 2699 mus
1283 2670 1315 2698 et
1325 2675 1522 2710 armamur,
1533 2659 1617 2697 hinc
1629 2674 1691 2697 nos
1704 2660 1931 2698 instruamus.
1943 2663 2185 2700 Omnisenim
2241 2660 2390 2708 ¹‘²·‘“{¹'·⁰⁰⁵

1193 2724 1410 2775 Scriptura,
1429 2722 1562 2772 inquit,
1579 2723 1763 2760 divinitus
1779 2725 1988 2775 inspirata,
2007 2725 2115 2763 utilis
2129 2735 2184 2763 est
2198 2713 2236 2770 iiix,
2255 2703 2388 2781 ,5,ῖέὲέζῖ

1195 2786 1249 2822 ad
1259 2785 1488 2831 docendum,
1499 2785 1554 2821 ad
1564 2785 1814 2836 arguendum,
1834 2785 1888 2822 ad
1898 2788 2179 2838 corrigendum,
2197 2785 2280 2812 dum·

1195 2847 1250 2883 ad
1259 2846 1537 2884 instituendum
1553 2847 1771 2897 injustitia,
1788 2854 1830 2883 ut
1843 2847 2035 2899 perfectus
2050 2849 2183 2885 sitDei

1196 2908 1309 2944 homo
1316 2936 1328 2954 ,
1352 2907 1407 2944 ad
1427 2920 1539 2943 omne
1561 2918 1654 2957 opus
1683 2907 1824 2943 bonum
1849 2908 2072 2946 instructus.
2100 2909 2180 2946 Non
2196 2927 2222 2946 2.
2244 2918 2324 2946 Tim.
2350 2917 2381 2945 3,

1195 2968 1314 3005 utalia
1337 2967 1484 3015 habeat,
1507 2965 1586 3004 aliis
1609 2975 1749 3004 careat:
1769 2980 1853 3004 nam
1873 2967 1953 3004 talis
1971 2967 2078 3005 homo
2099 2983 2178 3020 per·
2200 2958 2244 2988 ¹6·
2265 2965 2292 2987 ⁰³
2314 2969 2358 2997 ¹7*

1192 3031 1304 3067 fectus
1322 3042 1392 3067 non
1420 3036 1520 3066 esset.
1543 3027 1633 3074 Quae
1652 3027 1806 3077 utilitas,
1826 3042 1964 3079 quaeso,
1984 3028 2013 3066 si
2040 3029 2179 3067 assidue

1192 3099 1367 3143 precetur,
1388 3103 1452 3127 nec
1471 3089 1731 3140 eleemosynam
1748 3088 1894 3140 largiter
1913 3090 2054 3141 eroget?
2074 3090 2130 3129 vel
2150 3090 2178 3128 si

2281 2620 2340 2647 Con
2347 2627 2352 2647 l
2360 2632 2390 2648 ra

1214 3230 1229 3252 ¹1
1254 3227 1315 3260 Alii
1330 3232 1378 3261 καὶ
1395 3233 1560 3266 ἠπίστησαν
1579 3230 1691 3264 αὐταῖς.

1213 3292 1225 3305 c
1250 3279 1394 3320 Quidam
1412 3285 1429 3319 ἡ
1446 3285 1498 3313 τοῦ
1512 3281 1688 3321 πνεύματος.

1213 3334 1228 3357 ‘¹
1255 3330 1355 3365 Savil.
1374 3336 1588 3377 ἐξιρτισμέκος.
