2481 3678
91 2193 116 2208 ν.
137 2181 164 2209 3.
184 2179 255 2220 014.

133 2999 164 3025 C
160 3000 205 3025 eci
224 2999 282 3025 nati

306 209 393 254 580
735 223 772 251 s.

298 304 504 355 angelorum
524 311 557 341 et
574 303 865 355 archangelorum
886 313 1004 342 coetus.
1034 304 1100 342 llis
1126 317 1208 342 vero
1238 302 1283 340 de

299 364 412 401 causis
445 363 627 401 facultates
651 364 867 415 pauperibus
899 364 1138 413 effundamus,
1163 373 1202 401 ut
1220 364 1280 401 illa

298 424 522 462 tabernacula
543 437 810 474 consequamur,
826 438 903 474 quae
921 437 983 461 nos
999 437 1118 461 omnes
1133 423 1283 476 adipisci

297 487 490 538 contingat,
508 487 620 537 gratia
639 495 671 523 et
684 485 902 537 benignitate
915 485 1060 522 Domini
1074 485 1183 523 nostri
1198 488 1283 525 Jesu

298 547 446 592 Christi,
467 561 529 598 per
548 560 652 596 quem
671 554 703 583 et
720 560 802 583 cum
821 560 890 596 quo
905 546 1000 583 Patri
1016 546 1142 598 gloria,
1159 546 1283 584 simul-

296 622 363 657 que
384 607 535 659 Spiritui
563 616 698 657 sanctO,
717 606 753 644 in
767 606 894 644 scocula
916 607 1136 646 saeculorum.
1160 609 1281 645 Amen.

811 222 997 253 JOANNIS
1034 221 1278 252 CHRYSOST.
1321 222 1528 252 ARCHIEP.
1568 222 1928 255 CONSTANTINOP-

1358 304 1562 354 βασκανίαν.
1584 305 1708 349 Οὐδεὶς
1723 305 1790 358 γὰρ
1804 305 1936 354 ιἀὐτὴν
1965 310 2030 359 ὁρᾷ
2047 308 2115 346 τῶν
2136 308 2374 359 ἐπισταμένων

1356 368 1500 416 φθονεῖν,
1517 367 1593 403 ἀλλ’
1607 369 1638 404 οἱ
1657 368 1881 418 ἐπιστάμενοι
1895 368 2029 422 χαίρειν
2051 369 2190 420 ἄγγελοι
2207 376 2277 412 τοῖς
2294 373 2376 421 ἀγα-

1357 429 1425 468 θοῖς
1442 432 1512 469 τοῖς
1527 432 1596 470 σοῖς
1608 442 1615 450 ·
1633 427 1741 471 οὐδεὶς
1763 428 1868 475 αὐτὴν
1886 429 2076 482 παρορίσαι
2093 429 2292 476 δυνήσεται·
2315 432 2374 468 οὐ-

1354 486 1423 530 δεὶς
1449 486 1517 540 γὰρ
1544 486 1650 534 αὐτὴν
1670 495 1831 541 παροικεῖ
1850 491 1918 527 τῶν
1942 489 1986 527 τὰ
2004 495 2146 528 τοιαῦτα
2176 490 2374 528 νοσούντων.

1355 546 1517 591 Γείτονας
1541 547 1631 600 ἔχεις
1651 550 1742 596 ἐκεῖ,
1762 548 1840 592 τοὺς
1869 549 2004 601 ἁγίους,
2030 550 2107 594 τοὺς
2136 550 2216 602 περὶ
2235 552 2375 589 Παῦλον

1354 607 1414 645 καὶ
1433 608 1578 661 Πέτρον,
1594 608 1672 653 τοὺς
1691 609 1870 662 προφήτας
1891 610 2046 654 ἅπαντας
2058 641 2068 659 ,
2086 610 2162 654 τοὺς
2178 611 2376 664 μάρτυρας,

1309 675 1334 705 D
1356 668 1412 707 τὸν
1441 670 1549 720 δῆμον
1581 672 1650 707 τῶν
1681 671 1850 722 ἀγγέλων,
1871 674 1939 708 τῶν
1972 670 2212 723 ἀρχαγγέλων.
2245 670 2314 709 Διὰ
2333 671 2374 718 δὴ

337 1148 353 1171 1,
379 1145 569 1190 Legendum
598 1151 694 1186 putat
720 1142 846 1175 Boisius
867 1142 900 1173 in
926 1138 1016 1173 notis
1032 1137 1207 1172 Savilianis
1234 1142 1310 1183 αὐτῇ

291 1203 439 1244 &apomel-

1355 735 1465 768 ταῦτα
1486 730 1620 779 πάντα,
1642 731 1686 769 τὰ
1712 732 1794 769 ὄντα
1813 733 1861 774 εἰς
1879 730 1956 775 τοὺς
1977 732 2128 778 πένητας
2155 730 2375 780 κενώσωμεν,

1357 807 1411 829 ινα
1444 792 1583 830 εκείνων
1603 792 1821 844 ἐπιτύχωμεν
1858 795 1946 830 ςτῶν
1982 808 2135 838 σκηνων·
2169 786 2215 830 ὧν
2244 792 2376 844 γένοιτο

1354 853 1486 896 πάντας
1505 857 1599 904 ἡμᾶς
1622 856 1810 905 ἐπιτυχεῖν,
1837 854 1956 906 χάριτι
1973 854 2032 892 καὶ
2054 853 2296 906 φιλανθρωπίᾳ
2317 859 2376 892 τοῦ

1354 913 1482 964 Κυρίου
1502 917 1602 965 ἡμῶν
1628 915 1744 989 Ἰησοῦ
1765 916 1938 966 Χριστοῦ,
1961 916 2002 952 ’δι’
2033 918 2070 953 οὑ
2095 931 2155 952 και
2176 916 2249 965 μεθ’
2270 917 2306 952 οὐ
2326 930 2376 951 τυ

1352 974 1504 1027 Πατρι(
1487 990 1509 1020 η
1528 975 1632 1022 δόξα,
1649 975 1728 1026 ἅμα
1748 990 1797 1026 τῳ
1817 974 1904 1027 ἁγίω
1919 975 2119 1026 Πνεύματι,
2136 992 2182 1019 εις
2197 991 2275 1018 τους
2291 976 2376 1012 αἰῶ-

1350 1048 1411 1076 νας
1430 1037 1498 1071 τῶν
1521 1034 1667 1073 αἰώνων.
1688 1035 1808 1085 Ἀμήν.

1420 1147 1433 1161 ⁰
1457 1147 1516 1170 τῶν
1529 1145 1639 1175 σκηνῶν
1649 1136 1741 1170 deest
1753 1138 1786 1170 in
1800 1137 1998 1180 quibusdam
2012 1140 2090 1171 Mss.

604 1400 712 1438 ΗΟΜ
718 1399 815 1437 ILIA
844 1398 962 1439 LVII.

292 1519 385 1555 CAP.
405 1516 472 1554 IX.
497 1530 531 1554 v.
549 1517 585 1554 6.
616 1517 712 1553 Hoee
724 1529 811 1552 czcm
824 1513 1117 1559 dixissetJesus,
1129 1513 1280 1563 exspuit

344 1581 386 1615 in
401 1586 554 1623 terram,
570 1585 607 1614 et
620 1578 715 1629 fecit
733 1576 857 1612 lutum
879 1589 926 1612 ex
945 1582 1068 1626 symm,
1091 1582 1127 1611 et
1150 1574 1280 1610 linivit

346 1638 470 1675 lutum
489 1650 601 1688 super
624 1636 754 1673 oculos
768 1637 872 1683 coeci,
891 1643 929 1673 et
948 1635 1074 1672 dizit:
1092 1634 1130 1671 7.
1154 1634 1193 1671 V
1187 1634 1326 1680 aEde,

348 1697 511 1735 lavare
498 1711 539 1734 ιη
555 1698 707 1747 piscina
725 1695 838 1734 Siloe'.

346 1819 379 1854 1.
398 1816 470 1863 Qui
484 1815 639 1866 aliquam
653 1830 698 1853 ex
710 1813 920 1853 lectionibus
934 1813 1124 1851 utilitatem
1138 1826 1280 1865 carpere

292 1878 432 1927 volunt,
450 1892 492 1914 ne
505 1877 694 1914 minimum
721 1875 869 1926 quidem
890 1883 1173 1926 praetercurrant.
1194 1874 1279 1912 Ideo

291 1953 442 1990 namque
461 1939 661 1990 Scripturas
684 1937 833 1975 scrutari
858 1936 1039 1988 jubemur,
1059 1936 1141 1986 quia
1165 1935 1279 1973 multa

1733 1397 1914 1435 ΟΜΙΛΙΑ
1941 1394 2002 1440 νζ’.

1354 1510 1478 1548 Ταῦτα
1497 1508 1604 1548 εἷπων
1629 1512 1646 1548 ὃ
1665 1508 1852 1558 'lacones
1834 1526 1959 1549 επτυσε
1987 1527 2121 1564 χαμαι,
2143 1527 2202 1549 και
2231 1510 2372 1558 ἐποίησε

1405 1572 1551 1619 πηλὸν’
1536 1587 1575 1609 εκ
1593 1576 1653 1609 τοῦ
1670 1587 1894 1622 πτυσματος,
1917 1572 1976 1610 καὶ
2002 1573 2164 1625 ἐπε-ἔχρισε
2187 1571 2243 1610 τὸν
2263 1572 2372 1618 πηλὸν

1405 1633 1462 1672 επὶ
1481 1649 1559 1677 τους
1576 1632 1772 1685 ὂφθαλμους
1786 1637 1845 1671 τοῦ
1858 1635 2007 1685 τυφλοῦ,
2023 1634 2082 1672 καὶ
2102 1638 2212 1671 εἶπεν·
2231 1632 2369 1684 ὕπαγε,

1406 1693 1504 1746 νίψαι
1523 1695 1571 1737 εἷς
1585 1693 1646 1741 τὴν
1668 1693 1916 1745 κολυμδήθραν
1936 1697 1995 1731 τοῦ
2012 1694 2173 1744 Σιλωάμ.

1405 1813 1496 1858 Τοὺς
1529 1814 1717 1866 μέλλοντάς
1746 1831 1780 1853 τι
1812 1813 1909 1867 παρὰ
1943 1816 2010 1852 τῶν
2041 1812 2374 1866 ἀναγινωσκομένων

1352 1879 1590 1926 καρποῦσθαι,
1612 1876 1689 1914 οὐδὲ
1718 1876 1757 1914 τὸ
1789 1876 1910 1928 μικρὸν
1930 1878 1999 1913 τῶν
2031 1875 2226 1926 λεγομένων
2257 1889 2376 1926 παρα-

1352 1935 1488 1987 τρέχειν
1510 1937 1572 1973 δεῖ.
1589 1936 1657 1974 Διὰ
1679 1935 1745 1988 γὰρ
1763 1940 1864 1973 τοῦτο
1893 1937 2032 1987 ἕρευνᾷν
2057 1936 2119 1978 τὰς
2140 1933 2282 1986 Γραφὰς
2299 1936 2375 1972 ἐκε-

290 2014 366 2050 quae
386 1999 505 2037 statim
530 1998 648 2035 facilia
677 1996 866 2045 videntur,
892 2009 1058 2047 magnam
1082 1996 1214 2033 habent
1229 1996 1278 2032 la·
1291 2027 1338 2051 332
1352 1996 1558 2047 λεύσθημεν,
1575 1997 1695 2044 ἐπειδὴ
1717 1998 1810 2034 δοκεῖ
1830 1995 1875 2034 τὰ
1893 1995 2026 2041 πολλὰ,
2044 1994 2157 2033 καίτοι
2170 2011 2209 2047 γε
2237 1994 2376 2033 αὐτόθεν

291 2069 420 2098 tentem
434 2059 610 2098 sententiae
623 2057 909 2111 profunditatem.
921 2057 1015 2097 Vide
1027 2071 1178 2108 namque
1192 2057 1280 2107 quid
1303 2064 1329 2092 A
1353 2057 1436 2095 ὅντα
1448 2057 1590 2106 εὔκολα,
1609 2057 1742 2104 πολλὴν
1763 2059 1796 2095 ἐν
1811 2060 1860 2109 τῷ
1885 2056 1982 2108 βάθει
1997 2056 2150 2094 διάνοιαν
2171 2056 2262 2108 ἔχειν
2283 2057 2374 2093 ἀπο·

292 2121 327 2158 in
353 2121 514 2173 praesenti
536 2128 765 2172 proponatur.
794 2120 889 2156 Hoec
911 2132 997 2156 eum
1029 2119 1201 2164 divisset,
1224 2118 1280 2155 in-

291 2183 384 2234 quit,
407 2186 555 2235 eoespuit
579 2185 620 2219 in
637 2190 794 2218 terram.
813 2179 886 2216 Cur
899 2180 992 2216 hoc?
1013 2181 1064 2217 Ut
1080 2179 1280 2217 manifeste-

290 2254 349 2282 tur
367 2244 478 2295 gloria
500 2242 581 2292 Dei,
609 2251 643 2279 et
662 2240 759 2291 quod
782 2249 940 2292 oporteat
963 2254 1019 2277 me
1041 2240 1155 2277 faeere
1175 2254 1279 2292 opera

289 2305 365 2356 ejus
378 2304 438 2355 qui
455 2303 551 2341 misit
567 2315 633 2339 me.
654 2302 775 2351 Neque
794 2299 888 2338 enim
907 2299 980 2337 sine
999 2314 1102 2337 causa
1116 2300 1193 2337 haec
1207 2314 1280 2337 me-

290 2364 441 2403 moravit
458 2361 692 2413 evangelista,
712 2359 920 2410 addiditque
938 2360 1055 2411 ipsum
1070 2360 1275 2412 exspuisse3

288 2425 349 2463 sed
369 2434 406 2462 ut
422 2423 615 2461 declararet
644 2422 766 2459 Jesum
793 2420 960 2471 operibus
980 2433 1176 2458 sermonem
1199 2434 1280 2457 con-

288 2487 444 2524 firmare.
468 2484 516 2522 Et
536 2498 599 2521 cur
616 2495 685 2519 non
708 2495 799 2532 aqua
826 2495 911 2519 usus
932 2491 1004 2530 est,
1024 2481 1086 2520 sed
1111 2491 1215 2533 sputo
1233 2481 1279 2519 ad

289 2547 405 2584 lutum
420 2543 647 2582 faciendum?
662 2542 840 2579 Missurus
853 2541 956 2579 illum
971 2552 1043 2581 erat
1057 2543 1093 2580 in
1104 2543 1210 2581 Silo'e'.
1227 2544 1280 2581 Ne

291 2607 380 2657 quid
401 2620 482 2657 ergo
500 2605 586 2643 fonti
609 2605 885 2652 adscriberetur,
907 2604 967 2642 sed
983 2604 1148 2654 disceres,
1163 2619 1207 2642 ex
1222 2619 1281 2642 ore

291 2669 367 2720 ejus
394 2668 522 2706 exiisse
548 2667 732 2717 virtutem,
756 2681 832 2718 quae
857 2667 1059 2706 efformavit
1083 2676 1117 2705 et
1143 2667 1282 2719 aperuit

292 2729 429 2773 oculos,
450 2727 591 2779 exspuit
614 2728 648 2764 in
669 2738 812 2765 terram.
845 2728 922 2765 Hoc
945 2728 1149 2779 significans
1176 2742 1282 2767 evan·
1303 2725 1326 2755 Β

294 2792 417 2844 gelista
431 2791 587 2837 dicebat,
608 2792 661 2828 Ec
682 2792 911 2843 chtzcmseclt
930 2805 977 2827 ex
997 2799 1120 2842 sputo,
1144 2790 1284 2829 Deinde

293 2867 336 2890 ne
369 2860 552 2904 putaretur
586 2866 674 2902 opus
704 2866 748 2889 cx
778 2861 868 2889 terra
903 2852 1126 2902 processisse,
1164 2852 1285 2891 lavare

290 2913 409 2965 jussit.
434 2912 506 2948 Cu1
536 2924 618 2960 eigo
639 2925 707 2948 non
736 2912 855 2949 statim
875 2911 945 2949 hoc
966 2911 1062 2961 fecit,
1091 2911 1181 2950 sed
1172 2926 1208 2950 111
1228 2913 1284 2951 Si-

294 2975 388 3011 loun
403 2971 528 3009 misitq
549 2972 598 3008 Ut
619 2972 699 3008 caeci
723 2971 829 3009 fidem
859 2972 995 3021 discas,
1018 2982 1125 3023 utque
1143 2973 1287 3013 Judaeo-

94 3041 164 3067 sodes
191 3050 282 3077 quan-
295 3049 376 3073 rum
395 3031 628 3086 pervicacitas
648 3032 907 3083 leprilneietui.
929 3033 1111 3071 Ciedibile
1126 3035 1218 3072 enim
1235 3041 1287 3073 est

94 3088 132 3108 ta.

295 3110 415 3135 omnes
434 3093 566 3132 vidisse
581 3092 685 3129 illum
705 3093 914 3141 abeuntem,
941 3094 1141 3145 illitumque
1168 3096 1286 3134 lutum

297 3159 331 3194 in
344 3155 458 3194 oculis
471 3155 674 3192 habentem.
688 3154 755 3189 Res
769 3153 861 3190 enim
873 3153 1110 3205 inexspectata
1125 3157 1285 3194 omnium

295 3217 416 3254 oculos
446 3215 493 3253 ad
526 3215 645 3266 ipsum
674 3213 874 3251 convertit:
898 3222 972 3251 tum
1004 3215 1066 3265 qui
1097 3216 1279 3265 viderunt,

296 3287 372 3314 tuni
394 3276 454 3326 qui
474 3275 704 3327 ignorabant,
725 3273 772 3311 ad
790 3273 840 3310 rei
866 3273 1003 3311 exitum
1023 3274 1145 3313 intenti
1166 3285 1277 3314 erant.

297 3338 391 3384 Quia
414 3337 507 3374 enim
528 3351 598 3374 non
620 3335 722 3373 facile
747 3335 883 3373 creditu
911 3345 984 3373 erat
1013 3349 1144 3374 cascum
1163 3338 1280 3376 visum

298 3411 533 3449 recuperasse,
552 3411 615 3448 per
634 3396 775 3448 longam
793 3396 890 3435 viani
906 3396 1035 3434 multos
1051 3407 1151 3448 parat
1165 3406 1280 3444 testes,

1353 2118 1608 2170 κεκρυμμένην.
1639 2118 1736 2172 ῑὈρα
1768 2118 1835 2170 γὰρ
1869 2112 1937 2155 οἷόν
1978 2118 2050 2155 ἐστι
2090 2117 2150 2155 καὶ
2183 2118 2223 2155 τὸ
2251 2118 2375 2169 παρόν.

1354 2182 1478 2218 Ταῦτα
1497 2180 1562 2231 γὰρ
1578 2178 1700 2227 εἰπὼν,
1719 2179 1834 2231 φησὶν,
1852 2178 1977 2216 ἔπτυσε
1995 2179 2121 2229 χαμαί.
2137 2179 2231 2215 Ποῖα
2247 2183 2375 2224 ταῦτα;

1355 2239 1431 2279 Ἵνα
1448 2243 1628 2292 φανερωθῇ
1648 2244 1669 2287 ἡ
1687 2239 1766 2283 δόξα
1785 2243 1846 2277 τοῦ
1867 2241 1972 2286 Θεοῦ,
1990 2239 2050 2276 καὶ
2063 2237 2116 2276 ὅτι
2132 2240 2195 2276 Δεῖ
2211 2255 2254 2289 με
2274 2239 2376 2291 ἐργά-

1354 2302 1470 2344 ζεσθαι
1490 2300 1534 2338 τὰ
1562 2300 1646 2351 ἔργα
1675 2305 1734 2338 τοῦ
1759 2299 1962 2351 πέμψαντός
1988 2315 2042 2349 με.
2075 2301 2128 2337 Οὐ
2159 2299 2226 2351 γὰρ
2258 2301 2377 2343 ἁπλῶς

1355 2360 1544 2411 ἀνέμνησεν
1565 2364 1659 2411 ἡμᾶς
1688 2363 1756 2397 τῶν
1787 2358 1976 2412 εἰρημένων
1995 2362 2012 2396 ὃ
2033 2359 2295 2411 εὖαγγελιστὴς,
2318 2361 2377 2398 καὶ

1354 2422 1541 2473 ἐπήγαγεν,
1569 2421 1623 2459 ὅτι
1645 2420 1820 2459 ’Έπτυσεν
1835 2435 1842 2443 ·
1865 2419 1954 2458 ἀλλὰ
1972 2420 2083 2466 δηλῶν
2113 2419 2166 2457 ὅτι
2195 2420 2251 2457 τὸν
2276 2419 2376 2472 λόγον

1353 2481 1410 2520 διὰ
1428 2485 1496 2519 τῶν
1517 2482 1624 2536 ἔργων
1652 2480 1880 2519 ἐπιστώσατο.
1903 2479 1970 2518 Καὶ
1995 2479 2087 2517 διατί
2116 2478 2164 2530 μὴ
2186 2479 2285 2517 ὕδατι
2314 2480 2375 2518 κέ-

1352 2559 1502 2595 χρηται,
1519 2542 1608 2580 ἀλλὰ
1629 2541 1807 2593 πτύσματι
1830 2543 1876 2584 εἰς
1894 2541 1950 2579 τὸν
1971 2540 2103 2588 πηλόν,
2130 2539 2301 2591 ’Ἐμελλεν
2319 2543 2377 2578 αὖ-

1352 2605 1408 2642 τὸν
1426 2604 1577 2655 πέμπειν
1602 2606 1646 2648 εἷς
1660 2604 1717 2641 τὸν
1739 2602 1900 2653 Σιλωάμ.
1919 2600 1984 2640 Ἵν’
1998 2596 2054 2639 οῦν
2077 2601 2183 2652 μηδὲν
2200 2604 2374 2654 ἐπιγραφῇ

1352 2669 1394 2717 τῇ
1424 2669 1520 2717 πηγῇ
1535 2696 1544 2713 ,
1565 2665 1655 2704 ἀλλὰ
1689 2664 1802 2715 μάθῃς
1822 2663 1875 2702 ὅτι
1902 2667 1923 2710 ἡ
1947 2665 1984 2701 ἐκ
2005 2666 2065 2700 τοῦ
2096 2662 2266 2713 στόματος
2284 2663 2378 2707 ἐξελ-

1354 2731 1458 2765 θοῦσα
1486 2726 1627 2776 δύναμις
1648 2724 1733 2771 αὐτὴ
1763 2724 1822 2762 καὶ
1854 2723 2020 2762 διέπλασε
2047 2723 2106 2760 καὶ
2147 2723 2272 2775 ἀνέῳξε
2299 2722 2377 2766 τοὺς

1353 2786 1596 2839 ὀφθαλικους,
1586 2792 1712 2824 ε’πτυσε
1730 2783 1857 2836 χαμαί.
1876 2785 1987 2821 Ἰοῦεο
2004 2787 2083 2832 γοῦν
2110 2784 2168 2821 καὶ
2193 2788 2210 2821 ὁ
2236 2785 2376 2835 εὐα((ε-

1352 2848 1472 2894 λιστὴς
1507 2845 1809 2897 ἐπισημηνάμενος
1842 2844 1956 2895 ἔλεγε,
1996 2844 2065 2881 Καὶ
2096 2843 2236 2890 ἐποίησε
2266 2844 2376 2890 πηλὸν

1355 2910 1424 2949 ἀπὸ
1442 2913 1501 2947 τοῦ
1523 2922 1734 2957 πτυσματος.
1760 2899 1869 2952 Εἰτα,
1885 2904 1941 2941 ι’να
1959 2903 2007 2954 ech
2029 2903 2107 2956 δόξῃ
2128 2907 2188 2950 τῆς
2207 2921 2269 2956 γης
2290 2909 2377 2943 εἶναι

1353 2988 1393 3009 το
1413 2969 1645 3021 κατόρθωμα,
1666 2966 1822 3004 ἐκέλευσε
1846 2964 2024 3016 νίψασθαι.
2042 2965 2146 3008 Ἰίνος
2179 2969 2234 3003 οὐν
2264 2965 2376 3003 ἕνεκεν

1355 3035 1416 3071 οὐκ
1430 3031 1550 3073 εὐθέως
1566 3033 1664 3066 τοῦτο
1683 3026 1856 3073 ἐποίησεν,
1869 3027 1944 3063 αλλ’
1962 3025 2018 3063 ἐπι
2035 3025 2091 3063 τὸν
2109 3025 2291 3076 Σιλωὰμ”
2272 3042 2380 3076 επεμ-

1355 3095 1438 3146 ψεν,
1458 3092 1533 3130 Ινα
1554 3090 1665 3141 μάθῃς
1683 3093 1742 3126 τοῦ
1760 3089 1888 3138 τυφλοῦ
1907 3085 1968 3132 τὴν
1990 3086 2124 3124 πίστιν·
2145 3086 2203 3124 καὶ
2230 3085 2286 3123 ι’να
2306 3088 2379 3123 ἐπι-

1356 3155 1525 3205 στομισθῇ·
1553 3166 1620 3188 των
1637 3147 1813 3187 Ἰουδαίων
1847 3150 1868 3193 ἡ
1906 3146 2147 3198 ἀγνωμοσύνη.
2179 3146 2283 3189 Εἰκος
2310 3145 2377 3198 γὰρ

1354 3219 1396 3262 ἠν
1416 3215 1571 3255 ἅπαντας
1589 3215 1670 3265 ὃρᾷν
1687 3208 1788 3247 αὐτον
1808 3206 1973 3254 ἀπιόντα,
1988 3207 2044 3245 τὸν
2057 3207 2193 3253 πηλὸν’
2183 3223 2197 3244 ε
2199 3222 2306 3258 [οντα
2320 3207 2377 3244 ἐπὶ

1354 3276 1433 3320 τοὺς
1452 3272 1646 3328 ὀφθαλμοὺς
1665 3268 1903 3323 κεχρισμένον.
1921 3270 1983 3320 Τῷ
2004 3268 2071 3320 γὰρ
2090 3267 2275 3320 παραδόξῳ
2290 3268 2376 3305 πάν-

1355 3354 1416 3380 τας
1431 3336 1470 3375 ἂν
1489 3334 1678 3386 ἐπέστρεψε
1697 3330 1781 3384 πρὸς
1804 3329 1937 3375 ἑαυτὸν,
1958 3328 2034 3372 τούς
2048 3345 2085 3366 τε
2107 3328 2238 3372 εἰδότας
2259 3328 2373 3374 αὐτὸν,

1355 3397 1429 3440 τούς
1465 3412 1501 3434 τε
1531 3397 1753 3446 ἀγνοοῦντας,
1789 3390 1848 3430 καὶ
1877 3389 1964 3440 μετὰ
2001 3388 2179 3441 ἀκριὸείας
2214 3390 2252 3427 ἂν
2282 3390 2373 3439 αὐτῷ
