2481 3678
229 814 311 835 salt.

331 228 414 282 140
765 241 802 270 5.

842 241 950 270 ,ΙΟΑΝ
960 241 1026 271 Nts
1059 241 1139 270 ΕΗΒ
1149 238 1297 269 Υ505Τ.
1338 237 1541 267 Ancuml’.

1581 239 1665 267 CON
1674 239 1936 270 STAN'MNOP.

323 335 434 371 neque
456 329 495 358 ut
515 334 687 372 magnum
714 322 917 374 quempiam
940 322 1060 360 virum
1087 321 1302 366 invitabant,
1329 321 1351 352 C
1374 319 1489 372 τέραν.
1516 320 1560 357 ‘0
1588 321 1654 374 γὰρ
1678 322 1725 372 μὴ
1755 323 1955 368 ἀπαξιώσας
1971 323 2090 362 δούλου
2108 322 2243 375 μορφὴν
2260 323 2392 370 λαὸεῖν,

323 383 385 420 sed
405 392 443 420 ut
461 382 669 435 popularem
689 391 722 420 et
740 383 808 420 sibi
824 393 963 421 notum.
987 383 1034 421 Et
1059 383 1125 421 lioc
1141 380 1303 421 subindi-

323 444 417 481 cavit
427 443 641 494 evangelista
657 443 778 481 dicens
794 459 802 480 :
817 446 917 481 Erat
930 453 1060 482 autem
1075 453 1198 481 mater
1209 444 1240 480 J
1238 456 1303 480 esu

323 507 390 551 ibi,
409 514 456 557 et²
459 506 603 554 fratres
621 507 715 557 ejus.
738 504 1050 551 Quemadmodum
1072 505 1169 542 illam
1184 513 1216 541 et
1235 504 1305 540 fra-

324 575 391 603 tres
401 567 491 617 ejus,
506 567 553 603 ita
570 575 602 603 et
618 568 739 604 Jesum
749 575 971 604 vocaverant.
985 567 1023 604 5.
1041 568 1095 605 Et
1105 566 1306 618 deficiente

325 630 434 674 vino,
457 629 549 664 dicit
563 635 687 664 mater
697 629 776 679 ejus
792 628 845 664 ad
857 641 944 665 eum
960 643 971 663 .·
986 629 1126 665 Vinum
1144 640 1221 664 non
1235 628 1305 664 Ιια-

327 691 427 725 bent.
451 688 608 739 Hiejure
623 696 822 738 quaeratur:
841 687 946 726 Unde
975 688 1078 726 matri
1097 688 1132 725 in
1152 695 1305 725 mentem

325 749 433 786 subiit
442 748 530 798 quid
542 761 710 798 magnum
723 747 768 785 de
782 748 857 786 filio
873 749 1012 800 opinari
1030 765 1038 786 :
1059 749 1198 786 nullum
1212 747 1323 799 enim,

325 809 443 846 adhue
461 809 603 859 signum
639 809 767 846 fecerat
791 824 798 844 :
822 823 903 847 nam
934 812 1019 847 Hoc
1030 812 1147 862 J'ecit,
1178 809 1306 860 iuquit,

326 873 477 908 initiam
497 873 692 921 signorum
711 871 823 909 Jesus
843 873 884 908 in
901 872 1012 909 Cana
1035 872 1223 910 Galiloeae.

380 1305 417 1340 Ξ.
441 1300 548 1349 Quod
567 1301 596 1339 si
616 1300 696 1352 quis
714 1300 861 1350 dixerit,
881 1314 950 1338 non
969 1299 1138 1338 idoneum
1157 1297 1224 1336 hoc
1237 1310 1310 1336 esse

326 1373 590 1415 argumentum,
621 1363 719 1414 quod.
749 1362 842 1401 illud
873 1362 918 1400 sit
940 1361 1086 1399 initium
1109 1361 1308 1411 signorum,

326 1438 366 1461 eo
385 1424 482 1475 quod
504 1423 670 1462 additum
688 1423 749 1473 sit,
774 1426 823 1460 In
855 1424 967 1461 Cana
989 1423 1187 1466 Galiloeoe;
1209 1420 1311 1471 quasi

328 1486 393 1523 hoc
413 1486 572 1538 primum
600 1485 651 1523 ibi
673 1486 807 1523 factum
826 1484 893 1534 sit,
918 1498 981 1521 nec
1007 1492 1122 1521 tamen
1152 1482 1312 1520 absolute

327 1548 485 1598 primum
499 1562 510 1596 3
530 1547 725 1586 verisimile
756 1546 890 1597 quippe
916 1554 967 1582 est
995 1545 1099 1582 illum
1126 1543 1214 1581 alibi
1241 1543 1311 1580 alia

326 1609 450 1646 fecisse
467 1625 473 1645 :
496 1608 789 1660 respondebimus
808 1607 839 1645 ei
859 1607 899 1645 id
917 1606 1015 1657 quod
1029 1607 1103 1658 jam
1118 1606 1236 1658 primo
1255 1605 1311 1643 di-

326 1669 460 1707 ximus.
496 1668 689 1715 Quodnam
717 1667 810 1705 illud
839 1667 917 1705 est?
937 1666 980 1705 ld
1003 1666 1101 1716 quod
1124 1666 1174 1703 ait
1201 1668 1311 1705 Joan-

326 1744 386 1768 nes
402 1732 509 1782 :Ego
529 1739 658 1768 autem
678 1731 892 1767 nesciebam
919 1742 1021 1772 emm
1041 1728 1110 1765 sed
1128 1736 1169 1764 uc
1188 1729 1312 1764 mani-

313 1792 486 1844 festetur
509 1794 551 1828 in
573 1791 708 1837 Israel,
729 1798 931 1841 propterea
953 1790 1045 1826 veni
1064 1802 1131 1839 ego
1151 1790 1192 1824 in
1209 1801 1313 1840 aqua

183 1976 315 2004 Christus

126 2019 218 2045 nium
266 2028 317 2044 au-

129 2068 234 2085 nonum
251 2068 317 2096 spa-

124 2101 168 2126 tio
191 2100 317 2127 minaeu-

327 1853 545 1902 baptizans.
567 1851 661 1888 Nam
685 1850 715 1888 si
744 1850 779 1887 in
809 1849 983 1901 primaeva
1011 1857 1112 1886 aetate
1142 1847 1314 1885 miracula

325 1912 516 1961 edidisset,
547 1926 616 1950 non
645 1926 734 1963 opus
764 1911 973 1949 habuissent
1001 1909 1167 1948 Israelita*
1188 1910 1314 1958 altem,

329 1974 390 2024 qui
421 1974 540 2026 ipsum
572 1973 757 2011 indicaret.
791 1972 864 2019 Qui
892 1971 986 2010 enim
1015 1986 1096 2009 eum
1124 1971 1182 2011 vir
1203 1971 1317 2008 faetus

329 2044 428 2084 esset,
449 2035 497 2072 ita
516 2049 562 2072 ex
580 2033 762 2072 1ni1aculis
791 2033 987 2071 celebratus
1012 2041 1077 2081 est,
1098 2045 1167 2069 non
1192 2031 1228 2069 in
1252 2034 1316 2070 Ju-

329 2097 405 2134 daea
426 2106 578 2145 tantum,
600 2096 663 2134 sed
683 2095 791 2133 etiam
813 2095 850 2132 in
869 2094 977 2146 Syria
1007 2103 1040 2131 et
1070 2094 1184 2142 ultra3
1207 2093 1318 2143 idque

125 2140 161 2166 lis
187 2140 316 2168 celebra·
367 2157 372 2164 ·

129 2186 174 2208 tus
191 2187 243 2208 cst.

132 2770 203 2799 Lus.
227 2776 254 2796 2.
267 2767 317 2805 46.
340 2770 347 2777 ’

328 2166 439 2195 trium
458 2166 594 2195 tantum
614 2170 724 2194 innoi
727 2170 788 2193 um
807 2154 944 2207 spatio:
959 2154 1031 2192 imo
1051 2168 1093 2191 ne
1106 2163 1138 2191 ἰι
1141 2154 1221 2192 lbus
1237 2154 1317 2204 qui-

328 2218 410 2256 dem
427 2218 528 2256 annis
547 2218 594 2255 ad
612 2218 743 2254 famam
762 2230 851 2268 opus
869 2215 1010 2264 habuit,
1033 2214 1097 2252 sed.
1116 2229 1223 2265 quam
1241 2214 1317 2266 pri-

328 2294 427 2317 mum
445 2282 537 2318 fama
566 2279 641 2331 ejus
673 2278 805 2328 ubique
825 2285 1017 2328 pervagata
1050 2285 1101 2314 est
1117 2291 1125 2312 ε
1143 2276 1205 2326 qui
1234 2290 1317 2327 ergo

328 2350 401 2379 tam
411 2341 515 2380 brevi
533 2340 647 2393 spatio
667 2338 836 2391 temporis
855 2339 900 2376 ob
919 2337 1174 2375 miraculorum
1193 2337 1317 2374 multi-

327 2401 490 2440 tudinem
514 2401 563 2438 ita
591 2400 742 2449 claruit,
763 2409 803 2437 ut
828 2413 954 2437 nomen
974 2399 1050 2450 ejus
1069 2398 1235 2436 omnibus
1254 2412 1317 2436 no-

328 2473 405 2500 tum
423 2471 510 2501 esset
518 2478 529 2513 3
552 2462 664 2499 multo
688 2460 802 2512 magis
821 2460 852 2497 si
883 2459 1003 2497 adhuc
1028 2473 1117 2511 puer
1146 2458 1319 2496 miracula

328 2524 517 2572 edidisset,
554 2537 622 2561 non
657 2521 830 2574 potuisset
860 2529 957 2559 tanto
986 2529 1145 2572 tempore
1173 2520 1281 2558 latere
1306 2535 1313 2556 :

330 2585 455 2637 majori
483 2584 616 2636 quippe
651 2581 879 2622 admirationi
910 2582 1059 2620 fuissent
1095 2579 1268 2619 miracula
1297 2594 1318 2619 a

329 2662 440 2698 puero
459 2647 561 2695 faeta,
582 2661 662 2683 eum
681 2646 837 2683 maxime
855 2655 995 2697 tempus
1008 2653 1041 2682 et
1054 2643 1191 2696 duplex
1205 2651 1239 2682 et
1252 2642 1317 2681 tri-

332 2710 426 2760 plex,
446 2709 516 2746 imo
536 2707 689 2759 amplius
708 2707 828 2744 fuerit.
846 2707 984 2746 Verum
999 2705 1090 2743 nihil
1109 2704 1211 2743 aliud
1228 2718 1318 2757 puer

331 2769 434 2817 iecit,
454 2768 522 2805 nisi
551 2768 590 2805 id
612 2777 752 2805 tantum
782 2766 880 2816 quod
902 2768 1015 2804 Lucas
1043 2774 1205 2815 enarrat,
1226 2765 1317 2804 duo-

330 2832 480 2870 dennem
511 2831 629 2882 ipsum
661 2829 791 2867 sedisse
821 2830 857 2866 in
889 2829 1005 2867 medio
1035 2828 1222 2867 doctorum
1254 2843 1317 2866 au-

330 2895 497 2942 dientem,
511 2901 544 2930 οἱ
556 2891 828 2942 interrogatione
846 2904 908 2927 sua
928 2890 1182 2928 admirandum
1198 2889 1317 2929 visum

330 2957 449 2995 fuisse.
481 2954 647 3004 Alioquin
676 2962 795 2990 autem
813 2953 890 3003 jure
909 2966 949 2989 ae
972 2952 1097 2990 merito
1117 2966 1186 2990 non
1211 2952 1318 3004 coepit

331 3020 365 3056 in
385 3016 514 3070 puerili
534 3024 634 3053 :etate
665 3013 837 3051 miracula
869 3012 985 3050 edere.
1010 3014 1195 3051 Putassent
1223 3013 1316 3052 enin]

329 3093 404 3117 rem
432 3078 531 3115 illam
561 3089 641 3114 vere
672 3074 879 3126 phantasma
908 3087 993 3110 esse.
1030 3074 1123 3111 Nam
1142 3073 1171 3111 si
1191 3073 1237 3111 de
1255 3074 1318 3111 illo

326 3142 401 3191 jam
420 3139 498 3177 viro
518 3137 556 3175 id
578 3135 680 3173 multi
705 3132 873 3186 suspicati
896 3142 992 3182 sunt,
1018 3133 1129 3170 multo
1148 3133 1260 3184 magis
1280 3133 1318 3172 id

331 3199 581 3247 credidissent,
601 3196 631 3234 si
657 3193 853 3233 admodum
869 3192 1013 3246 juvenis
1034 3192 1135 3243 signa
1153 3194 1290 3231 seeisset
1302 3210 1314 3244 5

330 3271 364 3298 et
384 3260 519 3298 invidia
546 3255 694 3310 permoti
714 3257 832 3308 ipsum
851 3254 956 3292 citius
978 3263 1012 3291 ct
1036 3263 1115 3291 ante
1143 3254 1314 3291 constitu-

331 3332 403 3358 tum
424 3331 561 3372 tempus
581 3320 616 3356 in
638 3332 779 3355 crucem
797 3316 948 3367 egissent
966 3332 972 3351 :
990 3324 1094 3365 atque
1115 3314 1161 3352 ita
1190 3330 1243 3353 res
1268 3316 1314 3353 ad

377 3437 391 3459 Β»
410 3434 519 3466 Μυιυὶ.
537 3433 622 3466 solus
640 3440 773 3474 πάντων,
799 3432 891 3464 mato.

1374 381 1492 431 πολλῷ
1512 382 1641 431 μᾶλλον
1659 383 1720 420 οὐκ
1735 382 1773 421 ἂν
1794 383 1983 431 ἐπηξίιι)σεν
2001 385 2047 427 εἷς
2065 383 2176 435 γάμον
2198 385 2304 421 ἐλθεῖν
2322 383 2394 421 δού-

1373 442 1443 477 λων
1455 455 1462 463 ·
1483 444 1500 478 ὁ
1514 441 1679 486 τελώναις
1693 443 1752 481 καὶ
1769 444 1989 497 ἁμαρτωλοῖς
2004 443 2263 492 συναναπεσὼν,
2276 445 2395 496 πολλῷ

1376 503 1506 552 μᾶλλον
1523 505 1584 541 οὐκ
1606 504 1645 542 ἂν
1668 505 1898 557 παρῃτήσατο
1918 513 1987 550 τοῖς
2008 509 2041 545 ἐν
2065 508 2113 558 τῷ
2128 505 2232 557 γάμῳ
2247 509 2395 558 παροῦσι

1376 565 1719 616 συγκατακλίνεσθαι.
1746 568 1799 604 Οὐ
1821 567 1888 618 μὴν
1917 571 1948 606 οἱ
1975 568 2183 610 καλέσαντες
2202 565 2263 613 τὴν
2286 582 2395 618 προσ-

1356 668 1358 671 ,
1375 624 1525 671 ήκουσαν
1543 626 1623 679 περὶ
1641 629 1742 666 αὐτοῦ
1764 627 1875 681 κρίσιν
1897 622 2002 680 εἶχον,
2022 629 2090 666 οὐδ’
2117 630 2164 671 ὡς
2191 627 2298 679 μέγαν
2318 625 2395 664 τινὰ

1378 685 1532 734 ἐκάλουν,
1554 689 1629 725 ἀλλ’
1650 689 1768 732 ἁπλῶς
1783 691 1829 731 ὡς
1847 691 1916 727 τῶν
1931 691 2068 727 πολλῶν
2088 688 2149 727 ἕνα
2171 689 2230 726 καὶ
2249 689 2295 731 ὡς
2310 685 2398 738 γνώ-

1380 761 1491 798 ριμον.
1513 747 1583 786 Καὶ
1605 753 1704 787 τοῦτο
1718 748 1859 801 ᾐνίξατο
1879 752 1896 787 ὃ
1917 749 2161 801 εὐαγγελιστὴς
2183 747 2287 787 εἰπών
2300 763 2308 771 ·
2327 740 2396 786 *HV

1378 806 1413 845 δὲ
1435 811 1457 854 ἡ
1480 808 1595 861 μήτηρ
1620 814 1679 848 τοῦ
1701 810 1816 858 Ἰησοῦ
1847 813 1938 859 ἐκεῖ,
1969 810 2028 849 καὶ
2054 814 2086 849 οἱ
2118 809 2257 862 ἀδελφοὶ
2284 811 2397 847 αὐτοῦ.

1375 866 1515 921 εὨσπερ
1533 864 1589 908 οῦν
1610 871 1742 919 ἐκείνην
1757 872 1816 910 καὶ
1834 871 1911 916 τοὺς
1930 871 2095 925 ἀδελφοὺς
2116 871 2296 918 ἐκάλεσαν,
2316 869 2399 908 ἐκά-

1375 931 1478 968 λεσαν
1499 931 1558 968 καὶ
1577 932 1633 970 τὸν
1648 932 1794 979 Ἰησοῦν.
1818 934 1886 972 Καὶ
1905 933 2156 987 ὑστερήσαντος
2175 932 2284 978 οἴνου,
2305 930 2400 982 λέγει

1331 992 1357 1022 D
1377 994 1398 1036 ἡ
1423 991 1540 1044 μήτηρ
1557 994 1676 1031 αὐτοῦ·
1699 993 1787 1032 οἴνον
1807 995 1868 1032 οὐκ
1884 994 2030 1047 ἔχουσιν.
2048 993 2158 1038 Α’ξιον
2177 996 2321 1032 ενταῦθα
2342 993 2399 1036 ζη-

1378 1054 1500 1125 τῆσριι,
1524 1052 1626 1091 πόθεν
1647 1056 1774 1100 ε’πηλθε
1799 1071 1841 1104 τη
1864 1055 1969 1108 μητρὶ
1996 1055 2086 1107 μέγα
2106 1071 2140 1092 τι
2163 1055 2399 1107 φαντασθηναι

1379 1127 1459 1164 περι
1477 1117 1536 1150 τοῦ
1552 1113 1684 1156 παιδός.
1700 1114 1789 1153 Οὐδε
1816 1115 1883 1168 γὰρ
1909 1122 2049 1167 σημεῖον
2066 1120 2107 1162 ἠν
2128 1132 2160 1154 τι
2188 1113 2399 1162 πεποιηκώς.

1379 1171 1520 1227 Ταύτην
1549 1173 1632 1226 γὰρ,
1661 1175 1776 1226 φησιν,
1809 1175 1922 1227 ἀρχὴν
1952 1175 2093 1223 ἐποίησε
2112 1192 2181 1215 των
2209 1175 2361 1227 σημείων
2384 1180 2400 1213 ὃ

1379 1231 1513 1279 Ἰησοῦς
1528 1235 1562 1271 ἐν
1583 1236 1683 1287 Koma
1701 1239 1762 1282 τῆς
1784 1235 1986 1280 Γαλιλαίας.

1433 1294 1478 1331 Εἰ
1499 1293 1534 1332 δὲ
1562 1294 1656 1348 λέγοι
1672 1297 1820 1348 τις,’μὴ
1840 1290 1929 1335 εἶναι
1958 1301 2058 1336 τοῦτο
2077 1297 2263 1351 τεκμήριον
2285 1298 2400 1337 ἱκανὸν

1380 1359 1439 1395 τοῦ
1457 1355 1585 1405 ταύτην
1613 1356 1724 1410 ἀρχὴν
1744 1351 1831 1407 εἶναι
1857 1360 1924 1396 τῶν
1944 1357 2111 1409 σημείων,
2141 1358 2196 1396 διὰ
2226 1359 2265 1397 τὸ
2282 1360 2402 1402 ἁπλῶς

1379 1421 1624 1471 προσκεῖσθαι,
1645 1420 1705 1457 Ἐν
1728 1421 1829 1472 Κανᾷ
1847 1422 1908 1466 τ’ῆς
1930 1418 2139 1468 Γαλιλαίας,
2159 1422 2206 1464 ὡς
2227 1422 2400 1473 ἐγχωροῦν

2155 1480 2318 1526 ι’πάντως
2341 1481 2400 1520 καὶ

1381 1481 1516 1532 πρῶτον
1546 1482 1616 1518 ἐκεῖ
1649 1485 1871 1534 γεγενῆσθαι,
1904 1481 1951 1533 μὴ
1983 1480 2043 1532 μέν
2073 1497 2125 1520 τοι

1379 1543 1515 1592 πρῶτον
1535 1542 1645 1590 (εἰκὸς
1660 1542 1727 1596 γὰρ
1744 1542 1843 1581 αὐτὸν
1859 1544 2013 1594 ἀλλαχοῦ
2026 1542 2253 1589 πεποιηκέναι
2273 1542 2400 1594 ἕτερα)-

1380 1602 1490 1640 ἒκεῖνο
1505 1604 1589 1680 πρὸς
1611 1603 1710 1642 αὐτὸν
1731 1606 1885 1657 ἐροῦμεν,
1908 1603 1925 1642 ὃ
1950 1604 2009 1642 καὶ
2028 1603 2219 1657 ἔμπροσθεν
2248 1603 2400 1654 εἴπομεν.

1380 1664 1526 1702 Ποῖον
1508 1664 1548 1711 οὴ
1569 1669 1691 1713 τοῦτο;
1711 1664 1849 1718 ‘'On-ep'
1843 1665 2007 1712 [ωαννης
2024 1664 2125 1717 φησίν
2139 1679 2146 1687 ·
2167 1663 2262 1715 Ἐγὼ
2286 1663 2321 1702 δὲ
2341 1665 2401 1701 οὐκ

1382 1723 1475 1774 ῃδειν
1491 1725 1608 1763 αυτόν’
1627 1728 1725 1765 ἀλλ’
1719 1725 1772 1764 ι’να
1785 1728 1966 1779 φανερωθῇ
1981 1728 2030 1777 τῷ
2044 1724 2209 1777 Ἰσραὴλ,
2228 1724 2284 1763 διὰ
2301 1728 2402 1763 τοῦτο

1337 1778 1485 1831 Εήλθον
1521 1786 1708 1837 βαπτίζων.
1739 1789 1784 1826 Εἰ
1811 1787 1846 1825 δὲ
1878 1787 1969 1825 κατὰ
1996 1786 2058 1834 τὴν
2086 1786 2227 1840 πρώτην
2262 1786 2400 1834 ἠλικίαν

1386 1847 1674 1901 ἕθαυματούργει,
1699 1851 1760 1887 οὐκ
1780 1848 1819 1886 ἂν
1848 1849 2035 1896 ἐδεήθησαν
2053 1848 2271 1901 Ἰσραηλῖται
2294 1848 2409 1901 ἑτέρου

1385 1913 1445 1947 τοῦ
1471 1908 1726 1962 φανερώσοντος
1751 1909 1863 1948 αὐτόν.
1892 1909 1936 1948 Ὁ
1961 1909 2028 1962 γὰρ
2057 1911 2104 1952 εἷς
2135 1909 2261 1962 ἄνδρας
2289 1909 2408 1957 ἐλθὼν,

1387 1970 1447 2008 καὶ
1474 1969 1582 2015 οὕτως
1615 1971 1684 2009 ἀπὸ
1711 1974 1778 2009 τῶν
1813 1971 2000 2022 θαυμάτων
2031 1973 2068 2009 οὐ
2092 1976 2162 2013 τοῖς
2190 1973 2223 2008 ἐν
2256 1970 2409 2024 Ἰουδαία

1386 2032 1585 2085 γνωρισθεὶς
1602 2032 1715 2083 μόνον,
1737 2031 1827 2071 ἀλλὰ
1855 2031 1915 2070 καὶ
1938 2037 2008 2074 τοῖς
2029 2035 2062 2070 ἐν
2079 2031 2190 2085 Συρίᾳ
2211 2031 2269 2069 καὶ
2288 2047 2410 2084 περαι-

1388 2093 1477 2146 τέρω
1489 2124 1498 2142 ,
1519 2093 1578 2131 καὶ
1591 2099 1701 2132 ταῦτα
1717 2095 1750 2131 ἐν
1766 2093 1876 2147 τρισὶν
1905 2093 1995 2131 ἔτεσι
2021 2092 2122 2143 μόνον
2138 2096 2248 2130 ταῦτα
2266 2108 2411 2139 πεποιη-

1388 2154 1476 2203 κὼς,
1501 2157 1631 2206 μᾶλλον
1652 2154 1686 2193 δὲ
1703 2154 1779 2193 οὐδὲ
1798 2157 1866 2192 τῶν
1882 2157 1985 2207 τριῶν
2005 2152 2135 2192 τούτων
2158 2153 2287 2200 δεηθεὶς
2307 2156 2354 2196 εἷς
2371 2153 2410 2191 τὸ

1332 2235 1379 2259 122
1391 2215 1497 2260 δεῖξαι
1513 2215 1631 2254 ἑαυτόν
1645 2231 1652 2238 ·
1671 2215 1792 2258 εὐθέως
1808 2214 1875 2268 γὰρ
1894 2215 1954 2253 καὶ
1980 2218 2018 2253 ἐκ
2039 2217 2100 2260 τῆς
2119 2213 2260 2266 πρώτης
2275 2229 2408 2252 παντα-

1343 2271 1369 2301 A
1389 2281 1453 2331 χοῦ
1470 2281 1492 2324 ἡ
1508 2276 1594 2324 ἀκοὴ
1613 2279 1714 2315 αὐτοῦ
1734 2277 1886 2322 ἀπῆλθεν
1900 2291 1907 2299 ·
1935 2279 1952 2313 ὃ
1967 2275 2079 2313 τοίνυν
2102 2276 2135 2312 ἐν
2157 2277 2281 2327 βραχεῖ
2298 2277 2410 2327 καιρῷ

1388 2338 1477 2378 οὕτω
1497 2338 1552 2376 διὰ
1568 2343 1627 2376 τοῦ
1643 2337 1793 2384 πλήθους
1806 2340 1873 2375 τῶν
1892 2336 2078 2386 θαυμάτων
2098 2336 2281 2387 ἐκλάμψας
2293 2366 2302 2383 ,
2321 2336 2411 2375 ὥστε

1391 2402 1493 2438 αὐτοῦ
1529 2400 1568 2438 τὸ
1597 2399 1706 2449 ὄνομα
1738 2398 1932 2444 κατάδηλον
1965 2396 2124 2449 γενέσθαι
2152 2403 2258 2435 πᾶσι·
2291 2399 2410 2450 πολλῷ

1391 2462 1520 2512 μᾶλλον
1540 2462 1569 2498 εἷ
1584 2466 1666 2503 παῖς
1685 2476 1732 2497 ων
1753 2461 1792 2497 ἐκ
1810 2457 1950 2511 πρώτης
1964 2457 2103 2505 ἡλικιας
2125 2458 2409 2511 ἐθαυαατούργει,

1390 2521 1446 2561 ἐπὶ
1467 2526 1624 2560 τοσοῦτον
1643 2520 1764 2574 χρόνον
1786 2535 1846 2557 ουκ
1862 2518 1984 2570 ἐμελλε
2001 2519 2179 2565 λήσεσθαι.
2204 2519 2261 2557 Ἰα
2281 2535 2318 2557 τε
2343 2519 2410 2596 γὰρ

1388 2582 1552 2634 γινόμενα
1580 2580 1839 2635 παραδοξότερα
1875 2595 1913 2617 αν
1942 2579 2050 2624 ἔδοξεν
2083 2584 2190 2628 εἰναι,
2222 2581 2282 2618 ἅτε
2314 2579 2411 2633 παρὰ

1390 2643 1569 2697 μειρακίου
1593 2643 1776 2694 γινόμενα,
1808 2642 1827 2680 ὅ
1843 2658 1880 2679 τε
1896 2641 2017 2694 χρόνος
2048 2611 2239 2679 διπλασίων
2260 2640 2319 2679 καὶ
2338 2658 2411 2695 τρι-

1388 2704 1546 2744 πλασίων
1573 2704 1632 2743 καὶ
1655 2705 1773 2742 πολλω
1799 2702 1925 2741 πλείων
1953 2705 1994 2748 ἠν
2016 2702 2068 2740 ἄν.
2100 2700 2203 2739 Ἀλλὰ
2222 2701 2288 2753 γὰρ
2317 2701 2410 2741 οὐδὲν

1389 2766 1529 2814 ἐποίησε
1543 2771 1625 2809 παῖς
1640 2780 1708 2802 ων·
1734 2743 1808 2802 ἀλλ’
1838 2763 1872 2800 ἓν
1898 2766 1999 2801 τοῦτο
2017 2762 2118 2813 μόνον
2139 2761 2374 2814 ἐμαρτύρησεν
2394 2766 2411 2800 ὃ

1390 2829 1541 2874 Λουκᾶς,
1562 2825 1615 2864 ὅτι
1645 2823 1822 2868 ἐκαθέζετο
1843 2823 2057 2869 δωδεκαέτης
2083 2821 2129 2859 ὢν
2148 2825 2215 2860 τῶν
2249 2822 2411 2861 διδασκά-

1388 2891 1456 2926 λων
1479 2885 1716 2939 ἀκροώμενος,
1739 2884 1798 2922 καὶ
1825 2883 1881 2921 διὰ
1896 2887 1957 2930 τῆς
1977 2883 2176 2934 ἐρωτήσεως
2198 2883 2307 2922 ἐδόκει
2329 2887 2410 2921 θαυ-

1390 2949 1520 3001 μαστὸς
1537 2942 1642 2986 εἶναι·
1660 2961 1719 2983 και
1741 2945 1854 2987 ἄλλως
1885 2943 1921 2981 δὲ
1959 2943 2098 2987 εἰκότως
2114 2959 2173 2981 και
2188 2944 2278 2982 κατα
2309 2944 2408 2994 λόγον

1389 3013 1451 3050 οὒκ
1468 3009 1595 3060 ἤρξατο
1614 3023 1681 3045 των
1710 3005 1862 3055 σημείων
1895 3007 1932 3042 ἐκ
1959 3004 2100 3057 πρώτης
2119 3005 2257 3050 ἡλικίας
2277 3005 2409 3048 εὐθέως.

1389 3070 1614 3121 Ενόυ.ισανὃ
1623 3067 1691 3120 γὰρ
1723 3081 1761 3102 αν
1787 3064 1978 3116 φαντασίαν
2000 3069 2086 3103 εἶναι
2118 3066 2157 3103 τὸ
2183 3071 2342 3117 πρᾶγμα.
2364 3066 2408 3103 Εἰ

1388 3131 1455 3184 γὰρ
1482 3133 1515 3168 ἐν
1540 3127 1660 3179 ἡλικίᾳ
1675 3125 1857 3179 γενομένου
1886 3125 2007 3164 πολλοι
2039 3130 2138 3164 τοῦτο
2167 3129 2410 3171 υπωπτευσαν,

1388 3193 1506 3243 πολλῶ
1525 3191 1667 3242 μᾶλλον,
1690 3186 1746 3225 εαν
1765 3184 1942 3238 μειράκιον
1965 3183 2011 3221 ὢν
2027 3185 2153 3235 κομιδῃ
2171 3182 2408 3235 ἐθαυματουρ-

1389 3269 1459 3306 γει,
1489 3251 1548 3290 καὶ
1577 3253 1698 3287 θᾶττον
1720 3245 1755 3284 δὲ
1775 3245 1835 3283 καὶ
1863 3244 1930 3297 πρὸ
1951 3249 2010 3283 τοῦ
2037 3244 2270 3297 προσήκοντος
2289 3247 2408 3295 καιροῦ

1390 3313 1446 3353 ἐπὶ
1465 3313 1521 3351 τὸν
1543 3310 1686 3361 σταυρὸν
1702 3307 1869 3360 ὥρμησαν
1891 3321 1944 3352 αν,
1964 3322 2005 3355 τῃ
2025 3304 2197 3357 βασκανία
2212 3304 2407 3355 τηκόμενοι

1440 3439 1452 3453 ²
1468 3424 1582 3460 Norat,
1599 3429 1656 3469 γὰρ
1674 3425 1842 3467 φαντασίαν.
