2522 3683
119 405 231 434 fllium.
256 412 300 434 11.

123 456 167 474 ΙΙ.

117 831 300 868 Ι,1ιι’.1.4(1.

108 1457 200 1523 {sid-
225 1455 275 1495 84.

111 1555 223 1584 Manli.
250 1556 294 1585 13.

116 1604 162 1636 17.

110 1829 201 1856 Joan.
212 1835 294 1866 1.27·

111 1923 198 1950 Joan.
214 1929 225 1950 1
235 1930 295 1961 29.

121 2500 218 2526 [Πανί.
236 2498 267 2526 6.

122 2538 168 2567 18.

121 2721 219 2747 Mare.
239 2728 262 2747 t.
275 2719 305 2748 6.

123 3133 146 3151 Ι.
166 3124 232 3152 Cor.
252 3126 281 3154 6.

123 3173 165 3195 ¹2,

121 3396 192 3423 Ceti.
207 3403 233 3422 ζ).4
250 3394 298 3433 24.

317 198 410 261 986

317 294 376 333 sed
401 294 513 332 multo
543 295 655 346 magis
668 295 895 346 voluptatum
919 309 1052 334 servus.
1087 296 1190 335 Forte
1209 297 1295 335 tales

316 346 464 396 subditi,
492 347 612 396 quales
640 346 833 399 principes.
859 348 917 385 Ob
935 350 1004 387 tale
1025 350 1296 387 contubernium

316 401 466 438 Joannes
492 399 552 436 ille
580 412 731 450 magnus
758 400 838 452 plus
860 415 966 451 quam
991 403 1163 454 propheta
1186 402 1297 440 libere

315 451 499 489 lasciviam
528 451 628 488 illam
653 451 902 503 redarguebat,
925 463 958 491 et
977 467 1057 492 vere
1082 455 1163 507 plus
1188 469 1299 505 quam

315 504 485 555 propheta
506 504 656 542 fecisset.
677 505 810 542 Omnes
832 506 926 542 enim
954 507 1134 558 prophetae
1152 521 1234 545 cum
1252 507 1299 544 ad

316 565 490 593 maturam
524 556 766 608 pervenissent
800 566 952 608 aetatem,
985 567 1070 597 tune
1102 560 1298 612 prophetiae

315 609 427 658 gratia
457 608 596 660 dignati
627 618 730 659 sunt,
757 610 904 660 quidam
935 610 1042 649 etiam
1069 613 1182 650 multo
1217 613 1300 650 hine

315 660 463 698 decurso
484 670 650 713 tempore.
676 663 826 701 Joannes
845 678 929 701 vcro
950 664 1060 714 solus,
1083 679 1145 703 sex
1166 679 1300 703 menses

314 713 348 750 in
367 723 464 751 utero
479 728 653 764 emensus,
671 729 753 752 cum
768 715 961 753 secundum
976 726 1108 755 naturae
1121 718 1215 768 leges
1230 718 1299 755 ale-

313 774 424 814 retur,
448 768 522 804 Deo
542 767 578 804 in
598 776 697 805 utero
715 767 872 818 degenti,
895 768 1070 807 salutante
1086 780 1214 820 matre,
1234 785 1298 808 ex-

314 819 475 868 sultavit,
495 819 664 857 membris
687 819 924 872 imperfectus,
946 821 1017 859 fide
1042 823 1227 874 perfectus.
1251 824 1300 860 Ae

312 871 401 907 forte
428 871 528 908 laetus
553 873 747 911 exsultavit
771 873 909 923 infans3
928 883 982 923 ut,
1008 874 1038 912 si
1062 875 1140 912 fieri
1171 884 1298 926 posset,

313 922 503 961 definitum
521 933 660 976 tempus
678 935 916 977 praeverteret.
935 926 1044 965 Videt
1059 937 1208 965 matrem
1228 929 1299 964 Do-

313 975 402 1012 mini
429 986 654 1027 praesentem3
682 987 839 1015 arctatur
868 978 1025 1015 claustro
1058 980 1166 1024 uteri,
1198 979 1300 1016 laetus

312 1028 484 1073 exsultat;
496 1038 529 1066 et
542 1029 625 1079 quia
637 1029 737 1079 loqui
750 1030 910 1067 nondum
922 1039 1050 1081 potest,
1063 1045 1126 1069 nee
1139 1031 1300 1083 linguam

313 1080 420 1117 habet
436 1081 482 1118 ad
498 1081 689 1118 dicendum
706 1082 925 1133 expeditam,
946 1095 1057 1133 neque
1076 1098 1114 1121 os
1132 1084 1208 1135 ejus
1223 1083 1300 1121 ani-

314 1132 361 1169 mi
379 1132 552 1170 desiderio
568 1133 700 1172 servire
715 1143 842 1185 potest,
863 1134 986 1172 matris
1001 1135 1122 1186 lingua
1138 1150 1221 1173 usus
1237 1150 1299 1175 va-

313 1184 481 1222 ticinatur
500 1195 534 1222 et
554 1185 590 1222 in
613 1186 793 1224 Elisabeta
818 1186 993 1237 loquitur,
1017 1189 1238 1238 Joannesque
1254 1189 1300 1226 ab

313 1246 413 1274 utero
430 1237 539 1275 verba
567 1237 690 1276 dietat.
713 1241 841 1277 Annon
868 1253 950 1290 ergo
975 1240 1056 1292 jure
1084 1241 1165 1293 plus
1192 1255 1299 1291 quam

312 1290 483 1341 propheta
499 1290 658 1328 dieitur?
680 1291 758 1329 Alia
777 1306 918 1342 quoque
944 1293 1079 1331 ratione
1098 1294 1177 1345 plus
1192 1308 1300 1344 quam

311 1342 484 1393 propheta
503 1352 564 1380 est.
592 1344 777 1395 Prophetae
800 1345 920 1382 futura
946 1346 1248 1396 praenuntiabant,
1266 1355 1300 1384 et

311 1408 350 1430 ea
364 1394 487 1433 videre
500 1396 703 1448 cupiebant,
720 1411 796 1447 quae
809 1396 929 1434 animo
942 1397 1196 1449 praevidebant.
1214 1399 1300 1436 Ideo

312 1446 512 1485 clamabant
533 1464 539 1484 :
566 1450 733 1486 Ostende
746 1451 869 1496 nobis,
886 1451 1067 1497 Domine,
1086 1454 1300 1489 misericor-

311 1499 418 1536 diam
438 1508 560 1547 cnam,
577 1509 613 1538 et
632 1503 806 1539 salutare
828 1511 934 1539 tuum
949 1504 1001 1540 da
1014 1506 1137 1541 nobis.
1160 1503 1300 1541 Idcirco

311 1551 355 1589 de
369 1550 441 1589 illis
455 1553 596 1590 dicebat
608 1554 782 1591 Dominus
801 1570 808 1591 :
826 1556 1300 1608 Multiprophetaeetjusti

311 1604 523 1643 voluerunt
550 1607 683 1644 videre
705 1620 790 1659 quae
809 1608 967 1653 videtis,
991 1617 1027 1646 et
1057 1610 1194 1646 audire
1214 1623 1299 1660 quse

311 1658 455 1695 auditis
461 1675 474 1702 ‚·
507 1667 543 1695 et
575 1673 653 1695 non
680 1660 879 1706 viderunt,
917 1674 1042 1712 neque.
1073 1662 1295 1699 audierunt.

312 1709 498 1761 Prophetae
529 1711 638 1761 igitur
656 1711 775 1749 sutura
796 1711 997 1763 praedieunt
1016 1728 1025 1749 .-
1043 1714 1194 1752 Joannes
1215 1727 1300 1751 vero

310 1775 390 1798 eum
408 1776 512 1812 quem
531 1763 770 1814 praedixerant
799 1764 964 1802 ostendit.
980 1765 1157 1803 Futurum
1175 1766 1301 1804 vatici·
1325 1765 1330 1768 i

311 1823 417 1851 natur
435 1828 481 1852 ex
499 1824 614 1862 utero,
638 1824 671 1852 et
687 1825 807 1867 postea
824 1815 914 1854 dicit
936 1833 944 1853 :
971 1819 1091 1869 Cujus
1112 1832 1190 1855 non
1216 1832 1301 1856 sum

312 1867 454 1918 dignus
477 1876 519 1905 ut
538 1868 689 1906 solvam
721 1871 933 1920 corrigiam
961 1871 1231 1915 calceamenti,
1263 1871 1300 1908 in

311 1918 429 1957 medio
459 1929 618 1958 vestrum
654 1929 732 1957 stat.
768 1921 958 1967 Quomodo
991 1923 1170 1960 ostendit?
1197 1923 1301 1961 Ecce

311 1986 434 2023 agnus
452 1973 538 2020 Dei,
556 1975 622 2024 qni
638 1973 740 2010 tollit
751 1983 953 2024 peccatum
970 1976 1118 2013 mnndi.
1135 1975 1204 2012 Hic
1217 1989 1300 2027 ergo

309 2024 498 2075 propheta,
517 2033 550 2061 et
564 2025 645 2076 plus
666 2039 775 2075 quam
797 2026 986 2077 propheta,
1008 2041 1077 2065 non
1095 2027 1177 2065 tulit
1196 2037 1301 2080 turpe

312 2076 598 2125 contubernium,
614 2077 675 2114 sed
688 2092 753 2129 pro
767 2078 926 2115 castitate
944 2079 1096 2116 fidenter
1111 2080 1198 2130 agit.
1216 2080 1301 2118 Haee

313 2129 462 2179 pulchra
487 2129 641 2166 narratio
657 2129 817 2180 singulos
839 2141 996 2180 moneat,
1013 2132 1077 2169 etsi
1092 2146 1161 2170 non
1180 2133 1300 2184 palam

313 2181 358 2217 sit
388 2181 625 2232 persequutio,
655 2182 818 2234 martyrii
850 2191 967 2221 tamen
996 2193 1136 2236 tempus
1161 2199 1300 2237 semper

314 2233 446 2270 adesse.
468 2235 565 2271 Num
592 2234 720 2272 ,Ioanni
733 2235 814 2284 quis
842 2250 941 2273 aram
960 2237 1014 2275 vel
1035 2237 1138 2274 thura
1164 2252 1299 2289 propo-

314 2285 408 2322 suit?
429 2300 514 2323 num
531 2286 705 2323 sacrificia
724 2296 757 2324 et
773 2287 972 2326 libamina?
990 2303 1076 2326 num
1092 2289 1187 2326 dixit
1203 2290 1297 2340 quis,

314 2338 412 2387 Nega
432 2339 549 2375 Deum
563 2339 579 2375 Ξ)
593 2353 679 2376 num
691 2339 799 2389 dixit,
817 2339 927 2378 Idolis
946 2341 1134 2379 sacrifica?
1150 2342 1220 2379 Sed
1235 2357 1300 2394 pro

316 2390 474 2427 castitate
510 2391 622 2428 libera
658 2405 744 2430 voce
765 2392 934 2442 loquens,
955 2394 1128 2431 castitatis
1162 2403 1301 2446 martyr

316 2442 509 2481 invenitur.
525 2443 702 2481 Utdiscas
717 2444 812 2481 enim
830 2455 1003 2494 quantum
1019 2446 1134 2485 valeat
1147 2447 1301 2498 prophe-

320 2494 388 2532 tica
406 2495 547 2532 dicendi
562 2496 721 2544 libertas,
736 2496 785 2534 ait
801 2497 846 2534 ad
859 2511 978 2548 regem
995 2514 1002 2534 :
1022 2500 1113 2536 Non
1127 2500 1216 2536 lieet
1232 2502 1302 2536 tibi
1324 2523 1344 2552 Β

318 2548 457 2584 habere
477 2561 635 2585 uxorem
640 2550 788 2600 fratris
805 2553 872 2586 tui.
887 2550 1001 2589 Vides
1017 2566 1124 2601 quam
1144 2552 1303 2590 naturale

318 2599 363 2635 sit
385 2599 509 2637 virtuti
529 2600 617 2638 vitio
636 2601 843 2652 imperare?
865 2602 1021 2640 Herodes
1044 2617 1107 2640 rex
1135 2613 1220 2653 erat,
1240 2618 1300 2642 sa-

317 2651 445 2688 tellites
474 2653 620 2694 habens,
639 2653 779 2691 divitiis
797 2654 959 2703 affluens,
980 2656 1075 2706 regia
1095 2657 1206 2693 fultus
1238 2671 1302 2708 po-

319 2712 460 2752 testat03
481 2706 634 2742 Juannes
656 2720 804 2758 pauper,
827 2706 901 2744 sine
928 2708 1012 2757 lare,
1034 2709 1108 2746 sine
1144 2709 1300 2758 civitate,

318 2755 431 2807 inops,
448 2757 605 2807 jejunus,
623 2767 760 2795 tantum
774 2759 973 2809 comedens,
990 2770 1163 2811 quantum
1177 2770 1302 2800 natura

319 2808 463 2857 cogebat
485 2824 492 2843 ε
517 2809 599 2860 pilis
618 2811 743 2847 cameli
767 2811 926 2857 indutus,
947 2821 979 2850 et
1016 2823 1213 2865 purpurato
1240 2813 1302 2851 dat

317 2859 448 2910 Ieg01u3
469 2861 529 2910 qui
560 2861 595 2898 in
623 2861 759 2900 deserto
778 2865 989 2915 vagabatur,
1008 2865 1038 2901 ei
1062 2866 1122 2915 qui
1144 2866 1300 2917 populo-

318 2912 364 2948 sis
386 2912 821 2963 urbibusdoniimibatur;
841 2917 1180 2966 quisummitatibus
1200 2920 1300 2970 plan-

318 2973 434 3001 tarum
449 2979 489 3002 ac
506 2965 608 3002 melle
626 2966 780 3004 silvestri
801 2970 1021 3016 vescebatur,
1036 2970 1066 3007 ei
1078 2985 1159 3008 eum
1179 2980 1301 3008 aueto-

320 3016 421 3054 ritate
440 3016 615 3069 proecipit‚
640 3019 695 3055 cui
712 3019 808 3056 lauta
827 3030 860 3058 et
880 3022 976 3071 regia
998 3036 1115 3059 mensa
1139 3023 1299 3075 apposita

319 3079 393 3106 erat
410 3085 417 3105 ε
440 3071 529 3106 Non
543 3071 628 3106 licet
647 3073 728 3107 cibi.
757 3073 863 3121 Atqui
885 3074 1072 3111 videbatur
1092 3076 1164 3125 regi
1181 3075 1299 3113 omnia

317 3120 433 3159 licere.
455 3121 526 3159 Sed
543 3124 685 3160 Omnia
707 3124 838 3169 licent,
858 3127 925 3162 sed
948 3141 1024 3163 non
1041 3131 1172 3165 omnia
1188 3142 1298 3179 etpe-

318 3174 442 3211 dimzt.
467 3176 557 3211 Cum
579 3188 662 3225 ergo
693 3175 871 3213 debuisset
889 3177 933 3214 de
955 3178 1010 3215 his
1030 3179 1159 3228 gratias
1181 3194 1297 3231 agere,

316 3226 372 3262 x-cl
392 3226 560 3264 castitatis
587 3227 767 3264 doctorem
787 3228 982 3277 honorare,
1004 3231 1048 3267 ad
1073 3231 1161 3268 irain
1183 3232 1299 3269 eonci-

316 3286 409 3314 tatus
440 3288 490 3315 cst
513 3279 680 3329 Herodes,
705 3281 819 3331 magis
842 3291 960 3318 autem
988 3282 1156 3319 Herodias
1188 3287 1298 3330 (nain

316 3330 455 3367 nomine
469 3332 606 3381 affines,
621 3333 781 3369 moribus
792 3333 900 3371 etiam
914 3334 1170 3385 conjunctiores
1183 3346 1296 3385 eraut,

314 3391 345 3418 et
383 3392 485 3420 erunt
506 3383 592 3428 duo,
615 3398 681 3421 non
704 3385 737 3421 in
759 3398 895 3423 carnem
918 3400 1035 3435 unani,
1057 3387 1115 3425 scd
1137 3387 1170 3425 in
1193 3401 1298 3425 unani

1310 1585 1356 1609 292

1267 217 1437 247 speum.

1372 299 1439 351 γὰρ
1465 298 1607 345 ζήτησιν
1640 299 1716 350 ἄγει
1744 302 1806 346 τ’ῆς
1838 301 2027 345 ἀκολασίας
2051 301 2091 340 τὸ
2109 301 2220 346 τέλος.
2259 302 2302 342 Ὁ
2328 304 2394 356 γὰρ

1372 350 1534 402 Ἡρώδης
1561 351 1813 404 παρωσάμενος
1838 352 1900 399 τὴν
1935 353 2020 405 πρὸς
2048 355 2106 393 τὸν
2129 355 2273 407 ἀδελφὸν
2304 357 2395 406 μνή-

1374 419 1465 453 μην,
1494 404 1554 442 καὶ
1585 408 1646 450 τῆς
1679 405 1878 459 ἀκολασίαςΝ
1892 404 1968 449 ὅλος
1989 408 2106 450 δοῦλος
2128 407 2331 458 γενόμενος,
2353 404 2394 456 ἦν

1375 455 1436 506 μὲν
1455 455 1632 494 Ἰουδαίων
1653 455 1835 507 βασιλεὺς,
1855 461 1897 504 ἠν
1918 457 1953 495 δὲ
1972 458 2075 497 πλέον
2096 460 2214 504 δοῦλος
2228 463 2296 498 τῶν
2315 462 2396 506 ἡδο-

1374 510 1452 545 νῶν.
1487 508 1594 560 Τάχα
1613 504 1678 547 οἶοι
1698 512 1729 547 οἱ
1750 509 2032 560 βασιλευόμενοι,
2052 517 2198 550 τοιοῦτοι
2217 512 2277 550 καὶ
2294 514 2324 551 οἱ
2342 514 2395 551 δε-

1374 560 1515 599 σπόται.
1554 563 1626 599 Τοῦ
1653 561 1765 599 τοίνυν
1789 562 1999 601 συνοικεσίου
2023 568 2080 601 τοῦ
2098 563 2255 616 Ἡρώδου
2277 581 2393 618 παρα-

1373 613 1564 664 γινομένου,
1584 613 1748 660 Ἰωάννης
1769 615 1830 665 μὲν
1851 618 1868 653 6
1889 614 2009 666 μέγας,
2025 619 2042 654 6
2055 616 2297 668 περισσότερον
2313 633 2398 669 προ-

1373 665 1482 717 φήτου
1499 696 1508 714 ,
1547 666 1636 717 μετὰ
1665 667 1862 719 παρρησίας
1886 667 1949 714 τὴν
1977 668 2165 707 ἀκολασίαν
2199 670 2394 721 διήλεγχεν·

1373 718 1478 761 ὄντως
1498 719 1564 771 γὰρ
1585 719 1644 757 καὶ
1665 719 1909 773 περισσότερον
1926 721 2116 772 προφήτου.
2132 722 2209 764 Πᾶς
2226 720 2294 773 γὰρ
2311 737 2398 773 προ-

1374 771 1497 822 φήτης,
1518 775 1552 810 ἐν
1573 771 1639 815 ἕξει
1657 775 1719 818 τῆς
1737 773 1875 818 ἡλικίας
1894 773 2095 824 γενόμενος,
2115 773 2192 811 τότε
2209 776 2272 819 τῆς
2289 773 2397 826 χάρι-

1374 838 1431 867 τος
1459 827 1521 870 τῆς
1551 827 1770 877 προφητικῆς
1801 824 1955 872 ἠξιώθη·
1987 825 2069 863 ἔνιοι
2100 826 2135 864 δὲ
2167 826 2228 864 καὶ
2258 828 2399 869 πολλοῖς

1376 874 1517 927 ὕστερον
1534 877 1681 929 χρόνοις·
1704 877 1867 925 Ἰωάννης
1885 878 1918 916 δὲ
1938 877 2039 928 μόνος
2055 877 2090 922 ἓξ
2107 878 2158 916 ἔτι
2173 881 2292 929 μηνῶν
2308 879 2397 930 ἔχων

1374 928 1436 974 τὴν
1458 928 1626 980 σύλληψιν
1642 932 1675 967 ἐν
1691 930 1827 982 γαστρὶ,
1842 930 1901 968 καὶ
1920 930 2011 968 κατὰ
2025 930 2103 974 τοὺς
2120 934 2180 977 τῆς
2196 930 2328 982 φύσεως
2339 931 2398 968 νό-

1376 996 1460 1029 μους
1480 982 1701 1032 τρεφόμενος,
1721 987 1781 1020 roo
1801 985 1835 1020 ἐν
1858 983 1983 1036 γαστρὶ
2001 984 2108 1028 Θεοῦ,
2130 983 2185 1020 διὰ
2202 987 2263 1020 τοῦ
2284 986 2400 1021 ἀσπα-

1376 1036 1464 1082 σμοῦ
1489 1037 1551 1079 τῆς
1572 1034 1701 1084 μητρὸς
1716 1063 1725 1079 ,
1752 1035 2026 1087 προεσκίρτησεν
2043 1063 2052 1081 ,
2084 1035 2210 1083 ἀτελὴς
2228 1036 2272 1073 τὰ
2292 1035 2397 1086 μέλη,

1375 1084 1437 1131 τὴν
1466 1084 1583 1123 πίστιν
1610 1086 1753 1129 τέλειος.
1787 1086 1857 1124 Καὶ
1878 1087 1971 1139 τάχα
1996 1094 2121 1140 σκιρτᾷ
2141 1089 2175 1124 ἐν
2194 1087 2400 1138 ἀγαλλιάσει

1375 1136 1414 1174 τὸ
1448 1137 1592 1190 βρέφος,
1620 1139 1864 1190 ἐπειγόμενον,
1892 1141 1920 1193 εἰ
1941 1139 2104 1186 δυνατὸν,
2126 1139 2315 1191 προλαὸεῖν
2336 1139 2399 1187 τὴν

1376 1190 1592 1240 προθεσμίαν
1608 1194 1670 1237 τῆς
1691 1191 1836 1243 φύσεως.
1867 1192 1950 1229 Et&
1973 1196 2033 1230 τοῦ
2051 1192 2230 1231 Δεσπότου
2250 1191 2312 1239 τὴν
2331 1207 2401 1242 μη-

1376 1242 1460 1294 τέρα
1488 1248 1692 1294 παροῦσαν·
1724 1249 1991 1297 στενοχωρεῖται
2019 1247 2061 1296 τῇ
2092 1245 2230 1296 φυλακῇ
2251 1246 2312 1290 τῆς
2330 1260 2400 1295 γα-

1376 1294 1488 1345 στρὸς,
1511 1297 1545 1333 ἐν
1567 1297 1773 1346 ἀγαλλιάσει
1800 1303 1947 1349 σκιρτᾷ·
1980 1297 2040 1335 καὶ
2072 1296 2192 1344 ἐπειδὴ
2220 1297 2337 1334 λαλεῖν
2362 1298 2399 1335 οὐ

1377 1346 1519 1385 δύναται
1539 1347 1700 1398 μηδέπω,
1723 1350 1810 1399 μηδὲ
1830 1349 1893 1396 τὴν
1909 1351 2070 1401 γλῶσσαν
2084 1348 2173 1401 ἔχων
2190 1348 2399 1401 φθέγξασθαι

1376 1400 1569 1450 δυναμένην
1585 1430 1595 1448 ,
1618 1400 1706 1452 μηδὲ
1735 1401 1773 1439 τὸ
1802 1401 1916 1452 στόμα
1937 1408 2012 1445 ταῖς
2031 1401 2239 1453 προθυμίαις
2263 1403 2399 1452 ὑπηρε-

1374 1451 1551 1502 τούμενον,
1564 1453 1660 1505 παρὰ
1675 1457 1737 1499 τῆς
1753 1454 1882 1506 μητρὸς
1898 1456 2059 1505 γλῶσσαν
2075 1453 2296 1506 χρησάμενος
2314 1468 2401 1506 προ-

1376 1504 1538 1556 φητεύει,
1571 1507 1630 1544 καὶ
1664 1506 1847 1558 φθέγγεται
1874 1508 1936 1556 μὲν
1956 1507 2159 1550 Ἐλιζάὸετ·
2181 1504 2345 1552 Ἰωάννης
2365 1505 2399 1544 δὲ

1376 1558 1445 1594 ἀπὸ
1464 1561 1526 1604 τῆς
1544 1559 1691 1609 γαστρὸς
1707 1557 1915 1611 ὑπαγορεύει
1931 1558 1974 1596 τὰ
1996 1558 2149 1610 ῥήματα.
2187 1560 2240 1596 Οὐ
2258 1558 2400 1601 δικαίως

1376 1603 1433 1646 οὖν
1453 1610 1512 1647 καὶ
1533 1610 1778 1663 περισσότερον
1796 1610 1997 1664 προφήτου;
2016 1610 2121 1648 ’'Eo-tt
2141 1611 2201 1647 καὶ
2222 1610 2326 1652 ἄλλος
2337 1609 2400 1648 λό-

1375 1678 1433 1713 γος
1459 1666 1535 1700 καθ’
1566 1663 1602 1700 ὃν
1631 1662 1690 1700 καὶ
1710 1663 1954 1714 περισσότερον
1974 1662 2166 1714 προφήτου.
2199 1664 2245 1700 Οἱ
2264 1665 2400 1713 προφῆ-

1375 1729 1433 1752 ται
1459 1713 1498 1752 τὸ
1526 1715 1652 1765 μέλλον
1682 1714 1937 1767 προηγόρευον,
1967 1715 2026 1752 καὶ
2051 1714 2243 1765 ἐπεθύμουν
2269 1716 2352 1752 ἰδεῖν
2382 1712 2399 1751 δ

1374 1766 1588 1817 προέὸλεπον
1615 1770 1656 1818 τῇ
1688 1768 1798 1819 ψυχῇ.
1827 1767 1896 1805 Διὰ
1921 1772 2021 1806 τοῦτο
2041 1768 2251 1820 κεκράγασι·
2279 1766 2398 1810 Δεῖξον

1374 1821 1475 1869 ἡμῖν,
1497 1818 1549 1857 Κύ
1577 1835 1616 1866 ιε,
1636 1819 1675 1857 τὸ
1692 1819 1785 1862 ἔλεός
1802 1834 1873 1866 σου,
1895 1820 1955 1857 καὶ
1974 1820 2013 1858 τὸ
2033 1819 2205 1874 σωτήριόν
2227 1835 2287 1858 σου
2308 1819 2401 1871 δῴης

1373 1874 1470 1921 ἡμῖν.
1503 1874 1572 1910 Δια
1595 1875 1697 1910 τοῦτο
1727 1872 1808 1925 περὶ
1829 1874 1940 1910 αὐτῶν
1963 1875 1980 1910 6
1999 1872 2124 1923 Κύριος
2139 1869 2234 1910 εἰπε·
2267 1870 2400 1910 Πολλοὶ

1373 1927 1550 1976 προφῆται
1577 1924 1636 1962 καὶ
1668 1923 1794 1962 δίκαιοι
1824 1924 2047 1979 ἐπεθύμησαων
2079 1926 2160 1963 ἰδεῖν
2192 1925 2214 1961 ἃ
2240 1925 2398 1975 βλέπετε,

1373 1976 1432 2014 καὶ
1451 1980 1596 2015 ἀκοῦσαι
1619 1976 1640 2014 ἃ
1661 1977 1822 2014 ἀκούετε·
1845 1977 1903 2014 καὶ
1925 1979 1986 2014 οὐκ
2006 1978 2095 2014 εἰδον
2111 2007 2120 2024 ,
2141 1976 2218 2016 οὐδὲ
2232 1977 2397 2023 ἤκουσαν.

1373 2030 1419 2066 Οἱ
1444 2029 1506 2079 μὲν
1523 2023 1580 2067 οὖν
1601 2032 1777 2081 προφῆται
1797 2029 1835 2066 τὸ
1855 2029 1981 2079 μέλλον
1997 2029 2304 2082 προαγορεύουσιν·
2324 2029 2399 2066 Ἰω-

1373 2080 1474 2128 άννης
1499 2081 1613 2120 δὲκαὶ
1638 2082 1695 2120 τὸν
1716 2081 2016 2134 προφητευόμενον
2040 2082 2202 2120 δείκνυσι.
2236 2083 2398 2134 Προαγο·

1373 2133 1462 2184 ρεύει
1480 2134 1519 2172 τὸ
1542 2134 1665 2184 μέλλον
1683 2136 1721 2172 ἐκ.
1735 2139 1796 2181 τῆς
1813 2134 1978 2185 γαστρὸς,
2012 2134 2071 2171 καὶ
2096 2133 2184 2184 μετὰ
2203 2134 2312 2172 ταῦτά
2327 2150 2399 2185 φη-

1372 2201 1424 2223 σιν
1441 2201 1448 2209 ·
1479 2181 1532 2224 Οῧ
1562 2188 1624 2224 οὐκ
1649 2187 1721 2237 εἰμὶ
1751 2187 1842 2231 ἄξιος
1864 2186 1921 2223 ἵνα
1947 2186 2042 2224 λύσω
2064 2189 2167 2224 αὐτοῦ
2188 2187 2246 2224 τὸν
2266 2186 2397 2237 ἱμάντα

1370 2242 1429 2276 τοῦ
1450 2238 1686 2290 ὑποδήματος,
1704 2238 1807 2290 μέσος
1822 2241 1919 2290 ὑμῶν
1940 2238 2077 2286 ἕστηκε.
2108 2241 2191 2283 Πῶς
2208 2239 2399 2284 δείκνυσιν;

1372 2289 1441 2328 Ἴδε
1455 2293 1472 2328 6
1492 2292 1594 2342 ἀμνὸς
1615 2296 1674 2329 τοῦ
1694 2294 1797 2339 Θεοῦ,
1818 2294 1835 2329 6
1856 2291 1962 2344 αἴρων
1983 2291 2046 2338 τὴν
2066 2291 2240 2343 ἁμαρτίαν
2259 2296 2319 2330 τοῦ
2338 2290 2399 2329 κό-

1373 2358 1476 2394 σμου.
1523 2339 1636 2387 Οὗτος
1659 2338 1716 2381 οὖν
1744 2343 1944 2396 προφήτης,
1966 2343 2025 2381 καὶ
2050 2344 2296 2396 περισσότερον
2315 2357 2401 2395 προ-

1373 2401 1500 2453 φήτου,
1516 2404 1577 2439 οὐκ
1596 2401 1720 2452 ἤνεγκε
1738 2401 1777 2439 τὸ
1798 2403 1946 2452 ἄσεμνον
1966 2402 2196 2449 συνοικέσιον,
2217 2402 2294 2440 ἀλλ’
2313 2401 2399 2453 ὑπὲρ

1375 2459 1597 2512 σωφροσύνης
1616 2460 1907 2512 παρρησιάζεται.
1943 2461 2060 2517 Καλὸν
2081 2461 2119 2499 τὸ
2137 2460 2295 2512 διήγημα
2314 2459 2401 2498 ἕκα-

1375 2533 1455 2555 στον
1483 2518 1702 2566 νουθετείτω,
1732 2519 1784 2556 ὅτι
1815 2518 1879 2556 κᾶν
1907 2518 1955 2569 μὴ
1973 2512 2039 2556 ὦσι
2055 2518 2225 2570 πρόδηλοι
2242 2517 2401 2570 διωγμοὶ,

1376 2577 1565 2629 μαρτυρίου
1588 2578 1705 2630 καιρὸς
1724 2578 1888 2615 πάντοτε.
1921 2576 1981 2623 Μὴ
1998 2576 2066 2629 γὰρ
2083 2577 2229 2628 Ἰωάννῃ
2250 2576 2401 2629 προύθη-

1374 2635 1414 2673 κέ
1430 2651 1482 2678 τις
1503 2636 1621 2686 βωμὸν
1642 2635 1701 2673 καὶ
1717 2635 1881 2683 λίὸανον;
1899 2635 1947 2685 μὴ
1963 2635 2031 2686 γὰρ
2054 2634 2192 2686 θύματα
2211 2635 2271 2673 καὶ
2292 2649 2400 2694 σπον-

1375 2692 1451 2741 δάς;
1473 2693 1521 2743 μὴ
1539 2693 1607 2745 γὰρ
1630 2687 1721 2731 εἶπεν
1737 2724 1746 2741 ,
1776 2693 1923 2745 ἄρνησαι
1939 2694 1997 2732 τὸν
2017 2693 2106 2732 Θεόν
2121 2708 2128 2733 ;
2163 2692 2211 2744 μὴ
2227 2693 2294 2744 γὰρ
2312 2696 2400 2738 εἰπε,

1375 2753 1475 2799 θῦσον
1494 2757 1566 2793 τοῖς
1594 2751 1748 2794 εἰδώλοις
1758 2766 1768 2799 3
1798 2750 1890 2789 Ἀλλ’
1909 2751 1995 2804 ὑπὲρ
2016 2750 2239 2803 σωφροσύνης
2259 2752 2399 2787 ἐλευθε-

1377 2809 1437 2861 ρίῳ
1454 2810 1775 2861 παρρησιαζόμενος
1795 2809 1966 2859 στόματι,
1985 2810 2118 2862 μάρτυς
2137 2812 2200 2855 τῆς
2216 2807 2398 2860 σωφροσύ-

1374 2883 1433 2913 νης
1454 2867 1660 2918 εὑρίσκεται.
1691 2866 1769 2905 Ἵνα
1786 2867 1852 2920 γὰρ
1869 2870 1957 2920 γνῷς
1972 2868 2079 2906 πόσον
2096 2866 2239 2905 δύναται
2262 2868 2401 2918 παρρη-

1375 2923 1432 2962 σία
1452 2924 1670 2976 προφητικὴ,
1692 2924 1776 2977 φησὶ
1796 2925 1882 2976 πρὸς
1907 2925 1965 2963 τὸν
1993 2923 2140 2976 βασιλέα
2153 2939 2161 2948 ·
2195 2925 2273 2962 Οὐκ
2289 2923 2401 2967 ἔξεστί

1375 2999 1428 3021 σοι
1448 2983 1540 3034 ἔχειν
1559 2982 1622 3029 τὴν
1638 2987 1698 3020 τοῦ
1718 2984 1866 3034 ἀδελφοῦ
1884 2997 1943 3020 σου
1961 2987 2122 3034 γυναῖκα.
2156 2980 2306 3023 Βλέπεις
2325 2983 2399 3024 πῶς

1373 3041 1464 3079 κατὰ
1486 3041 1585 3092 φύσιν
1604 3043 1646 3091 τῇ
1666 3042 1770 3092 ἀρετῇ
1786 3040 1826 3078 τὸ
1842 3039 1964 3092 ἄρχειν
1982 3042 2044 3086 τῆς
2064 3039 2207 3087 κακίας;
2237 3038 2400 3091 ἹΙρώδης

1374 3099 1548 3150 βασιλεὺς,
1568 3098 1775 3151 δορυφόρους
1795 3098 1904 3150 ἔχων,
1921 3100 2066 3136 πλοῦτον
2087 3096 2398 3148 περιὸεὸλημένος,

1373 3157 1590 3195 δυναστεύων
1612 3156 1799 3208 βασιλικὴν
1816 3155 2021 3194 δυναστείαν
2034 3171 2042 3180 ·
2062 3155 2228 3201 Ἰωάννης
2243 3153 2398 3205 πτωχὸς,

1373 3216 1545 3262 ἀνέστιος,
1566 3215 1706 3261 ἄπολις,
1729 3213 1910 3264 ἀκτήμων,
1934 3214 2062 3261 ἄσιτος,
2081 3217 2240 3251 τοσοῦτον
2262 3211 2398 3256 ἐσθίων,

1371 3273 1449 3311 ὅσον
1468 3278 1489 3320 ἡ
1510 3273 1609 3325 φύσις
1630 3272 1796 3324 βιάζεται.
1829 3271 1873 3309 ‘O
1894 3271 2191 3325 περιόεὸλημένος
2210 3273 2248 3308 ἐκ
2266 3271 2396 3320 τριχῶν

1372 3331 1531 3380 καμήλου
1545 3358 1555 3376 ,
1580 3333 1630 3381 τῷ
1654 3330 1716 3376 τὴν
1737 3329 1932 3382 πορφυρίδα
1948 3327 2238 3381 περιὸεὸλημένῳ
2254 3329 2399 3375 νομοθε-

1372 3393 1439 3425 τεῖ·
1461 3391 1478 3425 6
1501 3390 1535 3425 ἐν
1552 3394 1627 3430 ταῖς
1647 3386 1789 3438 ἐρήμοις
1815 3386 2068 3438 πορευόμενος,
2088 3388 2138 3437 τῷ
2158 3386 2225 3422 τῶν
2247 3382 2398 3421 πολυάν-
