2522 3683
140 1320 254 1398 Zlalth.
279 1317 328 1361 14·

139 3007 324 3039 Ilebr·.8.12.

357 163 448 211 662

354 262 441 300 utile
457 262 511 300 illi
530 264 610 310 fuit,
626 273 665 303 ut
680 266 849 318 pejeraret
874 284 880 304 ε
904 282 985 307 nam
1016 270 1050 307 in
1073 271 1251 309 malorum
1272 271 1334 309 de-
1355 284 1386 310 42

352 315 445 353 lectu
466 316 577 354 satius
597 317 666 356 fuit
690 319 808 358 minus
826 320 1024 360 admittere.
1058 324 1182 370 Misit,
1213 332 1250 360 et
1272 326 1334 362 de-
1356 322 1381 350 Α

352 368 512 406 collavit
532 369 662 421 ipsum.
683 372 772 418 Quae
790 372 936 412 dextera
954 389 1037 414 ausa
1054 384 1119 425 est,
1143 375 1332 414 dileetissi-

351 421 413 469 mi,
430 420 591 472 gladium
605 423 640 461 in
656 435 811 474 sanctam
825 427 999 465 cervicem
1013 428 1158 467 Joannis
1176 429 1332 481 injicere,

351 487 457 524 quam
487 474 523 512 in
545 475 682 514 deserto
701 478 827 515 belluae
848 480 1110 530 reverebantur,
1130 495 1238 531 quam
1259 482 1331 520 leo-

349 540 409 564 nes
427 528 633 577 tremebant,
654 544 762 580 quam
781 541 921 569 cerasta:
934 547 974 570 ac
993 532 1161 571 dracones
1180 544 1213 572 et
1232 535 1328 587 aspi-

348 579 410 617 des
425 579 629 625 horrebant,
650 597 758 632 qnam
785 597 866 635 apes
887 585 1079 637 sylvestres
1099 596 1243 639 propter
1259 588 1331 626 viri

348 632 568 670 sanctitatem
584 633 704 672 labore
719 635 863 674 cellulas
875 647 1038 689 parantes
1052 639 1220 677 alebant?
1238 641 1331 679 Nam

347 699 393 723 ex
411 684 519 723 variis
539 685 685 725 floribus
718 697 824 739 atque
841 689 960 727 herbis
989 691 1025 729 in
1057 692 1205 740 deserto,
1232 693 1331 732 velut

347 737 605 776 emendicantes
622 741 781 779 aureolas
795 742 884 779 roris·
904 752 1035 793 guttas,
1058 745 1249 783 conflatum
1260 760 1280 783 a
1294 760 1331 784 se

347 791 416 827 mel
445 791 500 828 illi
532 792 737 831 offerebant.
758 794 856 832 Hanc
875 796 1052 834 carnificis
1071 811 1196 835 manus
1214 799 1330 836 absci-

346 843 414 887 dit,
436 858 548 894 neque
569 845 722 883 similem
747 847 880 899 angelis
894 849 1038 887 vultum
1058 850 1134 901 ejus
1160 851 1327 888 reformi-

346 895 459 941 davit,
483 911 552 934 non
572 898 740 947 tremuit,
764 914 832 937 non
853 901 1002 938 reverita
1021 911 1071 939 est
1102 902 1229 940 faciem
1252 904 1328 954 ejus

344 948 512 987 divinum
532 951 762 1002 ejaculantem
784 952 1018 1004 splendorem.
1039 954 1111 992 Sed
1132 965 1329 994 excaecatus

345 1001 472 1053 opinor
490 1003 536 1040 ab
555 1003 705 1041 Herodis
725 1005 904 1053 ebrietate,
926 1005 989 1055 qni
1004 1006 1132 1043 missus
1148 1016 1199 1043 est
1213 1008 1328 1045 carni-

344 1054 537 1102 fex,ensem
550 1055 694 1105 quidem
708 1056 849 1103 habuit,
862 1058 982 1095 oculos
996 1071 1081 1095 vero
1100 1072 1169 1095 non
1187 1059 1325 1098 habuit.

345 1106 391 1143 Et
413 1108 609 1145 abscissum
639 1117 690 1144 est
714 1118 821 1159 caput
843 1110 989 1147 Joannis
1009 1112 1093 1158 (non
1124 1111 1218 1148 enim
1248 1126 1328 1150 um-

344 1173 451 1208 quam
465 1160 592 1197 vinum
606 1160 770 1209 biberat),
783 1170 816 1198 et
831 1161 1043 1199 efferebatur
1057 1162 1093 1200 in
1105 1162 1203 1201 disco
1222 1175 1327 1217 caput

343 1213 488 1250 Joannis
507 1213 543 1250 in
571 1213 751 1262 convivio,
784 1222 861 1250 tum
894 1228 1034 1265 quoque
1064 1215 1259 1254 vociferans
1279 1217 1325 1257 ad

342 1263 534 1314 Herodem,
560 1267 651 1303 Non
671 1266 759 1303 licet
774 1268 843 1303 tibi
860 1268 1003 1304 habere
1019 1281 1184 1321 usrorem⁴
1186 1270 1326 1320 fratris

344 1318 562 1356 tui.Etenim
584 1319 688 1356 etiam
711 1328 792 1370 post
811 1328 961 1357 mortem
982 1319 1126 1358 vivebat
1136 1321 1269 1373 justus,
1291 1332 1326 1361 et

341 1370 495 1409 abscisso
514 1371 627 1424 capite
646 1385 718 1409 vox
736 1371 811 1423 ipsa
826 1372 931 1410 vivit.
953 1374 984 1411 O
996 1373 1150 1411 hominis
1170 1375 1323 1414 crudeli-

340 1432 447 1461 tatem
465 1424 474 1463 !
490 1425 531 1462 In
554 1439 625 1476 quo
639 1423 736 1462 disco
750 1424 876 1463 edebat
898 1439 1029 1475 carnes,
1049 1426 1079 1464 ei
1099 1436 1205 1478 caput
1221 1429 1323 1467 Joan-

339 1476 394 1514 nis
419 1477 603 1529 imposuit.
637 1479 668 1515 O
688 1477 809 1528 inique
835 1476 1008 1530 tyranne!
1027 1493 1097 1517 non
1123 1479 1324 1519 sufficiebat

338 1528 400 1567 illa
416 1545 534 1568 recens
554 1540 718 1568 natorum
736 1545 930 1582 puerorum
952 1545 971 1568 a
987 1531 1107 1583 priore
1123 1531 1185 1569 illo
1212 1532 1323 1571 Hero-

338 1581 437 1620 dein
468 1583 648 1621 Bethleem
679 1592 817 1636 patrata
846 1583 969 1631 caedeS,
993 1598 1075 1622 cum
1109 1594 1253 1636 patrum
1281 1601 1322 1625 ac

338 1644 495 1673 matrum
515 1636 647 1688 pariter
674 1636 873 1687 lugentium
893 1636 1044 1688 ejulatus
1061 1638 1207 1688 spiculis
1232 1652 1319 1676 acu-

338 1688 445 1725 tiores
474 1689 710 1738 audirentur;
746 1702 827 1725 cum
846 1689 996 1741 copiosae
1016 1690 1176 1727 fusarum
1196 1690 1319 1743 lacry-

337 1753 477 1777 marum
495 1751 602 1792 guttae
621 1757 665 1779 ex
678 1741 875 1780 visceribus
888 1742 1116 1780 scaturientes
1133 1743 1243 1780 fontes
1261 1758 1320 1781 su-

337 1804 515 1844 perarent3
531 1809 612 1831 enm
627 1804 770 1847 patrum
792 1804 932 1846 pectora
952 1795 1186 1832 tunderentur
1197 1805 1318 1834 etcon-

337 1846 434 1883 tinua
444 1847 596 1899 suspiria
610 1847 785 1894 laboriose
800 1861 845 1884 ex
862 1847 968 1884 corde
983 1847 1028 1884 ad
1042 1862 1102 1885 ora
1118 1848 1319 1887 emitteren-

337 1907 406 1947 tur;
417 1914 497 1936 euin
506 1908 635 1936 matres
645 1900 823 1937 viscerum
832 1914 979 1937 suorum
991 1914 1134 1951 gramen
1146 1910 1226 1938 ante
1233 1910 1319 1939 tem-

348 1966 404 1988 )us
415 1952 805 2000 a1·efactum,siliossuos
816 1953 989 2002 lugerent3
1004 1966 1085 1990 cum
1092 1953 1199 1990 etiam
1210 1954 1319 1992 ubera

336 1965 391 2041 lac
407 2004 623 2042 effundentia
639 2014 767 2042 terram
781 2005 931 2043 candore
948 2004 1123 2056 tingerent
1137 2021 1146 2053 ;
1166 2020 1248 2044 cum
1263 2007 1318 2044 in-
1340 2002 1363 2032 C

336 2057 460 2106 santes,
483 2057 543 2108 qui
569 2072 607 2095 ea
627 2058 814 2109 sugebant,
835 2056 1023 2109 derepente
1037 2058 1194 2110 jugulati
1221 2060 1318 2111 jace-

335 2118 413 2146 rent
433 2125 444 2158 3
467 2124 549 2147 cum
569 2120 755 2162 parentum
769 2111 866 2149 sinus
882 2112 955 2147 suis
971 2110 1183 2162 pignoribus
1202 2112 1318 2150 orbati

336 2171 461 2207 essent,
479 2177 561 2200 cum
589 2172 744 2201 matrum
766 2164 874 2201 ubera
901 2162 1135 2200 delicatorum
1159 2163 1319 2203 dentium

335 2214 517 2253 mordaces
538 2215 758 2253 titillationes
777 2215 1019 2267 requirerent?
1039 2216 1131 2253 Nam
1146 2230 1223 2266 quae
1241 2226 1318 2255 tan-

336 2267 418 2304 dem
436 2268 556 2305 bellua
574 2282 643 2305 non
662 2268 828 2318 flevisset,
851 2282 931 2305 cum
960 2268 1107 2307 Vidisset
1123 2268 1243 2319 inique
1262 2284 1319 2307 oc—

337 2320 407 2357 cidi
424 2320 623 2358 innoeentes
645 2321 807 2371 infantes,
828 2334 982 2372 quorum
1010 2320 1136 2358 animae
1155 2322 1201 2358 ab
1222 2323 1319 2360 omni

335 2373 475 2425 penitus
494 2373 618 2411 fraude
631 2374 753 2412 alienae
768 2383 866 2412 erant
879 2403 891 2423 ,
913 2387 1066 2424 quorum
1093 2373 1218 2412 animae
1246 2384 1319 2413 tam

336 2436 434 2464 erant
449 2426 601 2464 insontes
615 2441 721 2477 quam
734 2428 861 2465 tenella
878 2427 1049 2473 membra,
1067 2435 1189 2479 utpote
1201 2427 1321 2466 adhuc

336 2478 556 2517 infantium?
575 2479 645 2517 Sed
664 2480 840 2530 numquid
859 2489 892 2518 et
911 2479 963 2517 illi
986 2479 1140 2531 priorem
1158 2489 1192 2517 te
1212 2480 1318 2518 illum

338 2531 514 2569 Herodem
547 2532 860 2586 reprehenderunt,
899 2532 1031 2584 quibus
1057 2546 1170 2583 neque
1195 2532 1317 2585 lingua

336 2584 404 2620 suit
443 2585 589 2635 diserta,
619 2600 731 2636 neque
764 2585 884 2624 dentes
929 2585 966 2623 in
1000 2599 1073 2636 ore,
1106 2594 1145 2623 ut
1175 2586 1316 2637 lingna,

338 2636 604 2676 circumvallata
634 2653 695 2690 per
721 2638 815 2676 labia
836 2652 1032 2677 sermonem
1064 2638 1316 2677 effunderent?

337 2689 415 2726 Non
436 2691 574 2728 suffecit
588 2692 734 2729 illorum
744 2700 840 2728 tanta
854 2691 1058 2729 crudelitas.
1073 2693 1210 2730 Verum
1225 2701 1258 2729 et
1278 2701 1316 2729 tu

337 2740 435 2779 illins
449 2742 703 2781 immanitatem
719 2744 892 2791 imitatus,
913 2743 1059 2783 Joannis
1078 2744 1230 2782 cervices
1245 2745 1319 2782 fre-

338 2793 434 2843 gisti,
455 2795 554 2845 cnjus
576 2797 632 2833 vel
652 2810 763 2833 unuin
786 2797 957 2849 capillum
976 2796 1089 2848 pretio
1107 2811 1176 2834 non
1196 2811 1315 2848 aequa-

338 2846 414 2883 bas.
438 2847 546 2884 Filios
568 2849 728 2886 Rachelis
762 2849 822 2887 ille
841 2849 1047 2898 trucidavit,
1080 2859 1119 2887 tu
1152 2850 1318 2888 Ecclesiae

337 2898 517 2937 doctorem
525 2902 692 2938 Joannem
709 2902 922 2941 exstinxisti.
936 2902 1077 2950 Quibus
1092 2902 1222 2939 horum
1238 2917 1319 2955 pro-

338 2952 448 3003 pitius
462 2966 520 2989 ero
539 2953 602 2990 tibi
620 2954 637 2990 9
655 2953 742 2990 dicit
761 2954 946 2993 Dominus.
967 2956 999 2993 O
1016 2955 1141 2993 civitas
1170 2955 1317 3007 sangui-

338 3018 438 3053 num,
471 3005 506 3042 in
525 3019 595 3055 qua
624 3005 778 3043 Herodes
796 3008 968 3057 regnavit,
991 3016 1020 3044 et
1037 3007 1160 3045 eodem
1179 3008 1321 3046 nomine

339 3057 527 3108 insignitus
541 3059 616 3109 ejus
633 3058 744 3107 filius,
763 3059 956 3109 iisdemque
969 3060 1128 3097 moribus
1143 3060 1315 3100 imbutus!

338 3110 405 3148 Hei
428 3110 532 3160 mihi,
554 3110 616 3161 qui
645 3110 813 3149 videntur
831 3112 915 3147 recti
937 3111 1071 3149 ordinis
1098 3122 1131 3150 et
1161 3112 1321 3151 modera-

339 3163 445 3201 tionis
466 3177 539 3201 esse
551 3172 725 3213 auctores,
748 3163 770 3199 ii
795 3163 1069 3214 perturbationis
1087 3173 1120 3202 et
1143 3166 1320 3203 confusio-

340 3216 394 3253 nis
420 3225 501 3254 sunt
529 3215 705 3268 principes
748 3215 962 3267 Hujusmodi
1000 3216 1141 3267 regibus
1184 3217 1322 3255 subditi

383 3351 394 3364 π
420 3339 576 3379 [Additur
592 3341 624 3372 in
645 3350 749 3383 marg.
769 3338 870 3373 Sav'il.
890 3342 966 3381 alsam.
985 3343 1015 3372 οὐ
1033 3342 1208 3382 παίζουσα]

1320 190 1492 221 SPURIA.

1410 274 1534 326 ράσται
1561 276 1620 313 καὶ
1645 277 1826 330 δράκοντες
1842 279 1900 317 καὶ
1918 279 2060 323 ἀσπίδες
2081 280 2230 333 ἔφριξαν,
2252 283 2287 321 ὃν
2309 283 2425 335 ἄγριαι

1407 326 1571 376 μέλισσαι
1590 329 1646 367 διὰ
1664 331 1727 377 τὴν
1746 335 1805 370 τοῦ
1826 332 1947 385 ἀνδρὸς
1973 333 2140 384 ἁγιότητα
2167 335 2426 386 καμαρεύουσαι

1405 379 1563 432 ἔτρεφον;
1580 381 1645 420 Ἐκ
1666 382 1733 434 γὰρ
1753 384 1920 423 ποικίλων
1938 388 2048 424 ἀνθῶν
2063 386 2122 423 καὶ
2142 389 2310 437 βοτανῶν,
2330 390 2376 431 ὡς
2390 390 2424 426 ἐν

1404 432 1523 485 ἐρήμῳ
1544 435 1782 486 ἐρανιζόμεναι
1800 440 1869 475 τῶν
1889 437 2020 489 δρόσων
2039 438 2100 482 τὰς
2117 440 2285 490 σταγόνας
2301 456 2325 491 χ
2330 456 2426 493 ρυσο-

1403 486 1520 530 ειδεῖς,
1540 488 1803 541 συνυφαίνουσαι
1818 491 1911 542 αὐτῷ
1930 490 1968 528 τὸ
1987 490 2067 541 μέλι
2086 492 2313 545 προσέφερον.
2335 495 2426 531 Τοῦ-

1401 553 1458 576 τον
1478 538 1556 592 χεὶρ
1577 541 1686 592 δημία
1706 541 1890 593 ἀπέτεμεν,
1921 546 1957 581 οὗ
1985 544 2133 597 φρίξασα
2152 545 2191 582 τὸ
2211 545 2426 595 ἀγγελοειδὲς

1402 593 1504 630 αὐτοῦ
1523 592 1720 645 πρόσωπον,
1741 594 1815 633 οὐδὲ
1835 595 2042 648 τρομάσασα
2062 600 2164 635 αὐτοῦ
2180 597 2219 635 τὸ
2229 598 2423 653 ,πρόσωπον

1401 645 1652 692 στιλπνότητας
1672 648 1830 691 θεοειδεῖς
1848 648 2068 699 ἀποπέμπον.
2097 650 2188 688 Ἀλλ’
2216 655 2312 701 οἶμαι
2328 682 2337 698 ,
2371 652 2424 689 ὅτι

1400 700 1441 744 τῆ
1465 698 1551 751 μέθῃ
1571 702 1632 755 τοῖό
1653 700 1810 754 Ἡρώδου
1830 701 2014 744 σκοτωθεὶς
2040 706 2058 741 ὃ
2085 702 2252 757 πεμφθεὶς
2285 704 2423 753 δήμιος,

1402 741 1495 803 ξίφος
1518 751 1579 802 μὲν
1598 757 1706 805 εἶχεν,
1728 754 1924 806 ὀφθαλμοὺς
1944 754 1978 792 δὲ
1995 757 2056 792 οὐκ
2076 758 2159 807 εἶχε.
2177 756 2249 810 Ka}
2262 755 2423 806 ἐτέμνετο

1399 807 1420 850 ἡ
1443 804 1575 857 κεφαλὴ
1607 805 1767 845 Ἰωάννου
1804 809 1841 859 a(
1854 809 1891 845 οὐ
1918 806 1985 858 γὰρ
2007 807 2082 846 ἔπιέ
2101 823 2186 846 ποτε
2216 812 2303 847 οἶνον
2315 809 2339 859 ),
2365 809 2424 846 καὶ

1400 856 1539 909 ἐφέρετο
1559 858 1616 896 ἐπὶ
1635 860 1755 897 πίνακι
1775 863 1795 906 ἡ
1818 859 1951 912 κεφαλὴ
1969 860 2131 899 Ἰωάννου
2153 862 2188 898 ἐν
2208 864 2257 898 τῶ
2273 861 2422 914 δείπνῳ,

1399 910 1457 946 καὶ
1474 910 1552 948 τότε
1577 913 1694 962 βοῶσα
1713 912 1798 964 πρὸς
1817 912 1996 964 Ἡρώδην,
2025 915 2100 952 Οὐκ
2123 913 2232 957 ἔξεστί
2252 930 2306 952 σοι
2331 913 2423 966 ἔχειν

1398 960 1462 1007 τὴν
1486 969 1634 1014 γυναῖκα
1652 968 1711 1002 τοῦ
1732 967 1878 1017 ἀδελφοῦ
1901 982 1970 1004 σου.
1994 967 2067 1005 Καὶ
2086 966 2152 1018 γὰρ
2172 967 2230 1004 καὶ
2252 966 2339 1017 μετὰ
2359 967 2423 1004 θά-

1398 1029 1498 1052 νατον
1519 1019 1536 1053 ὁ
1556 1016 1686 1060 δίκαιος
1713 1016 1788 1064 ἔζη,
1817 1018 1876 1056 καὶ
1894 1022 1956 1065 τῆς
1971 1021 2123 1070 κεφαλῆς
2140 1022 2242 1057 αὐτοῦ
2260 1022 2421 1073 ἀποτμη-

1399 1066 1514 1113 θείσης
1529 1072 1549 1115 ἡ
1567 1068 1663 1120 φωνὴ
1680 1072 1733 1120 ζῇ.
1747 1069 1796 1107 Ὢ
1812 1070 1951 1119 ὠμότης
1971 1070 2152 1121 ἀνθρώπου
2171 1088 2178 1095 ·
2203 1074 2253 1124 ἐφ’
2273 1076 2300 1124 ᾧ
2320 1073 2419 1119 ἤσθιε

1397 1117 1517 1157 πίνακι
1537 1120 1581 1158 τὰ
1601 1121 1704 1172 κρέα,
1727 1123 1782 1159 ἐπ’
1804 1123 1923 1174 ἐκείνῳ
1940 1123 2093 1175 κεφαλὴν
2117 1125 2236 1176 ἀνδρὸς
2258 1125 2419 1163 ἐπετίθει.

1395 1167 1443 1208 ’Ὼ
1469 1173 1650 1225 παράνομε
1670 1175 1832 1226 τύραννε,
1854 1176 1916 1212 οὐκ
1942 1175 2086 1228 ἤρκεσεν
2107 1177 2173 1214 ὑπὸ
2191 1181 2251 1214 τοῦ
2271 1177 2339 1230 πρὸ
2358 1183 2418 1216 σοῦ

1396 1222 1553 1277 Ἡρώδου
1574 1229 1596 1273 ἡ
1615 1229 1684 1264 τῶν
1710 1230 1842 1279 νεαρῶν
1870 1226 1999 1265 τέκνων
2019 1229 2054 1265 ἐν
2078 1227 2236 1278 Βηθλεὲμ
2258 1236 2418 1281 γεγονυῖα

1395 1283 1530 1334 σφαγὴ,
1552 1284 1608 1323 ὅτε
1624 1285 1783 1340 πατέρων
1801 1286 1860 1324 καὶ
1881 1287 2040 1340 μητέρων
2060 1287 2247 1338 ὀλολυγμοὶ
2267 1288 2420 1342 ὃμόθρη-

1394 1355 1445 1377 νοι
1465 1340 1609 1385 ζιὸύνων
1634 1346 1789 1396 ὑπῆρχον
1810 1343 1981 1396 ὀξύτεροι,
2004 1345 2060 1382 ὅτε
2088 1345 2243 1398 δακρύων
2263 1346 2418 1398 πολυχύ-

1392 1414 1460 1437 των
1474 1400 1635 1452 σταγόνες
1648 1403 1687 1440 ἐκ
1695 1402 1904 1454 σπλάγχνων
1918 1403 2148 1457 ἀναὸρύουσαι
2161 1403 2280 1442 ἐνίκων
2292 1403 2418 1455 πηγάς,

1392 1456 1448 1496 ὅτε
1475 1459 1635 1512 πατέρων
1664 1462 1772 1508 στήθη
1795 1461 2001 1510 ἐτύπτοντο,
2021 1463 2080 1500 καὶ
2101 1467 2227 1516 συνεχῆ
2253 1463 2418 1514 ἄσθματα

1393 1518 1480 1568 μετὰ
1499 1519 1611 1558 πόνων
1636 1521 1676 1557 ἐκ
1694 1520 1838 1572 καρδίας
1860 1521 1917 1558 ἐπὶ
1937 1521 2124 1574 μυκτήρων
2143 1523 2340 1573 ἐπέμπετο,
2359 1523 2418 1562 ὅτε

1391 1577 1537 1629 μητέρες
1562 1580 1630 1615 τῶν
1651 1577 1784 1616 οἰκείων
1804 1578 1959 1630 λαγόνων
1979 1579 2042 1626 τὴν
2067 1580 2175 1632 χλόην
2197 1583 2266 1619 τῶν
2285 1581 2416 1629 νηπίων

1389 1636 1485 1689 παρὰ
1518 1636 1637 1690 καιρὸν
1672 1641 1904 1689 μαρανθεῖσαν
1933 1638 2117 1686 ἐπένθουν,
2138 1638 2196 1677 ὅτε
2225 1640 2284 1677 καὶ
2317 1640 2418 1691 μαζοὶ

1393 1697 1524 1748 ῥέοντες
1549 1695 1640 1746 γάλα
1669 1695 1732 1742 τὴν
1765 1700 1829 1747 γῆν
1860 1696 2068 1744 ἐλεύκαινον,
2098 1700 2166 1734 τῶν
2201 1698 2417 1750 ὓφελκόντων

1390 1753 1523 1801 νηπίων
1544 1754 1641 1806 ἄφνω
1664 1755 1888 1806 σφαγέντων,
1914 1755 1972 1794 ὅτε
1998 1754 2158 1807 πατέρων
2179 1756 2330 1807 ἀγκάλαι
2349 1760 2417 1795 τῶν

1390 1814 1526 1852 οἰκείων
1554 1815 1664 1866 γόνων
1694 1814 1791 1853 κεναὶ
1825 1814 1996 1867 ἐγίνοντο,
2027 1815 2087 1853 καὶ
2121 1815 2280 1868 μητέρων
2315 1818 2417 1867 μαζοὶ

1388 1871 1464 1916 τοὺς
1476 1874 1545 1912 ἀπὸ
1558 1876 1625 1911 τῶν
1636 1877 1812 1926 τρυφερῶν
1828 1873 1975 1912 ὀδόντων
1990 1873 2206 1926 κνησμώδεις
2220 1875 2418 1927 τιτθισμοὺς

1389 1931 1576 1979 ἐπεζήτουν
1590 1948 1599 1979 3
1616 1933 1721 1976 Ποῖος
1739 1931 1807 1986 γὰρ
1820 1932 1884 1985 θὴρ
1898 1932 1978 1971 τότε
1988 1935 2049 1971 οὐκ
2063 1932 2307 1984 ἐπεδάκρυσεν,
2327 1937 2414 1987 ὁρῶν

1388 1989 1599 2041 φονευόμενα
1617 1990 1661 2029 τὰ
1682 1991 1796 2029 ἄκακα
1821 1991 1930 2038 νήπια
1960 1991 2113 2037 ἀδίκως,
2135 1991 2277 2034 ἀδόλους
2302 1991 2416 2044 ψυχὰς

1388 2049 1606 2099 κεκτημένα;
1626 2044 1673 2087 ῶν
1695 2053 1730 2088 αἱ
1749 2050 1860 2102 ψυχαὶ
1885 2055 2045 2089 τοσοῦτον
2063 2045 2151 2097 ἦσαν
2172 2050 2317 2098 ἄκακοι,
2336 2051 2415 2090 ὅσον

1388 2106 1448 2143 καὶ
1477 2106 1522 2144 τὰ
1550 2107 1637 2158 μέλη
1667 2110 1778 2146 αὐτῶν
1811 2108 1964 2161 τρυφερὰ
1986 2108 2046 2146 ἅτε
2066 2107 2198 2154 νηπίων
2228 2108 2416 2160 ἐτύγχανε;

1389 2165 1450 2212 Μὴ
1470 2165 1538 2218 γὰρ
1557 2169 1701 2205 κάκεῖνα
1730 2167 1787 2205 τὸν
1814 2166 1882 2219 πρὸ
1911 2171 1971 2204 σοῦ
2002 2166 2164 2220 Ἡρώδην
2191 2166 2352 2218 ἤλεγξαν,
2368 2162 2418 2211 οἷς

1389 2224 1467 2262 οὔτε
1481 2226 1624 2276 γλῶσσα
1643 2225 1751 2277 τρανὴ
1771 2227 1939 2278 ὑπῆρχεν,
1963 2225 2041 2263 οὔτε
2060 2225 2195 2268 ὀδόντες
2215 2227 2248 2263 ἐν
2267 2229 2317 2278 τῷ
2337 2226 2416 2264 στό-

1391 2299 1495 2333 ματι,
1515 2282 1571 2321 ἵνα
1594 2283 1657 2330 τὴν
1674 2286 1835 2334 γλῶσσαν
1858 2283 2120 2337 τορνεύσαντες,
2135 2282 2235 2335 λόγον
2260 2283 2316 2321 διὰ
2334 2300 2413 2336 χει-

1389 2340 1477 2379 λέων
1504 2341 1750 2394 ἐκπέμψωσιν,
1769 2343 1845 2380 Οὐκ
1864 2341 2009 2395 ἤρκεσεν
2038 2342 2056 2360 *
2069 2341 2206 2379 ἐκείνων
2228 2344 2248 2387 ἡ
2264 2342 2413 2390 τοσαύτη

1390 2399 1541 2450 ὠμότης.
1559 2401 1664 2439 Ἀλλὰ
1683 2400 1741 2438 καὶ
1764 2399 1804 2438 σὺ
1824 2401 1863 2439 τὸ
1892 2401 2115 2453 ἄσπλαγχνον
2144 2400 2274 2438 ἐκείνου
2305 2417 2417 2452 μιμη-

1391 2457 1537 2509 σάμενος
1548 2488 1557 2505 ,
1573 2459 1735 2506 Ἰωάννην
1753 2459 1940 2510 ἀπέτεμες,
1957 2454 1994 2498 οἷ
2017 2466 2097 2510 μιᾶς
2111 2459 2228 2512 τριχὸς
2244 2462 2306 2497 οὐκ
2325 2453 2415 2505 ἦσθα

1390 2517 1556 2561 ἀντάξιος.
1578 2517 1669 2562 Τοὺς
1690 2519 1808 2570 γόνους
1827 2522 1888 2565 τῆς
1902 2518 2043 2570 Ῥαχὴλ
2062 2517 2256 2570 ἀπέσφαξεν
2278 2521 2415 2565 ἐκεῖνος,

1388 2575 1446 2613 καὶ
1468 2575 1508 2614 σὺ
1525 2580 1588 2623 τῆς
1604 2576 1819 2623 Ἐκκλησίας
1844 2577 1902 2615 τὸν
1920 2576 2112 2623 παιδευτὴν
2136 2576 2303 2623 Ἰωάννην
2325 2576 2415 2614 ἀπέ-

1387 2651 1502 2686 τεμες.
1525 2634 1645 2679 Ποίοις
1660 2635 1790 2673 τούτων
1807 2635 1908 2679 ἵλεως
1923 2635 2048 2685 ἔσομαί
2068 2651 2143 2682 σοι;
2166 2634 2261 2685 λέγει
2277 2634 2414 2686 Κύριος.

1387 2690 1439 2731 Ὢ
1460 2693 1559 2736 πόλις
1587 2693 1758 2744 αἱμάτων,
1787 2696 1820 2732 ἐν
1841 2689 1864 2745 ᾗ
1884 2693 2044 2746 (Ηρώδης
2064 2693 2288 2741 ἐέασίλευσε,
2318 2693 2377 2730 καὶ
2397 2697 2414 2731 ὁ

1389 2751 1509 2790 τούτου
1540 2751 1677 2803 ἔκγονος
1707 2751 1910 2804 ὁμώνυμος,
1946 2752 2005 2790 καὶ
2034 2759 2104 2795 τοῖς
2123 2752 2262 2804 τρόποις
2284 2752 2412 2802 ὅμοιος.

1390 2809 1499 2862 Οἴμοι
1512 2839 1522 2856 ,
1541 2813 1572 2850 οἱ
1592 2812 1766 2854 δοκοῦντες
1788 2804 1875 2849 εἶναι
1899 2814 1961 2858 τῆς
1979 2810 2153 2855 εὐταξίας,
2175 2805 2268 2849 οὗτοι
2283 2810 2413 2863 ἡγεμό-

1391 2883 1444 2911 νες
1460 2871 1521 2915 τῆς
1541 2867 1683 2912 ἀταξίας
1701 2868 1914 2920 γεγένηνται.
1931 2867 2021 2907 Ὑπὸ
2033 2872 2101 2906 τῶν
2120 2868 2281 2907 τοιούτων
2306 2868 2414 2920 ἀρχό·

1393 2943 1488 2978 μενοι
1507 2929 1538 2965 οἱ
1554 2927 1735 2974 Ἰουδαῖοι,
1764 2926 1821 2965 τὸν
1843 2926 1943 2978 φόνον
1968 2927 2028 2965 ὑπ’
2058 2929 2169 2964 αὐτῶν
2196 2927 2415 2978 διδαχθέντες

1392 2989 1439 3030 εἷς
1465 3003 1489 3038 χ
1494 2985 1726 3039 ριστοκτονίαν
1754 2984 2246 3033 συνηλάθησαν,τὸνἹΙσαίαν
2276 2985 2414 3036 ἐνέπρι-

1392 3061 1469 3093 σαν,
1485 3045 1542 3084 τὸν
1562 3044 1733 3096 Ἱερεμίαν
1753 3044 1971 3091 ἀπέκτειναν,
1992 3045 2049 3083 τὸν
2070 3044 2249 3083 Ναὸουθαὶ
2263 3043 2413 3082 ε’λιθοόό-

1391 3107 1517 3152 λησαν,
1535 3103 1592 3141 τὸν
1616 3102 1798 3155 Ζαχαρίαν
1819 3102 2017 3155 ἐφόνευσαν,
2035 3103 2092 3141 τὸν
2115 3102 2265 3156 Χριστὸν
2286 3101 2414 3140 ἐσταύ-

1396 3178 1521 3217 ρωσαν.
1541 3162 1631 3199 Ἀλλ’
1650 3160 1790 3204 ἐκείνοις
1809 3161 1847 3199 τὸ
1867 3162 1923 3199 ἐπὶ
1939 3167 2009 3204 τοῖς
2027 3167 2145 3204 κακοῖς
2165 3159 2285 3203 πένθος
2304 3175 2412 3198 κατα-

1393 3221 1588 3272 λείψαντες,
1604 3219 1661 3258 ἐπὶ
1674 3219 1713 3257 τὸ
1726 3222 1788 3265 τῆς
1804 3219 2048 3269 μυσταγωγίας
2066 3218 2187 3270 φέγγος
2207 3217 2413 3270 ἀναδράμω-

1453 3342 1468 3357 ‘⁴²
1494 3341 1594 3373 Forte
1611 3345 1728 3381 ἐκείνου,
1746 3340 1853 3382 inquit
1868 3338 1967 3372 Savil.
